{"id": "battle-gen9randombattle-109", "formatid": "gen9randombattle", "format": "[Gen 9] Random Battle", "players": ["p0x009dafc", "p0y009b02a"], "log": "|init|battle\n|title|p0x009dafc vs. p0y009b02a\n|j|\u2606p0x009dafc\n|j|\u2606p0y009b02a\n|t:|1783402029\n|gametype|singles\n|player|p1|p0x009dafc|1|\n|player|p2|p0y009b02a|102|\n|gen|9\n|tier|[Gen 9] Random Battle\n|rule|Species Clause: Limit one of each Pok\u00e9mon\n|rule|HP Percentage Mod: HP is shown in percentages\n|rule|Sleep Clause Mod: Limit one foe put to sleep\n|rule|Illusion Level Mod: Illusion disguises the Pok\u00e9mon's true level\n|\n|t:|1783402029\n|teamsize|p1|6\n|teamsize|p2|6\n|start\n|switch|p1a: Sinistcha|Sinistcha, L83|100/100\n|switch|p2a: Tatsugiri|Tatsugiri, L87, M|260/260\n|turn|1\n|inactive|Battle timer is ON: inactive players will automatically lose when time's up. (requested by p0y009b02a)\n|inactive|p0x009dafc also wants the timer to be on.\n|\n|t:|1783402029\n|move|p2a: Tatsugiri|Nasty Plot|p2a: Tatsugiri\n|-boost|p2a: Tatsugiri|spa|2\n|move|p1a: Sinistcha|Calm Mind|p1a: Sinistcha\n|-boost|p1a: Sinistcha|spa|1\n|-boost|p1a: Sinistcha|spd|1\n|\n|upkeep\n|turn|2\n|inactive|Time left: 300 sec this turn | 300 sec total\n|\n|t:|1783402030\n|move|p2a: Tatsugiri|Nasty Plot|p2a: Tatsugiri\n|-boost|p2a: Tatsugiri|spa|2\n|move|p1a: Sinistcha|Matcha Gotcha|p2a: Tatsugiri\n|-damage|p2a: Tatsugiri|128/260\n|\n|upkeep\n|turn|3\n|inactive|Time left: 300 sec this turn | 300 sec total\n|\n|t:|1783402030\n|move|p2a: Tatsugiri|Draco Meteor|p1a: Sinistcha\n|-damage|p1a: Sinistcha|0 fnt\n|-unboost|p2a: Tatsugiri|spa|2\n|faint|p1a: Sinistcha\n|\n|upkeep\n|\n|t:|1783402030\n|switch|p1a: Jolteon|Jolteon, L84, F|100/100\n|turn|4\n|inactive|Time left: 300 sec this turn | 300 sec total\n|\n|t:|1783402030\n|move|p1a: Jolteon|Thunderbolt|p2a: Tatsugiri\n|-damage|p2a: Tatsugiri|0 fnt\n|faint|p2a: Tatsugiri\n|\n|upkeep\n|inactive|Time left: 300 sec this turn | 300 sec total | 5 sec grace\n|\n|t:|1783402031\n|switch|p2a: Slaking|Slaking, L84, F|389/389\n|turn|5\n|inactive|Time left: 300 sec this turn | 300 sec total\n|\n|t:|1783402031\n|switch|p1a: Dipplin|Dipplin, L88, F|100/100\n|move|p2a: Slaking|Giga Impact|p1a: Dipplin\n|-damage|p1a: Dipplin|33/100\n|-mustrecharge|p2a: Slaking\n|\n|upkeep\n|turn|6\n|inactive|Time left: 300 sec this turn | 300 sec total\n|\n|t:|1783402031\n|cant|p2a: Slaking|recharge\n|move|p1a: Dipplin|Recover|p1a: Dipplin\n|-heal|p1a: Dipplin|83/100\n|\n|upkeep\n|turn|7\n|inactive|Time left: 300 sec this turn | 300 sec total\n|\n|t:|1783402031\n|move|p2a: Slaking|Giga Impact|p1a: Dipplin|[miss]\n|-miss|p2a: Slaking|p1a: Dipplin\n|move|p1a: Dipplin|Dragon Pulse|p2a: Slaking\n|-damage|p2a: Slaking|269/389\n|\n|upkeep\n|turn|8\n|inactive|Time left: 300 sec this turn | 300 sec total\n|\n|t:|1783402032\n|cant|p2a: Slaking|ability: Truant\n|move|p1a: Dipplin|Giga Drain|p2a: Slaking\n|-crit|p2a: Slaking\n|-damage|p2a: Slaking|107/389\n|-heal|p1a: Dipplin|100/100|[from] drain|[of] p2a: Slaking\n|\n|upkeep\n|turn|9\n|inactive|Time left: 300 sec this turn | 300 sec total\n|\n|t:|1783402032\n|move|p2a: Slaking|Giga Impact|p1a: Dipplin\n|-damage|p1a: Dipplin|29/100\n|-mustrecharge|p2a: Slaking\n|move|p1a: Dipplin|Dragon Pulse|p2a: Slaking\n|-damage|p2a: Slaking|0 fnt\n|faint|p2a: Slaking\n|\n|upkeep\n|inactive|Time left: 300 sec this turn | 300 sec total | 5 sec grace\n|\n|t:|1783402032\n|switch|p2a: Clawitzer|Clawitzer, L87, M|265/265\n|turn|10\n|inactive|Time left: 300 sec this turn | 300 sec total\n|\n|t:|1783402032\n|switch|p1a: Dachsbun|Dachsbun, L92, F|100/100\n|move|p2a: Clawitzer|Aura Sphere|p1a: Dachsbun\n|-resisted|p1a: Dachsbun\n|-damage|p1a: Dachsbun|69/100\n|\n|-heal|p1a: Dachsbun|75/100|[from] item: Leftovers\n|upkeep\n|turn|11\n|inactive|Time left: 300 sec this turn | 300 sec total\n|\n|t:|1783402033\n|move|p1a: Dachsbun|Play Rough|p2a: Clawitzer\n|-damage|p2a: Clawitzer|172/265\n|move|p2a: Clawitzer|Aura Sphere|p1a: Dachsbun\n|-resisted|p1a: Dachsbun\n|-damage|p1a: Dachsbun|44/100\n|\n|-heal|p1a: Dachsbun|50/100|[from] item: Leftovers\n|upkeep\n|turn|12\n|inactive|Time left: 300 sec this turn | 300 sec total\n|\n|t:|1783402033\n|move|p1a: Dachsbun|Play Rough|p2a: Clawitzer\n|-damage|p2a: Clawitzer|82/265\n|move|p2a: Clawitzer|Aura Sphere|p1a: Dachsbun\n|-resisted|p1a: Dachsbun\n|-damage|p1a: Dachsbun|22/100\n|\n|-heal|p1a: Dachsbun|28/100|[from] item: Leftovers\n|upkeep\n|turn|13\n|inactive|Time left: 300 sec this turn | 300 sec total\n|\n|t:|1783402033\n|move|p1a: Dachsbun|Play Rough|p2a: Clawitzer\n|-damage|p2a: Clawitzer|0 fnt\n|faint|p2a: Clawitzer\n|\n|-heal|p1a: Dachsbun|34/100|[from] item: Leftovers\n|upkeep\n|inactive|Time left: 300 sec this turn | 300 sec total | 5 sec grace\n|\n|t:|1783402033\n|switch|p2a: Flutter Mane|Flutter Mane, L74|203/203\n|turn|14\n|inactive|Time left: 300 sec this turn | 300 sec total\n|\n|t:|1783402034\n|move|p1a: Dachsbun|Protect|p1a: Dachsbun\n|-singleturn|p1a: Dachsbun|Protect\n|move|p2a: Flutter Mane|Shadow Ball|p1a: Dachsbun\n|-activate|p1a: Dachsbun|move: Protect\n|\n|-heal|p1a: Dachsbun|39/100|[from] item: Leftovers\n|upkeep\n|turn|15\n|inactive|Time left: 300 sec this turn | 300 sec total\n|\n|t:|1783402034\n|switch|p1a: Dipplin|Dipplin, L88, F|29/100\n|move|p2a: Flutter Mane|Moonblast|p1a: Dipplin\n|-supereffective|p1a: Dipplin\n|-damage|p1a: Dipplin|0 fnt\n|faint|p1a: Dipplin\n|-damage|p2a: Flutter Mane|183/203|[from] item: Life Orb\n|\n|upkeep\n|\n|t:|1783402034\n|switch|p1a: Jolteon|Jolteon, L84, F|100/100\n|turn|16\n|inactive|Time left: 300 sec this turn | 300 sec total\n|\n|t:|1783402034\n|move|p1a: Jolteon|Shadow Ball|p2a: Flutter Mane\n|-supereffective|p2a: Flutter Mane\n|-damage|p2a: Flutter Mane|25/203\n|move|p2a: Flutter Mane|Calm Mind|p2a: Flutter Mane\n|-boost|p2a: Flutter Mane|spa|1\n|-boost|p2a: Flutter Mane|spd|1\n|\n|upkeep\n|turn|17\n|inactive|Time left: 300 sec this turn | 300 sec total\n|\n|t:|1783402035\n|move|p1a: Jolteon|Shadow Ball|p2a: Flutter Mane\n|-supereffective|p2a: Flutter Mane\n|-damage|p2a: Flutter Mane|0 fnt\n|faint|p2a: Flutter Mane\n|-end|p2a: Flutter Mane|Protosynthesis|[silent]\n|\n|upkeep\n|inactive|Time left: 300 sec this turn | 300 sec total | 5 sec grace\n|\n|t:|1783402035\n|switch|p2a: Dusknoir|Dusknoir, L89, M|225/225\n|-item|p1a: Jolteon|Choice Specs|[from] ability: Frisk|[of] p2a: Dusknoir\n|turn|18\n|inactive|Time left: 300 sec this turn | 300 sec total\n|\n|t:|1783402035\n|-terastallize|p2a: Dusknoir|Fighting\n|move|p1a: Jolteon|Shadow Ball|p2a: Dusknoir\n|-damage|p2a: Dusknoir|164/225\n|move|p2a: Dusknoir|Poltergeist|p1a: Jolteon\n|-activate|p1a: Jolteon|move: Poltergeist|Choice Specs\n|-damage|p1a: Jolteon|33/100\n|\n|-heal|p2a: Dusknoir|178/225|[from] item: Leftovers\n|upkeep\n|turn|19\n|inactive|Time left: 300 sec this turn | 300 sec total\n|\n|t:|1783402035\n|move|p1a: Jolteon|Shadow Ball|p2a: Dusknoir\n|-damage|p2a: Dusknoir|119/225\n|move|p2a: Dusknoir|Poltergeist|p1a: Jolteon\n|-activate|p1a: Jolteon|move: Poltergeist|Choice Specs\n|-damage|p1a: Jolteon|0 fnt\n|faint|p1a: Jolteon\n|\n|-heal|p2a: Dusknoir|133/225|[from] item: Leftovers\n|upkeep\n|\n|t:|1783402036\n|switch|p1a: Dachsbun|Dachsbun, L92, F|39/100\n|turn|20\n|inactive|Time left: 300 sec this turn | 300 sec total\n|\n|t:|1783402036\n|move|p1a: Dachsbun|Play Rough|p2a: Dusknoir\n|-supereffective|p2a: Dusknoir\n|-damage|p2a: Dusknoir|0 fnt\n|faint|p2a: Dusknoir\n|\n|-heal|p1a: Dachsbun|45/100|[from] item: Leftovers\n|upkeep\n|inactive|Time left: 300 sec this turn | 300 sec total | 5 sec grace\n|\n|t:|1783402036\n|switch|p2a: Deoxys|Deoxys-Speed, L82|216/216\n|-ability|p2a: Deoxys|Pressure\n|turn|21\n|inactive|Time left: 300 sec this turn | 300 sec total\n|\n|t:|1783402036\n|move|p2a: Deoxys|Nasty Plot|p2a: Deoxys\n|-boost|p2a: Deoxys|spa|2\n|move|p1a: Dachsbun|Play Rough|p2a: Deoxys\n|-damage|p2a: Deoxys|114/216\n|\n|-heal|p1a: Dachsbun|51/100|[from] item: Leftovers\n|upkeep\n|turn|22\n|inactive|Time left: 300 sec this turn | 300 sec total\n|\n|t:|1783402036\n|move|p2a: Deoxys|Dark Pulse|p1a: Dachsbun\n|-resisted|p1a: Dachsbun\n|-crit|p1a: Dachsbun\n|-damage|p1a: Dachsbun|10/100\n|-damage|p2a: Deoxys|93/216|[from] item: Life Orb\n|move|p1a: Dachsbun|Play Rough|p2a: Deoxys\n|-damage|p2a: Deoxys|0 fnt\n|faint|p2a: Deoxys\n|\n|win|p0x009dafc", "uploadtime": 1783402036, "views": 0, "rating": 0, "private": 0, "password": null, "_winner": "p0x009dafc", "_our_name": "p0y009b02a"}