{"id": "battle-gen9randombattle-113", "formatid": "gen9randombattle", "format": "[Gen 9] Random Battle", "players": ["p0x0139952", "p0y013c824"], "log": "|init|battle\n|title|p0x0139952 vs. p0y013c824\n|j|\u2606p0x0139952\n|j|\u2606p0y013c824\n|t:|1783402093\n|gametype|singles\n|player|p1|p0x0139952|265|\n|player|p2|p0y013c824|169|\n|gen|9\n|tier|[Gen 9] Random Battle\n|rule|Species Clause: Limit one of each Pok\u00e9mon\n|rule|HP Percentage Mod: HP is shown in percentages\n|rule|Sleep Clause Mod: Limit one foe put to sleep\n|rule|Illusion Level Mod: Illusion disguises the Pok\u00e9mon's true level\n|\n|t:|1783402093\n|teamsize|p1|6\n|teamsize|p2|6\n|start\n|switch|p1a: Grumpig|Grumpig, L92, F|100/100\n|switch|p2a: Haxorus|Haxorus, L77, F|244/244\n|-ability|p2a: Haxorus|Mold Breaker\n|turn|1\n|inactive|Battle timer is ON: inactive players will automatically lose when time's up. (requested by p0y013c824)\n|inactive|p0x0139952 also wants the timer to be on.\n|\n|t:|1783402093\n|move|p1a: Grumpig|Nasty Plot|p1a: Grumpig\n|-boost|p1a: Grumpig|spa|2\n|move|p2a: Haxorus|Scale Shot|p1a: Grumpig\n|-damage|p1a: Grumpig|88/100\n|-damage|p1a: Grumpig|76/100\n|-damage|p1a: Grumpig|64/100\n|-damage|p1a: Grumpig|51/100\n|-damage|p1a: Grumpig|38/100\n|-hitcount|p1a: Grumpig|5\n|-unboost|p2a: Haxorus|def|1\n|-boost|p2a: Haxorus|spe|1\n|\n|-heal|p1a: Grumpig|44/100|[from] item: Leftovers\n|upkeep\n|turn|2\n|inactive|Time left: 300 sec this turn | 300 sec total\n|\n|t:|1783402093\n|switch|p1a: Swampert|Swampert, L83, M|100/100\n|move|p2a: Haxorus|Scale Shot|p1a: Swampert\n|-damage|p1a: Swampert|89/100\n|-damage|p1a: Swampert|78/100\n|-damage|p1a: Swampert|68/100\n|-damage|p1a: Swampert|58/100\n|-damage|p1a: Swampert|47/100\n|-hitcount|p1a: Swampert|5\n|-unboost|p2a: Haxorus|def|1\n|-boost|p2a: Haxorus|spe|1\n|\n|-heal|p1a: Swampert|53/100|[from] item: Leftovers\n|upkeep\n|turn|3\n|inactive|Time left: 300 sec this turn | 300 sec total\n|\n|t:|1783402093\n|switch|p2a: Tauros|Tauros-Paldea-Aqua, L81, M|254/254\n|-ability|p2a: Tauros|Intimidate|boost\n|-unboost|p1a: Swampert|atk|1\n|move|p1a: Swampert|Earthquake|p2a: Tauros\n|-damage|p2a: Tauros|178/254\n|\n|-heal|p1a: Swampert|59/100|[from] item: Leftovers\n|upkeep\n|turn|4\n|inactive|Time left: 300 sec this turn | 300 sec total\n|\n|t:|1783402094\n|move|p2a: Tauros|Bulk Up|p2a: Tauros\n|-boost|p2a: Tauros|atk|1\n|-boost|p2a: Tauros|def|1\n|move|p1a: Swampert|Flip Turn|p2a: Tauros\n|-resisted|p2a: Tauros\n|-damage|p2a: Tauros|165/254\n|\n|t:|1783402094\n|switch|p1a: Munkidori|Munkidori, L79, M|100/100|[from] Flip Turn\n|\n|upkeep\n|turn|5\n|inactive|Time left: 300 sec this turn | 300 sec total\n|\n|t:|1783402094\n|switch|p2a: Swalot|Swalot, L90, F|326/326\n|move|p1a: Munkidori|Sludge Wave|p2a: Swalot\n|-resisted|p2a: Swalot\n|-damage|p2a: Swalot|258/326\n|-damage|p1a: Munkidori|91/100|[from] item: Life Orb\n|\n|-heal|p2a: Swalot|278/326|[from] item: Leftovers\n|upkeep\n|turn|6\n|inactive|Time left: 300 sec this turn | 300 sec total\n|\n|t:|1783402094\n|move|p1a: Munkidori|Psyshock|p2a: Swalot\n|-supereffective|p2a: Swalot\n|-damage|p2a: Swalot|36/326\n|-damage|p1a: Munkidori|81/100|[from] item: Life Orb\n|move|p2a: Swalot|Earthquake|p1a: Munkidori\n|-supereffective|p1a: Munkidori\n|-damage|p1a: Munkidori|16/100\n|\n|-heal|p2a: Swalot|56/326|[from] item: Leftovers\n|upkeep\n|turn|7\n|inactive|Time left: 300 sec this turn | 300 sec total\n|\n|t:|1783402095\n|move|p2a: Swalot|Protect|p2a: Swalot\n|-singleturn|p2a: Swalot|Protect\n|move|p1a: Munkidori|Sludge Wave|p2a: Swalot\n|-activate|p2a: Swalot|move: Protect\n|\n|-heal|p2a: Swalot|76/326|[from] item: Leftovers\n|upkeep\n|turn|8\n|inactive|Time left: 300 sec this turn | 300 sec total\n|\n|t:|1783402095\n|switch|p2a: Incineroar|Incineroar, L82, M|290/290\n|-ability|p2a: Incineroar|Intimidate|boost\n|-unboost|p1a: Munkidori|atk|1\n|move|p1a: Munkidori|Psyshock|p2a: Incineroar\n|-immune|p2a: Incineroar\n|\n|upkeep\n|turn|9\n|inactive|Time left: 300 sec this turn | 300 sec total\n|\n|t:|1783402095\n|move|p2a: Incineroar|Knock Off|p1a: Munkidori\n|-supereffective|p1a: Munkidori\n|-damage|p1a: Munkidori|0 fnt\n|-enditem|p1a: Munkidori|Life Orb|[from] move: Knock Off|[of] p2a: Incineroar\n|faint|p1a: Munkidori\n|\n|upkeep\n|\n|t:|1783402095\n|switch|p1a: Feraligatr|Feraligatr, L79, F|100/100\n|turn|10\n|inactive|Time left: 300 sec this turn | 300 sec total\n|\n|t:|1783402096\n|move|p2a: Incineroar|Knock Off|p1a: Feraligatr\n|-damage|p1a: Feraligatr|57/100\n|-enditem|p1a: Feraligatr|Life Orb|[from] move: Knock Off|[of] p2a: Incineroar\n|move|p1a: Feraligatr|Liquidation|p2a: Incineroar\n|-supereffective|p2a: Incineroar\n|-damage|p2a: Incineroar|48/290\n|\n|upkeep\n|turn|11\n|inactive|Time left: 300 sec this turn | 300 sec total\n|\n|t:|1783402096\n|move|p2a: Incineroar|Knock Off|p1a: Feraligatr\n|-damage|p1a: Feraligatr|29/100\n|move|p1a: Feraligatr|Dragon Dance|p1a: Feraligatr\n|-boost|p1a: Feraligatr|atk|1\n|-boost|p1a: Feraligatr|spe|1\n|\n|upkeep\n|turn|12\n|inactive|Time left: 300 sec this turn | 300 sec total\n|\n|t:|1783402096\n|move|p1a: Feraligatr|Liquidation|p2a: Incineroar\n|-supereffective|p2a: Incineroar\n|-damage|p2a: Incineroar|0 fnt\n|faint|p2a: Incineroar\n|\n|upkeep\n|inactive|Time left: 300 sec this turn | 300 sec total | 5 sec grace\n|\n|t:|1783402096\n|switch|p2a: Kleavor|Kleavor, L78, F|237/237\n|turn|13\n|inactive|Time left: 300 sec this turn | 300 sec total\n|\n|t:|1783402097\n|move|p2a: Kleavor|Stone Axe|p1a: Feraligatr\n|-damage|p1a: Feraligatr|0 fnt\n|-sidestart|p1: p0x0139952|move: Stealth Rock\n|faint|p1a: Feraligatr\n|\n|upkeep\n|\n|t:|1783402097\n|switch|p1a: Swampert|Swampert, L83, M|59/100\n|-damage|p1a: Swampert|53/100|[from] Stealth Rock\n|turn|14\n|inactive|Time left: 300 sec this turn | 300 sec total\n|\n|t:|1783402097\n|switch|p2a: Tauros|Tauros-Paldea-Aqua, L81, M|165/254\n|-ability|p2a: Tauros|Intimidate|boost\n|-unboost|p1a: Swampert|atk|1\n|move|p1a: Swampert|Earthquake|p2a: Tauros\n|-damage|p2a: Tauros|93/254\n|\n|-heal|p1a: Swampert|59/100|[from] item: Leftovers\n|upkeep\n|turn|15\n|inactive|Time left: 300 sec this turn | 300 sec total\n|\n|t:|1783402097\n|move|p2a: Tauros|Close Combat|p1a: Swampert\n|-damage|p1a: Swampert|5/100\n|-unboost|p2a: Tauros|def|1\n|-unboost|p2a: Tauros|spd|1\n|-damage|p2a: Tauros|68/254|[from] item: Life Orb\n|move|p1a: Swampert|Earthquake|p2a: Tauros\n|-damage|p2a: Tauros|0 fnt\n|faint|p2a: Tauros\n|\n|-heal|p1a: Swampert|11/100|[from] item: Leftovers\n|upkeep\n|inactive|Time left: 300 sec this turn | 300 sec total | 5 sec grace\n|\n|t:|1783402098\n|switch|p2a: Kleavor|Kleavor, L78, F|237/237\n|turn|16\n|inactive|Time left: 300 sec this turn | 300 sec total\n|\n|t:|1783402098\n|move|p2a: Kleavor|U-turn|p1a: Swampert\n|-damage|p1a: Swampert|0 fnt\n|faint|p1a: Swampert\n|inactive|Time left: 300 sec this turn | 300 sec total | 5 sec grace\n|\n|t:|1783402098\n|switch|p2a: Ho-Oh|Ho-Oh, L71|268/268|[from] U-turn\n|\n|upkeep\n|\n|t:|1783402098\n|switch|p1a: Grumpig|Grumpig, L92, F|44/100\n|-damage|p1a: Grumpig|32/100|[from] Stealth Rock\n|turn|17\n|inactive|Time left: 300 sec this turn | 300 sec total\n|\n|t:|1783402099\n|-terastallize|p2a: Ho-Oh|Ground\n|move|p1a: Grumpig|Psyshock|p2a: Ho-Oh\n|-damage|p2a: Ho-Oh|160/268\n|move|p2a: Ho-Oh|Earthquake|p1a: Grumpig\n|-damage|p1a: Grumpig|0 fnt\n|faint|p1a: Grumpig\n|\n|upkeep\n|\n|t:|1783402099\n|switch|p1a: Salazzle|Salazzle, L83, F|100/100\n|turn|18\n|inactive|Time left: 300 sec this turn | 300 sec total\n|\n|t:|1783402099\n|-terastallize|p1a: Salazzle|Grass\n|move|p1a: Salazzle|Tera Blast|p2a: Ho-Oh|[anim] Tera Blast Grass\n|-supereffective|p2a: Ho-Oh\n|-damage|p2a: Ho-Oh|16/268\n|move|p2a: Ho-Oh|Earthquake|p1a: Salazzle\n|-resisted|p1a: Salazzle\n|-damage|p1a: Salazzle|75/100\n|\n|upkeep\n|turn|19\n|inactive|Time left: 300 sec this turn | 300 sec total\n|\n|t:|1783402099\n|switch|p2a: Kleavor|Kleavor, L78, F|237/237\n|move|p1a: Salazzle|Fire Blast|p2a: Kleavor\n|-damage|p2a: Kleavor|83/237\n|\n|upkeep\n|turn|20\n|inactive|Time left: 300 sec this turn | 300 sec total\n|\n|t:|1783402099\n|move|p2a: Kleavor|X-Scissor|p1a: Salazzle\n|-supereffective|p1a: Salazzle\n|-damage|p1a: Salazzle|0 fnt\n|faint|p1a: Salazzle\n|\n|upkeep\n|\n|t:|1783402100\n|switch|p1a: Houndoom|Houndoom, L87, F|100/100\n|turn|21\n|inactive|Time left: 300 sec this turn | 300 sec total\n|\n|t:|1783402100\n|move|p1a: Houndoom|Sucker Punch|p2a: Kleavor\n|-damage|p2a: Kleavor|14/237\n|move|p2a: Kleavor|X-Scissor|p1a: Houndoom\n|-damage|p1a: Houndoom|30/100\n|\n|upkeep\n|turn|22\n|inactive|Time left: 300 sec this turn | 300 sec total\n|\n|t:|1783402100\n|move|p1a: Houndoom|Sucker Punch|p2a: Kleavor\n|-damage|p2a: Kleavor|0 fnt\n|faint|p2a: Kleavor\n|\n|upkeep\n|inactive|Time left: 300 sec this turn | 300 sec total | 5 sec grace\n|\n|t:|1783402100\n|switch|p2a: Haxorus|Haxorus, L77, F|244/244\n|-ability|p2a: Haxorus|Mold Breaker\n|turn|23\n|inactive|Time left: 300 sec this turn | 300 sec total\n|\n|t:|1783402101\n|move|p1a: Houndoom|Dark Pulse|p2a: Haxorus\n|-damage|p2a: Haxorus|126/244\n|move|p2a: Haxorus|Close Combat|p1a: Houndoom\n|-supereffective|p1a: Houndoom\n|-damage|p1a: Houndoom|0 fnt\n|-unboost|p2a: Haxorus|def|1\n|-unboost|p2a: Haxorus|spd|1\n|faint|p1a: Houndoom\n|\n|win|p0y013c824", "uploadtime": 1783402101, "views": 0, "rating": 0, "private": 0, "password": null, "_winner": "p0y013c824", "_our_name": "p0y013c824"}a: Haxorus|def|1\n|-unboost|p2a: Haxorus|spd|1\n|faint|p1a: Houndoom\n|\n|win|p0y013c824", "uploadtime": 1783402101, "views": 0, "rating": 0, "private": 0, "password": null, "_winner": "p0y013c824", "_our_name": "p0x0139952"}