{"id": "battle-gen9randombattle-448", "formatid": "gen9randombattle", "format": "[Gen 9] Random Battle", "players": ["p0x448b2ea", "p0y4482576"], "log": "|init|battle\n|title|p0x448b2ea vs. p0y4482576\n|j|\u2606p0x448b2ea\n|j|\u2606p0y4482576\n|t:|1783544950\n|gametype|singles\n|player|p1|p0x448b2ea|101|\n|player|p2|p0y4482576|102|\n|gen|9\n|tier|[Gen 9] Random Battle\n|rule|Species Clause: Limit one of each Pok\u00e9mon\n|rule|HP Percentage Mod: HP is shown in percentages\n|rule|Sleep Clause Mod: Limit one foe put to sleep\n|rule|Illusion Level Mod: Illusion disguises the Pok\u00e9mon's true level\n|\n|t:|1783544950\n|teamsize|p1|6\n|teamsize|p2|6\n|start\n|switch|p1a: Incineroar|Incineroar, L82, F|100/100\n|switch|p2a: Dachsbun|Dachsbun, L92, F|254/254\n|-ability|p1a: Incineroar|Intimidate|boost\n|-unboost|p2a: Dachsbun|atk|1\n|turn|1\n|inactive|Battle timer is ON: inactive players will automatically lose when time's up. (requested by p0x448b2ea)\n|inactive|Time left: 300 sec this turn | 300 sec total | 60 sec grace\n|inactive|p0y4482576 also wants the timer to be on.\n|\n|t:|1783544952\n|move|p2a: Dachsbun|Body Press|p1a: Incineroar\n|-supereffective|p1a: Incineroar\n|-damage|p1a: Incineroar|46/100\n|move|p1a: Incineroar|U-turn|p2a: Dachsbun\n|-resisted|p2a: Dachsbun\n|-damage|p2a: Dachsbun|235/254\n|\n|t:|1783544953\n|switch|p1a: Eiscue|Eiscue, L88, M|100/100|[from] U-turn\n|\n|-heal|p2a: Dachsbun|250/254|[from] item: Leftovers\n|upkeep\n|turn|2\n|inactive|Time left: 300 sec this turn | 300 sec total\n|\n|t:|1783544954\n|switch|p2a: Krookodile|Krookodile, L79, F|280/280\n|-ability|p2a: Krookodile|Intimidate|boost\n|-unboost|p1a: Eiscue|atk|1\n|move|p1a: Eiscue|Belly Drum|p1a: Eiscue\n|-damage|p1a: Eiscue|50/100\n|-setboost|p1a: Eiscue|atk|6|[from] move: Belly Drum\n|-enditem|p1a: Eiscue|Sitrus Berry|[eat]\n|-heal|p1a: Eiscue|75/100|[from] item: Sitrus Berry\n|\n|upkeep\n|turn|3\n|inactive|Time left: 300 sec this turn | 300 sec total\n|\n|t:|1783544956\n|switch|p2a: Keldeo|Keldeo-Resolute, L79|273/273\n|move|p1a: Eiscue|Ice Spinner|p2a: Keldeo\n|-resisted|p2a: Keldeo\n|-damage|p2a: Keldeo|98/273\n|\n|upkeep\n|turn|4\n|inactive|Time left: 300 sec this turn | 300 sec total\n|\n|t:|1783544957\n|-terastallize|p1a: Eiscue|Electric\n|move|p2a: Keldeo|Secret Sword|p1a: Eiscue\n|-damage|p1a: Eiscue|34/100\n|-damage|p2a: Keldeo|71/273|[from] item: Life Orb\n|move|p1a: Eiscue|Liquidation|p2a: Keldeo\n|-resisted|p2a: Keldeo\n|-damage|p2a: Keldeo|0 fnt\n|faint|p2a: Keldeo\n|\n|upkeep\n|inactive|Time left: 300 sec this turn | 300 sec total | 5 sec grace\n|\n|t:|1783544958\n|switch|p2a: Frosmoth|Frosmoth, L82, F|249/249\n|turn|5\n|inactive|Time left: 300 sec this turn | 300 sec total\n|\n|t:|1783544960\n|move|p2a: Frosmoth|Ice Beam|p1a: Eiscue\n|-damage|p1a: Eiscue|0 fnt\n|faint|p1a: Eiscue\n|\n|upkeep\n|\n|t:|1783544961\n|switch|p1a: Gouging Fire|Gouging Fire, L74|100/100\n|turn|6\n|inactive|Time left: 300 sec this turn | 300 sec total\n|\n|t:|1783544962\n|switch|p2a: Krookodile|Krookodile, L79, F|280/280\n|-ability|p2a: Krookodile|Intimidate|boost\n|-unboost|p1a: Gouging Fire|atk|1\n|move|p1a: Gouging Fire|Heat Crash|p2a: Krookodile\n|-damage|p2a: Krookodile|192/280\n|\n|-heal|p2a: Krookodile|209/280|[from] item: Leftovers\n|upkeep\n|turn|7\n|inactive|Time left: 300 sec this turn | 300 sec total\n|\n|t:|1783544963\n|-end|p1a: Gouging Fire|Protosynthesis|[silent]\n|switch|p1a: Dipplin|Dipplin, L88, M|100/100\n|move|p2a: Krookodile|Earthquake|p1a: Dipplin\n|-resisted|p1a: Dipplin\n|-crit|p1a: Dipplin\n|-damage|p1a: Dipplin|85/100\n|\n|-heal|p2a: Krookodile|226/280|[from] item: Leftovers\n|upkeep\n|turn|8\n|inactive|Time left: 300 sec this turn | 300 sec total\n|\n|t:|1783544964\n|switch|p2a: Frosmoth|Frosmoth, L82, F|249/249\n|move|p1a: Dipplin|Giga Drain|p2a: Frosmoth\n|-resisted|p2a: Frosmoth\n|-damage|p2a: Frosmoth|230/249\n|-heal|p1a: Dipplin|89/100|[from] drain|[of] p2a: Frosmoth\n|\n|upkeep\n|turn|9\n|inactive|Time left: 300 sec this turn | 300 sec total\n|\n|t:|1783544965\n|switch|p1a: Incineroar|Incineroar, L82, F|46/100\n|-ability|p1a: Incineroar|Intimidate|boost\n|-unboost|p2a: Frosmoth|atk|1\n|move|p2a: Frosmoth|Ice Beam|p1a: Incineroar\n|-resisted|p1a: Incineroar\n|-damage|p1a: Incineroar|34/100\n|\n|upkeep\n|turn|10\n|inactive|Time left: 300 sec this turn | 300 sec total\n|\n|t:|1783544967\n|move|p2a: Frosmoth|Quiver Dance|p2a: Frosmoth\n|-boost|p2a: Frosmoth|spa|1\n|-boost|p2a: Frosmoth|spd|1\n|-boost|p2a: Frosmoth|spe|1\n|move|p1a: Incineroar|Knock Off|p2a: Frosmoth\n|-damage|p2a: Frosmoth|68/249\n|-enditem|p2a: Frosmoth|Heavy-Duty Boots|[from] move: Knock Off|[of] p1a: Incineroar\n|\n|upkeep\n|turn|11\n|inactive|Time left: 300 sec this turn | 300 sec total\n|\n|t:|1783544968\n|move|p2a: Frosmoth|Bug Buzz|p1a: Incineroar\n|-damage|p1a: Incineroar|0 fnt\n|faint|p1a: Incineroar\n|\n|upkeep\n|\n|t:|1783544968\n|switch|p1a: Cinccino|Cinccino, L83, M|100/100\n|turn|12\n|inactive|Time left: 300 sec this turn | 300 sec total\n|\n|t:|1783544970\n|move|p1a: Cinccino|Triple Axel|p2a: Frosmoth\n|-resisted|p2a: Frosmoth\n|-damage|p2a: Frosmoth|54/249\n|-resisted|p2a: Frosmoth\n|-damage|p2a: Frosmoth|29/249\n|-resisted|p2a: Frosmoth\n|-crit|p2a: Frosmoth\n|-damage|p2a: Frosmoth|0 fnt\n|faint|p2a: Frosmoth\n|-hitcount|p2: Frosmoth|3\n|\n|upkeep\n|inactive|Time left: 300 sec this turn | 300 sec total | 5 sec grace\n|\n|t:|1783544971\n|switch|p2a: Crawdaunt|Crawdaunt, L84, M|243/243\n|turn|13\n|inactive|Time left: 300 sec this turn | 300 sec total\n|\n|t:|1783544972\n|move|p1a: Cinccino|Bullet Seed|p2a: Crawdaunt\n|-supereffective|p2a: Crawdaunt\n|-damage|p2a: Crawdaunt|187/243\n|-supereffective|p2a: Crawdaunt\n|-damage|p2a: Crawdaunt|129/243\n|-supereffective|p2a: Crawdaunt\n|-damage|p2a: Crawdaunt|77/243\n|-supereffective|p2a: Crawdaunt\n|-damage|p2a: Crawdaunt|27/243\n|-hitcount|p2a: Crawdaunt|4\n|move|p2a: Crawdaunt|Knock Off|p1a: Cinccino\n|-damage|p1a: Cinccino|0 fnt\n|-enditem|p1a: Cinccino|Loaded Dice|[from] move: Knock Off|[of] p2a: Crawdaunt\n|faint|p1a: Cinccino\n|\n|upkeep\n|\n|t:|1783544973\n|switch|p1a: Lanturn|Lanturn, L89, M|100/100\n|turn|14\n|inactive|Time left: 300 sec this turn | 300 sec total\n|\n|t:|1783544974\n|move|p1a: Lanturn|Scald|p2a: Crawdaunt\n|-resisted|p2a: Crawdaunt\n|-damage|p2a: Crawdaunt|0 fnt\n|faint|p2a: Crawdaunt\n|\n|upkeep\n|inactive|Time left: 300 sec this turn | 300 sec total | 5 sec grace\n|\n|t:|1783544975\n|switch|p2a: Krookodile|Krookodile, L79, F|226/280\n|-ability|p2a: Krookodile|Intimidate|boost\n|-unboost|p1a: Lanturn|atk|1\n|turn|15\n|inactive|Time left: 300 sec this turn | 300 sec total\n|\n|t:|1783544976\n|move|p2a: Krookodile|Earthquake|p1a: Lanturn\n|-supereffective|p1a: Lanturn\n|-damage|p1a: Lanturn|22/100\n|move|p1a: Lanturn|Scald|p2a: Krookodile\n|-supereffective|p2a: Krookodile\n|-damage|p2a: Krookodile|22/280\n|\n|-heal|p2a: Krookodile|39/280|[from] item: Leftovers\n|upkeep\n|turn|16\n|inactive|Time left: 300 sec this turn | 300 sec total\n|\n|t:|1783544977\n|switch|p1a: Dipplin|Dipplin, L88, M|89/100\n|move|p2a: Krookodile|Gunk Shot|p1a: Dipplin\n|-supereffective|p1a: Dipplin\n|-damage|p1a: Dipplin|59/100\n|\n|-heal|p2a: Krookodile|56/280|[from] item: Leftovers\n|upkeep\n|turn|17\n|inactive|Time left: 300 sec this turn | 300 sec total\n|\n|t:|1783544978\n|switch|p2a: Dachsbun|Dachsbun, L92, F|250/254\n|move|p1a: Dipplin|Giga Drain|p2a: Dachsbun\n|-damage|p2a: Dachsbun|157/254\n|-heal|p1a: Dipplin|75/100|[from] drain|[of] p2a: Dachsbun\n|\n|-heal|p2a: Dachsbun|172/254|[from] item: Leftovers\n|upkeep\n|turn|18\n|inactive|Time left: 300 sec this turn | 300 sec total\n|\n|t:|1783544979\n|move|p2a: Dachsbun|Wish|p2a: Dachsbun\n|move|p1a: Dipplin|Giga Drain|p2a: Dachsbun\n|-crit|p2a: Dachsbun\n|-damage|p2a: Dachsbun|37/254\n|-heal|p1a: Dipplin|99/100|[from] drain|[of] p2a: Dachsbun\n|\n|-heal|p2a: Dachsbun|52/254|[from] item: Leftovers\n|upkeep\n|turn|19\n|inactive|Time left: 300 sec this turn | 300 sec total\n|\n|t:|1783544980\n|move|p2a: Dachsbun|Protect|p2a: Dachsbun\n|-singleturn|p2a: Dachsbun|Protect\n|move|p1a: Dipplin|Giga Drain|p2a: Dachsbun\n|-activate|p2a: Dachsbun|move: Protect\n|\n|-heal|p2a: Dachsbun|179/254|[from] move: Wish|[wisher] Dachsbun\n|-heal|p2a: Dachsbun|194/254|[from] item: Leftovers\n|upkeep\n|turn|20\n|inactive|Time left: 300 sec this turn | 300 sec total\n|\n|t:|1783544981\n|move|p2a: Dachsbun|Wish|p2a: Dachsbun\n|move|p1a: Dipplin|Giga Drain|p2a: Dachsbun\n|-damage|p2a: Dachsbun|116/254\n|-heal|p1a: Dipplin|100/100|[from] drain|[of] p2a: Dachsbun\n|\n|-heal|p2a: Dachsbun|131/254|[from] item: Leftovers\n|upkeep\n|turn|21\n|inactive|Time left: 300 sec this turn | 300 sec total\n|\n|t:|1783544982\n|move|p2a: Dachsbun|Play Rough|p1a: Dipplin|[miss]\n|-miss|p2a: Dachsbun|p1a: Dipplin\n|move|p1a: Dipplin|Giga Drain|p2a: Dachsbun\n|-damage|p2a: Dachsbun|44/254\n|\n|-heal|p2a: Dachsbun|171/254|[from] move: Wish|[wisher] Dachsbun\n|-heal|p2a: Dachsbun|186/254|[from] item: Leftovers\n|upkeep\n|turn|22\n|inactive|Time left: 300 sec this turn | 300 sec total\n|\n|t:|1783544983\n|move|p2a: Dachsbun|Wish|p2a: Dachsbun\n|move|p1a: Dipplin|Giga Drain|p2a: Dachsbun\n|-damage|p2a: Dachsbun|96/254\n|\n|-heal|p2a: Dachsbun|111/254|[from] item: Leftovers\n|upkeep\n|turn|23\n|inactive|Time left: 300 sec this turn | 300 sec total\n|\n|t:|1783544983\n|move|p2a: Dachsbun|Protect|p2a: Dachsbun\n|-singleturn|p2a: Dachsbun|Protect\n|move|p1a: Dipplin|Giga Drain|p2a: Dachsbun\n|-activate|p2a: Dachsbun|move: Protect\n|\n|-heal|p2a: Dachsbun|238/254|[from] move: Wish|[wisher] Dachsbun\n|-heal|p2a: Dachsbun|253/254|[from] item: Leftovers\n|upkeep\n|turn|24\n|inactive|Time left: 300 sec this turn | 300 sec total\n|\n|t:|1783544984\n|move|p2a: Dachsbun|Play Rough|p1a: Dipplin\n|-supereffective|p1a: Dipplin\n|-damage|p1a: Dipplin|62/100\n|move|p1a: Dipplin|Giga Drain|p2a: Dachsbun\n|-damage|p2a: Dachsbun|163/254\n|-heal|p1a: Dipplin|78/100|[from] drain|[of] p2a: Dachsbun\n|\n|-heal|p2a: Dachsbun|178/254|[from] item: Leftovers\n|upkeep\n|turn|25\n|inactive|Time left: 300 sec this turn | 300 sec total\n|\n|t:|1783544985\n|move|p2a: Dachsbun|Play Rough|p1a: Dipplin\n|-supereffective|p1a: Dipplin\n|-damage|p1a: Dipplin|37/100\n|move|p1a: Dipplin|Giga Drain|p2a: Dachsbun\n|-damage|p2a: Dachsbun|97/254\n|-heal|p1a: Dipplin|51/100|[from] drain|[of] p2a: Dachsbun\n|\n|-heal|p2a: Dachsbun|112/254|[from] item: Leftovers\n|upkeep\n|turn|26\n|inactive|Time left: 300 sec this turn | 300 sec total\n|\n|t:|1783544986\n|move|p2a: Dachsbun|Play Rough|p1a: Dipplin\n|-supereffective|p1a: Dipplin\n|-damage|p1a: Dipplin|13/100\n|move|p1a: Dipplin|Recover|p1a: Dipplin\n|-heal|p1a: Dipplin|63/100\n|\n|-heal|p2a: Dachsbun|127/254|[from] item: Leftovers\n|upkeep\n|turn|27\n|inactive|Time left: 300 sec this turn | 300 sec total\n|\n|t:|1783544986\n|move|p2a: Dachsbun|Wish|p2a: Dachsbun\n|move|p1a: Dipplin|Giga Drain|p2a: Dachsbun\n|-damage|p2a: Dachsbun|39/254\n|-heal|p1a: Dipplin|79/100|[from] drain|[of] p2a: Dachsbun\n|\n|-heal|p2a: Dachsbun|54/254|[from] item: Leftovers\n|upkeep\n|turn|28\n|inactive|Time left: 300 sec this turn | 300 sec total\n|\n|t:|1783544987\n|move|p2a: Dachsbun|Protect|p2a: Dachsbun\n|-singleturn|p2a: Dachsbun|Protect\n|move|p1a: Dipplin|Giga Drain|p2a: Dachsbun\n|-activate|p2a: Dachsbun|move: Protect\n|\n|-heal|p2a: Dachsbun|181/254|[from] move: Wish|[wisher] Dachsbun\n|-heal|p2a: Dachsbun|196/254|[from] item: Leftovers\n|upkeep\n|turn|29\n|inactive|Time left: 300 sec this turn | 300 sec total\n|\n|t:|1783544988\n|move|p2a: Dachsbun|Wish|p2a: Dachsbun\n|move|p1a: Dipplin|Giga Drain|p2a: Dachsbun\n|-damage|p2a: Dachsbun|112/254\n|-heal|p1a: Dipplin|93/100|[from] drain|[of] p2a: Dachsbun\n|\n|-heal|p2a: Dachsbun|127/254|[from] item: Leftovers\n|upkeep\n|turn|30\n|inactive|Time left: 300 sec this turn | 300 sec total\n|\n|t:|1783544988\n|move|p2a: Dachsbun|Play Rough|p1a: Dipplin\n|-supereffective|p1a: Dipplin\n|-damage|p1a: Dipplin|58/100\n|move|p1a: Dipplin|Giga Drain|p2a: Dachsbun\n|-damage|p2a: Dachsbun|42/254\n|-heal|p1a: Dipplin|73/100|[from] drain|[of] p2a: Dachsbun\n|\n|-heal|p2a: Dachsbun|169/254|[from] move: Wish|[wisher] Dachsbun\n|-heal|p2a: Dachsbun|184/254|[from] item: Leftovers\n|upkeep\n|turn|31\n|inactive|Time left: 300 sec this turn | 300 sec total\n|\n|t:|1783544989\n|move|p2a: Dachsbun|Play Rough|p1a: Dipplin\n|-supereffective|p1a: Dipplin\n|-damage|p1a: Dipplin|34/100\n|move|p1a: Dipplin|Giga Drain|p2a: Dachsbun\n|-damage|p2a: Dachsbun|105/254\n|-heal|p1a: Dipplin|48/100|[from] drain|[of] p2a: Dachsbun\n|\n|-heal|p2a: Dachsbun|120/254|[from] item: Leftovers\n|upkeep\n|turn|32\n|inactive|Time left: 300 sec this turn | 300 sec total\n|\n|t:|1783544990\n|move|p2a: Dachsbun|Wish|p2a: Dachsbun\n|move|p1a: Dipplin|Recover|p1a: Dipplin\n|-heal|p1a: Dipplin|98/100\n|\n|-heal|p2a: Dachsbun|135/254|[from] item: Leftovers\n|upkeep\n|turn|33\n|inactive|Time left: 300 sec this turn | 300 sec total\n|\n|t:|1783544991\n|move|p2a: Dachsbun|Play Rough|p1a: Dipplin\n|-supereffective|p1a: Dipplin\n|-damage|p1a: Dipplin|61/100\n|-unboost|p1a: Dipplin|atk|1\n|move|p1a: Dipplin|Giga Drain|p2a: Dachsbun\n|-damage|p2a: Dachsbun|56/254\n|-heal|p1a: Dipplin|75/100|[from] drain|[of] p2a: Dachsbun\n|\n|-heal|p2a: Dachsbun|183/254|[from] move: Wish|[wisher] Dachsbun\n|-heal|p2a: Dachsbun|198/254|[from] item: Leftovers\n|upkeep\n|turn|34\n|inactive|Time left: 300 sec this turn | 300 sec total\n|\n|t:|1783544992\n|move|p2a: Dachsbun|Play Rough|p1a: Dipplin|[miss]\n|-miss|p2a: Dachsbun|p1a: Dipplin\n|move|p1a: Dipplin|Recover|p1a: Dipplin\n|-heal|p1a: Dipplin|100/100\n|\n|-heal|p2a: Dachsbun|213/254|[from] item: Leftovers\n|upkeep\n|turn|35\n|inactive|Time left: 300 sec this turn | 300 sec total\n|\n|t:|1783544993\n|switch|p1a: Gouging Fire|Gouging Fire, L74|100/100\n|move|p2a: Dachsbun|Play Rough|p1a: Gouging Fire|[miss]\n|-miss|p2a: Dachsbun|p1a: Gouging Fire\n|\n|-heal|p2a: Dachsbun|228/254|[from] item: Leftovers\n|upkeep\n|turn|36\n|inactive|Time left: 300 sec this turn | 300 sec total\n|\n|t:|1783544994\n|move|p2a: Dachsbun|Play Rough|p1a: Gouging Fire\n|-damage|p1a: Gouging Fire|70/100\n|move|p1a: Gouging Fire|Dragon Dance|p1a: Gouging Fire\n|-boost|p1a: Gouging Fire|atk|1\n|-boost|p1a: Gouging Fire|spe|1\n|\n|-heal|p2a: Dachsbun|243/254|[from] item: Leftovers\n|upkeep\n|turn|37\n|inactive|Time left: 300 sec this turn | 300 sec total\n|\n|t:|1783544995\n|move|p1a: Gouging Fire|Dragon Dance|p1a: Gouging Fire\n|-boost|p1a: Gouging Fire|atk|1\n|-boost|p1a: Gouging Fire|spe|1\n|move|p2a: Dachsbun|Body Press|p1a: Gouging Fire\n|-damage|p1a: Gouging Fire|46/100\n|\n|-heal|p2a: Dachsbun|254/254|[from] item: Leftovers\n|upkeep\n|turn|38\n|inactive|Time left: 300 sec this turn | 300 sec total\n|\n|t:|1783544996\n|move|p1a: Gouging Fire|Earthquake|p2a: Dachsbun\n|-damage|p2a: Dachsbun|152/254\n|move|p2a: Dachsbun|Body Press|p1a: Gouging Fire\n|-damage|p1a: Gouging Fire|20/100\n|\n|-heal|p2a: Dachsbun|167/254|[from] item: Leftovers\n|upkeep\n|turn|39\n|inactive|Time left: 300 sec this turn | 300 sec total\n|\n|t:|1783544998\n|move|p1a: Gouging Fire|Earthquake|p2a: Dachsbun\n|-damage|p2a: Dachsbun|67/254\n|move|p2a: Dachsbun|Body Press|p1a: Gouging Fire\n|-damage|p1a: Gouging Fire|0 fnt\n|faint|p1a: Gouging Fire\n|-end|p1a: Gouging Fire|Protosynthesis|[silent]\n|\n|-heal|p2a: Dachsbun|82/254|[from] item: Leftovers\n|upkeep\n|\n|t:|1783544999\n|switch|p1a: Dipplin|Dipplin, L88, M|100/100\n|turn|40\n|inactive|Time left: 300 sec this turn | 300 sec total\n|\n|t:|1783545000\n|move|p1a: Dipplin|Sucker Punch||[still]\n|-fail|p1a: Dipplin\n|move|p2a: Dachsbun|Wish|p2a: Dachsbun\n|\n|-heal|p2a: Dachsbun|97/254|[from] item: Leftovers\n|upkeep\n|turn|41\n|inactive|Time left: 300 sec this turn | 300 sec total\n|\n|t:|1783545001\n|move|p2a: Dachsbun|Play Rough|p1a: Dipplin|[miss]\n|-miss|p2a: Dachsbun|p1a: Dipplin\n|move|p1a: Dipplin|Dragon Pulse|p2a: Dachsbun\n|-immune|p2a: Dachsbun\n|\n|-heal|p2a: Dachsbun|224/254|[from] move: Wish|[wisher] Dachsbun\n|-heal|p2a: Dachsbun|239/254|[from] item: Leftovers\n|upkeep\n|turn|42\n|inactive|Time left: 300 sec this turn | 300 sec total\n|\n|t:|1783545002\n|move|p2a: Dachsbun|Play Rough|p1a: Dipplin|[miss]\n|-miss|p2a: Dachsbun|p1a: Dipplin\n|move|p1a: Dipplin|Recover||[still]\n|-fail|p1a: Dipplin|heal\n|\n|-heal|p2a: Dachsbun|254/254|[from] item: Leftovers\n|upkeep\n|turn|43\n|inactive|Time left: 300 sec this turn | 300 sec total\n|\n|t:|1783545003\n|move|p2a: Dachsbun|Play Rough|p1a: Dipplin\n|-supereffective|p1a: Dipplin\n|-damage|p1a: Dipplin|60/100\n|move|p1a: Dipplin|Recover|p1a: Dipplin\n|-heal|p1a: Dipplin|100/100\n|\n|upkeep\n|turn|44\n|inactive|Time left: 300 sec this turn | 300 sec total\n|\n|t:|1783545004\n|move|p2a: Dachsbun|Play Rough|p1a: Dipplin\n|-supereffective|p1a: Dipplin\n|-damage|p1a: Dipplin|66/100\n|move|p1a: Dipplin|Recover|p1a: Dipplin\n|-heal|p1a: Dipplin|100/100\n|\n|upkeep\n|turn|45\n|inactive|Time left: 300 sec this turn | 300 sec total\n|\n|t:|1783545005\n|move|p2a: Dachsbun|Play Rough|p1a: Dipplin\n|-supereffective|p1a: Dipplin\n|-damage|p1a: Dipplin|64/100\n|move|p1a: Dipplin|Recover|p1a: Dipplin\n|-heal|p1a: Dipplin|100/100\n|\n|upkeep\n|turn|46\n|inactive|Time left: 300 sec this turn | 300 sec total\n|\n|t:|1783545006\n|move|p2a: Dachsbun|Wish|p2a: Dachsbun\n|move|p1a: Dipplin|Dragon Pulse|p2a: Dachsbun\n|-immune|p2a: Dachsbun\n|\n|upkeep\n|turn|47\n|inactive|Time left: 300 sec this turn | 300 sec total\n|\n|t:|1783545007\n|move|p2a: Dachsbun|Play Rough|p1a: Dipplin\n|-supereffective|p1a: Dipplin\n|-damage|p1a: Dipplin|65/100\n|move|p1a: Dipplin|Dragon Pulse|p2a: Dachsbun\n|-immune|p2a: Dachsbun\n|\n|upkeep\n|turn|48\n|inactive|Time left: 300 sec this turn | 300 sec total\n|\n|t:|1783545008\n|move|p2a: Dachsbun|Body Press|p1a: Dipplin\n|-damage|p1a: Dipplin|50/100\n|move|p1a: Dipplin|Recover|p1a: Dipplin\n|-heal|p1a: Dipplin|100/100\n|\n|upkeep\n|turn|49\n|inactive|Time left: 300 sec this turn | 300 sec total\n|\n|t:|1783545009\n|move|p2a: Dachsbun|Body Press|p1a: Dipplin\n|-damage|p1a: Dipplin|85/100\n|move|p1a: Dipplin|Dragon Pulse|p2a: Dachsbun\n|-immune|p2a: Dachsbun\n|\n|upkeep\n|turn|50\n|inactive|Time left: 300 sec this turn | 300 sec total\n|\n|t:|1783545010\n|move|p2a: Dachsbun|Body Press|p1a: Dipplin\n|-damage|p1a: Dipplin|71/100\n|move|p1a: Dipplin|Dragon Pulse|p2a: Dachsbun\n|-immune|p2a: Dachsbun\n|\n|upkeep\n|turn|51\n|inactive|Time left: 300 sec this turn | 300 sec total\n|\n|t:|1783545011\n|move|p2a: Dachsbun|Body Press|p1a: Dipplin\n|-damage|p1a: Dipplin|56/100\n|move|p1a: Dipplin|Dragon Pulse|p2a: Dachsbun\n|-immune|p2a: Dachsbun\n|\n|upkeep\n|turn|52\n|inactive|Time left: 300 sec this turn | 300 sec total\n|\n|t:|1783545012\n|move|p2a: Dachsbun|Body Press|p1a: Dipplin\n|-damage|p1a: Dipplin|42/100\n|move|p1a: Dipplin|Dragon Pulse|p2a: Dachsbun\n|-immune|p2a: Dachsbun\n|\n|upkeep\n|turn|53\n|inactive|Time left: 300 sec this turn | 300 sec total\n|\n|t:|1783545013\n|move|p2a: Dachsbun|Body Press|p1a: Dipplin\n|-crit|p1a: Dipplin\n|-damage|p1a: Dipplin|22/100\n|move|p1a: Dipplin|Dragon Pulse|p2a: Dachsbun\n|-immune|p2a: Dachsbun\n|\n|upkeep\n|turn|54\n|inactive|Time left: 300 sec this turn | 300 sec total\n|\n|t:|1783545014\n|move|p2a: Dachsbun|Body Press|p1a: Dipplin\n|-damage|p1a: Dipplin|8/100\n|move|p1a: Dipplin|Dragon Pulse|p2a: Dachsbun\n|-immune|p2a: Dachsbun\n|\n|upkeep\n|turn|55\n|inactive|Time left: 300 sec this turn | 300 sec total\n|\n|t:|1783545016\n|-terastallize|p2a: Dachsbun|Steel\n|move|p1a: Dipplin|Sucker Punch|p2a: Dachsbun\n|-damage|p2a: Dachsbun|221/254\n|move|p2a: Dachsbun|Body Press|p1a: Dipplin\n|-damage|p1a: Dipplin|0 fnt\n|faint|p1a: Dipplin\n|\n|-heal|p2a: Dachsbun|236/254|[from] item: Leftovers\n|upkeep\n|\n|t:|1783545017\n|switch|p1a: Lanturn|Lanturn, L89, M|22/100\n|turn|56\n|inactive|Time left: 300 sec this turn | 300 sec total\n|\n|t:|1783545017\n|move|p2a: Dachsbun|Body Press|p1a: Lanturn\n|-damage|p1a: Lanturn|0 fnt\n|faint|p1a: Lanturn\n|\n|win|p0y4482576", "uploadtime": 1783545017, "views": 0, "rating": 0, "private": 0, "password": null, "_winner": "p0y4482576", "_our_name": "p0y4482576"}