{"id": "battle-gen9randombattle-1329", "formatid": "gen9randombattle", "format": "[Gen 9] Random Battle", "players": ["p0x1329690b", "p0y13298c63"], "log": "|init|battle\n|title|p0x1329690b vs. p0y13298c63\n|j|\u2606p0x1329690b\n|j|\u2606p0y13298c63\n|t:|1783554569\n|gametype|singles\n|player|p1|p0x1329690b|266|\n|player|p2|p0y13298c63|266|\n|gen|9\n|tier|[Gen 9] Random Battle\n|rule|Species Clause: Limit one of each Pok\u00e9mon\n|rule|HP Percentage Mod: HP is shown in percentages\n|rule|Sleep Clause Mod: Limit one foe put to sleep\n|rule|Illusion Level Mod: Illusion disguises the Pok\u00e9mon's true level\n|\n|t:|1783554569\n|teamsize|p1|6\n|teamsize|p2|6\n|start\n|switch|p1a: Kilowattrel|Kilowattrel, L83, M|100/100\n|switch|p2a: Drednaw|Drednaw, L81, M|278/278\n|turn|1\n|inactive|Battle timer is ON: inactive players will automatically lose when time's up. (requested by p0y13298c63)\n|\n|t:|1783554570\n|move|p1a: Kilowattrel|Discharge|p2a: Drednaw\n|-supereffective|p2a: Drednaw\n|-damage|p2a: Drednaw|68/278\n|move|p2a: Drednaw|Shell Smash|p2a: Drednaw\n|-unboost|p2a: Drednaw|def|1\n|-unboost|p2a: Drednaw|spd|1\n|-boost|p2a: Drednaw|atk|2\n|-boost|p2a: Drednaw|spa|2\n|-boost|p2a: Drednaw|spe|2\n|-enditem|p2a: Drednaw|White Herb\n|-clearnegativeboost|p2a: Drednaw|[silent]\n|\n|upkeep\n|turn|2\n|inactive|Time left: 300 sec this turn | 300 sec total\n|inactive|p0x1329690b also wants the timer to be on.\n|\n|t:|1783554571\n|switch|p1a: Gurdurr|Gurdurr, L85, F|100/100\n|move|p2a: Drednaw|Stone Edge|p1a: Gurdurr\n|-resisted|p1a: Gurdurr\n|-damage|p1a: Gurdurr|75/100\n|\n|upkeep\n|turn|3\n|inactive|Time left: 300 sec this turn | 300 sec total\n|\n|t:|1783554572\n|switch|p2a: Slowbro|Slowbro-Galar, L87, F|307/307\n|move|p1a: Gurdurr|Drain Punch|p2a: Slowbro\n|-resisted|p2a: Slowbro\n|-damage|p2a: Slowbro|288/307\n|-heal|p1a: Gurdurr|79/100|[from] drain|[of] p2a: Slowbro\n|-damage|p1a: Gurdurr|62/100|[from] item: Rocky Helmet|[of] p2a: Slowbro\n|\n|upkeep\n|turn|4\n|inactive|Time left: 300 sec this turn | 300 sec total\n|\n|t:|1783554574\n|switch|p1a: Magearna|Magearna-Original, L77|100/100\n|move|p2a: Slowbro|Psychic|p1a: Magearna\n|-resisted|p1a: Magearna\n|-damage|p1a: Magearna|83/100\n|\n|-heal|p1a: Magearna|89/100|[from] item: Leftovers\n|upkeep\n|turn|5\n|inactive|Time left: 300 sec this turn | 300 sec total\n|\n|t:|1783554575\n|move|p1a: Magearna|Flash Cannon|p2a: Slowbro\n|-damage|p2a: Slowbro|191/307\n|move|p2a: Slowbro|Fire Blast|p1a: Magearna\n|-supereffective|p1a: Magearna\n|-damage|p1a: Magearna|32/100\n|\n|-heal|p1a: Magearna|38/100|[from] item: Leftovers\n|upkeep\n|turn|6\n|inactive|Time left: 300 sec this turn | 300 sec total\n|\n|t:|1783554576\n|move|p1a: Magearna|Pain Split|p2a: Slowbro\n|-sethp|p2a: Slowbro|143/307|[from] move: Pain Split|[silent]\n|-sethp|p1a: Magearna|58/100|[from] move: Pain Split\n|move|p2a: Slowbro|Fire Blast|p1a: Magearna\n|-supereffective|p1a: Magearna\n|-damage|p1a: Magearna|0 fnt\n|faint|p1a: Magearna\n|\n|upkeep\n|\n|t:|1783554577\n|switch|p1a: Lilligant|Lilligant, L86, F|100/100\n|turn|7\n|inactive|Time left: 300 sec this turn | 300 sec total\n|\n|t:|1783554578\n|move|p1a: Lilligant|Quiver Dance|p1a: Lilligant\n|-boost|p1a: Lilligant|spa|1\n|-boost|p1a: Lilligant|spd|1\n|-boost|p1a: Lilligant|spe|1\n|move|p2a: Slowbro|Shell Side Arm|p1a: Lilligant|[anim] Shell Side Arm Physical\n|-supereffective|p1a: Lilligant\n|-damage|p1a: Lilligant|6/100\n|-hint|Physical Shell Side Arm\n|\n|upkeep\n|turn|8\n|inactive|Time left: 300 sec this turn | 300 sec total\n|\n|t:|1783554579\n|move|p1a: Lilligant|Sleep Powder|p2a: Slowbro\n|-status|p2a: Slowbro|slp|[from] move: Sleep Powder\n|cant|p2a: Slowbro|slp\n|\n|upkeep\n|turn|9\n|inactive|Time left: 300 sec this turn | 300 sec total\n|\n|t:|1783554580\n|switch|p2a: Muk|Muk, L86, F|321/321\n|move|p1a: Lilligant|Petal Dance|p2a: Muk\n|-resisted|p2a: Muk\n|-damage|p2a: Muk|200/321\n|-damage|p1a: Lilligant|0 fnt|[from] item: Life Orb\n|faint|p1a: Lilligant\n|\n|-heal|p2a: Muk|220/321|[from] item: Leftovers\n|upkeep\n|\n|t:|1783554581\n|switch|p1a: Gurdurr|Gurdurr, L85, F|62/100\n|turn|10\n|inactive|Time left: 300 sec this turn | 300 sec total\n|\n|t:|1783554582\n|move|p2a: Muk|Poison Jab|p1a: Gurdurr\n|-damage|p1a: Gurdurr|38/100\n|move|p1a: Gurdurr|Knock Off|p2a: Muk\n|-damage|p2a: Muk|129/321\n|-enditem|p2a: Muk|Leftovers|[from] move: Knock Off|[of] p1a: Gurdurr\n|\n|upkeep\n|turn|11\n|inactive|Time left: 300 sec this turn | 300 sec total\n|\n|t:|1783554583\n|move|p2a: Muk|Poison Jab|p1a: Gurdurr\n|-damage|p1a: Gurdurr|15/100\n|-status|p1a: Gurdurr|psn\n|move|p1a: Gurdurr|Knock Off|p2a: Muk\n|-damage|p2a: Muk|44/321\n|\n|-damage|p1a: Gurdurr|3/100 psn|[from] psn\n|upkeep\n|turn|12\n|inactive|Time left: 300 sec this turn | 300 sec total\n|\n|t:|1783554584\n|switch|p1a: Phione|Phione, L91|100/100\n|move|p2a: Muk|Knock Off|p1a: Phione\n|-damage|p1a: Phione|76/100\n|-status|p1a: Phione|psn|[from] ability: Poison Touch|[of] p2a: Muk\n|-enditem|p1a: Phione|Leftovers|[from] move: Knock Off|[of] p2a: Muk\n|\n|-damage|p1a: Phione|63/100 psn|[from] psn\n|upkeep\n|turn|13\n|inactive|Time left: 300 sec this turn | 300 sec total\n|\n|t:|1783554585\n|switch|p2a: Slowbro|Slowbro-Galar, L87, F|245/307 slp\n|move|p1a: Phione|Scald|p2a: Slowbro\n|-damage|p2a: Slowbro|154/307 slp\n|\n|-damage|p1a: Phione|51/100 psn|[from] psn\n|upkeep\n|turn|14\n|inactive|Time left: 300 sec this turn | 300 sec total\n|\n|t:|1783554586\n|move|p1a: Phione|Scald|p2a: Slowbro\n|-damage|p2a: Slowbro|55/307 slp\n|cant|p2a: Slowbro|slp\n|\n|-damage|p1a: Phione|39/100 psn|[from] psn\n|upkeep\n|turn|15\n|inactive|Time left: 300 sec this turn | 300 sec total\n|\n|t:|1783554587\n|switch|p2a: Suicune|Suicune, L82|298/298\n|-ability|p2a: Suicune|Pressure\n|move|p1a: Phione|Scald|p2a: Suicune\n|-resisted|p2a: Suicune\n|-damage|p2a: Suicune|264/298\n|\n|-heal|p2a: Suicune|282/298|[from] item: Leftovers\n|-damage|p1a: Phione|26/100 psn|[from] psn\n|upkeep\n|turn|16\n|inactive|Time left: 300 sec this turn | 300 sec total\n|\n|t:|1783554587\n|move|p1a: Phione|Grass Knot|p2a: Suicune\n|-supereffective|p2a: Suicune\n|-damage|p2a: Suicune|168/298\n|move|p2a: Suicune|Calm Mind|p2a: Suicune\n|-boost|p2a: Suicune|spa|1\n|-boost|p2a: Suicune|spd|1\n|\n|-heal|p2a: Suicune|186/298|[from] item: Leftovers\n|-damage|p1a: Phione|14/100 psn|[from] psn\n|upkeep\n|turn|17\n|inactive|Time left: 300 sec this turn | 300 sec total\n|\n|t:|1783554589\n|move|p1a: Phione|Grass Knot|p2a: Suicune\n|-supereffective|p2a: Suicune\n|-damage|p2a: Suicune|108/298\n|move|p2a: Suicune|Calm Mind|p2a: Suicune\n|-boost|p2a: Suicune|spa|1\n|-boost|p2a: Suicune|spd|1\n|\n|-heal|p2a: Suicune|126/298|[from] item: Leftovers\n|-damage|p1a: Phione|2/100 psn|[from] psn\n|upkeep\n|turn|18\n|inactive|Time left: 300 sec this turn | 300 sec total\n|\n|t:|1783554589\n|move|p1a: Phione|Grass Knot|p2a: Suicune\n|-supereffective|p2a: Suicune\n|-damage|p2a: Suicune|66/298\n|move|p2a: Suicune|Rest|p2a: Suicune\n|-status|p2a: Suicune|slp|[from] move: Rest\n|-heal|p2a: Suicune|298/298 slp|[silent]\n|\n|-damage|p1a: Phione|0 fnt|[from] psn\n|faint|p1a: Phione\n|upkeep\n|\n|t:|1783554590\n|switch|p1a: Vileplume|Vileplume, L85, M|100/100\n|turn|19\n|inactive|Time left: 300 sec this turn | 300 sec total\n|\n|t:|1783554591\n|cant|p2a: Suicune|slp\n|move|p1a: Vileplume|Strength Sap|p2a: Suicune\n|-unboost|p2a: Suicune|atk|1\n|\n|upkeep\n|turn|20\n|inactive|Time left: 300 sec this turn | 300 sec total\n|\n|t:|1783554593\n|cant|p2a: Suicune|slp\n|move|p2a: Suicune|Sleep Talk|p2a: Suicune\n|move|p2a: Suicune|Scald|p1a: Vileplume|[from] move: Sleep Talk\n|-resisted|p1a: Vileplume\n|-damage|p1a: Vileplume|71/100\n|-status|p1a: Vileplume|brn\n|move|p1a: Vileplume|Strength Sap|p2a: Suicune\n|-unboost|p2a: Suicune|atk|1\n|-heal|p1a: Vileplume|100/100 brn\n|\n|-damage|p1a: Vileplume|94/100 brn|[from] brn\n|upkeep\n|turn|21\n|inactive|Time left: 300 sec this turn | 300 sec total\n|\n|t:|1783554594\n|-curestatus|p2a: Suicune|slp|[msg]\n|move|p2a: Suicune|Scald|p1a: Vileplume\n|-resisted|p1a: Vileplume\n|-damage|p1a: Vileplume|68/100 brn\n|move|p1a: Vileplume|Sludge Bomb|p2a: Suicune\n|-damage|p2a: Suicune|252/298\n|\n|-heal|p2a: Suicune|270/298|[from] item: Leftovers\n|-heal|p1a: Vileplume|74/100 brn|[from] item: Leftovers\n|-damage|p1a: Vileplume|68/100 brn|[from] brn\n|upkeep\n|turn|22\n|inactive|Time left: 300 sec this turn | 300 sec total\n|\n|t:|1783554595\n|move|p2a: Suicune|Scald|p1a: Vileplume\n|-resisted|p1a: Vileplume\n|-damage|p1a: Vileplume|41/100 brn\n|move|p1a: Vileplume|Strength Sap|p2a: Suicune\n|-unboost|p2a: Suicune|atk|1\n|-heal|p1a: Vileplume|66/100 brn\n|\n|-heal|p2a: Suicune|288/298|[from] item: Leftovers\n|-heal|p1a: Vileplume|72/100 brn|[from] item: Leftovers\n|-damage|p1a: Vileplume|66/100 brn|[from] brn\n|upkeep\n|turn|23\n|inactive|Time left: 300 sec this turn | 300 sec total\n|\n|t:|1783554596\n|move|p2a: Suicune|Scald|p1a: Vileplume\n|-resisted|p1a: Vileplume\n|-damage|p1a: Vileplume|36/100 brn\n|move|p1a: Vileplume|Strength Sap|p2a: Suicune\n|-unboost|p2a: Suicune|atk|1\n|-heal|p1a: Vileplume|55/100 brn\n|\n|-heal|p2a: Suicune|298/298|[from] item: Leftovers\n|-heal|p1a: Vileplume|61/100 brn|[from] item: Leftovers\n|-damage|p1a: Vileplume|55/100 brn|[from] brn\n|upkeep\n|turn|24\n|inactive|Time left: 300 sec this turn | 300 sec total\n|\n|t:|1783554597\n|move|p2a: Suicune|Scald|p1a: Vileplume\n|-resisted|p1a: Vileplume\n|-damage|p1a: Vileplume|29/100 brn\n|move|p1a: Vileplume|Strength Sap|p2a: Suicune\n|-unboost|p2a: Suicune|atk|1\n|-heal|p1a: Vileplume|45/100 brn\n|\n|-heal|p1a: Vileplume|51/100 brn|[from] item: Leftovers\n|-damage|p1a: Vileplume|45/100 brn|[from] brn\n|upkeep\n|turn|25\n|inactive|Time left: 300 sec this turn | 300 sec total\n|\n|t:|1783554599\n|move|p2a: Suicune|Scald|p1a: Vileplume\n|-resisted|p1a: Vileplume\n|-damage|p1a: Vileplume|15/100 brn\n|move|p1a: Vileplume|Giga Drain|p2a: Suicune\n|-supereffective|p2a: Suicune\n|-damage|p2a: Suicune|220/298\n|-heal|p1a: Vileplume|30/100 brn|[from] drain|[of] p2a: Suicune\n|\n|-heal|p2a: Suicune|238/298|[from] item: Leftovers\n|-heal|p1a: Vileplume|36/100 brn|[from] item: Leftovers\n|-damage|p1a: Vileplume|30/100 brn|[from] brn\n|upkeep\n|turn|26\n|inactive|Time left: 300 sec this turn | 300 sec total\n|\n|t:|1783554600\n|move|p2a: Suicune|Scald|p1a: Vileplume\n|-resisted|p1a: Vileplume\n|-crit|p1a: Vileplume\n|-damage|p1a: Vileplume|0 fnt\n|faint|p1a: Vileplume\n|\n|-heal|p2a: Suicune|256/298|[from] item: Leftovers\n|upkeep\n|\n|t:|1783554601\n|switch|p1a: Kilowattrel|Kilowattrel, L83, M|100/100\n|turn|27\n|inactive|Time left: 300 sec this turn | 300 sec total\n|\n|t:|1783554602\n|move|p1a: Kilowattrel|Discharge|p2a: Suicune\n|-supereffective|p2a: Suicune\n|-damage|p2a: Suicune|182/298\n|move|p2a: Suicune|Scald|p1a: Kilowattrel\n|-damage|p1a: Kilowattrel|25/100\n|-status|p1a: Kilowattrel|brn\n|\n|-heal|p2a: Suicune|200/298|[from] item: Leftovers\n|-damage|p1a: Kilowattrel|19/100 brn|[from] brn\n|upkeep\n|turn|28\n|inactive|Time left: 300 sec this turn | 300 sec total\n|\n|t:|1783554603\n|-terastallize|p1a: Kilowattrel|Water\n|move|p1a: Kilowattrel|Roost|p1a: Kilowattrel\n|-heal|p1a: Kilowattrel|69/100 brn\n|move|p2a: Suicune|Scald|p1a: Kilowattrel\n|-resisted|p1a: Kilowattrel\n|-damage|p1a: Kilowattrel|30/100 brn\n|\n|-heal|p2a: Suicune|218/298|[from] item: Leftovers\n|-damage|p1a: Kilowattrel|24/100 brn|[from] brn\n|upkeep\n|turn|29\n|inactive|Time left: 300 sec this turn | 300 sec total\n|\n|t:|1783554604\n|move|p1a: Kilowattrel|Roost|p1a: Kilowattrel\n|-heal|p1a: Kilowattrel|74/100 brn\n|move|p2a: Suicune|Scald|p1a: Kilowattrel\n|-resisted|p1a: Kilowattrel\n|-damage|p1a: Kilowattrel|36/100 brn\n|\n|-heal|p2a: Suicune|236/298|[from] item: Leftovers\n|-damage|p1a: Kilowattrel|30/100 brn|[from] brn\n|upkeep\n|turn|30\n|inactive|Time left: 300 sec this turn | 300 sec total\n|\n|t:|1783554605\n|move|p1a: Kilowattrel|Roost|p1a: Kilowattrel\n|-heal|p1a: Kilowattrel|80/100 brn\n|move|p2a: Suicune|Scald|p1a: Kilowattrel\n|-resisted|p1a: Kilowattrel\n|-damage|p1a: Kilowattrel|41/100 brn\n|\n|-heal|p2a: Suicune|254/298|[from] item: Leftovers\n|-damage|p1a: Kilowattrel|35/100 brn|[from] brn\n|upkeep\n|turn|31\n|inactive|Time left: 300 sec this turn | 300 sec total\n|\n|t:|1783554606\n|move|p1a: Kilowattrel|Roost|p1a: Kilowattrel\n|-heal|p1a: Kilowattrel|85/100 brn\n|move|p2a: Suicune|Scald|p1a: Kilowattrel\n|-resisted|p1a: Kilowattrel\n|-damage|p1a: Kilowattrel|44/100 brn\n|\n|-heal|p2a: Suicune|272/298|[from] item: Leftovers\n|-damage|p1a: Kilowattrel|38/100 brn|[from] brn\n|upkeep\n|turn|32\n|inactive|Time left: 300 sec this turn | 300 sec total\n|\n|t:|1783554607\n|move|p1a: Kilowattrel|Roost|p1a: Kilowattrel\n|-heal|p1a: Kilowattrel|88/100 brn\n|move|p2a: Suicune|Scald|p1a: Kilowattrel\n|-resisted|p1a: Kilowattrel\n|-damage|p1a: Kilowattrel|50/100 brn\n|\n|-heal|p2a: Suicune|290/298|[from] item: Leftovers\n|-damage|p1a: Kilowattrel|44/100 brn|[from] brn\n|upkeep\n|turn|33\n|inactive|Time left: 300 sec this turn | 300 sec total\n|\n|t:|1783554608\n|move|p1a: Kilowattrel|Roost|p1a: Kilowattrel\n|-heal|p1a: Kilowattrel|94/100 brn\n|move|p2a: Suicune|Scald|p1a: Kilowattrel\n|-resisted|p1a: Kilowattrel\n|-damage|p1a: Kilowattrel|57/100 brn\n|\n|-heal|p2a: Suicune|298/298|[from] item: Leftovers\n|-damage|p1a: Kilowattrel|51/100 brn|[from] brn\n|upkeep\n|turn|34\n|inactive|Time left: 300 sec this turn | 300 sec total\n|\n|t:|1783554609\n|move|p1a: Kilowattrel|Roost|p1a: Kilowattrel\n|-heal|p1a: Kilowattrel|100/100 brn\n|move|p2a: Suicune|Scald|p1a: Kilowattrel\n|-resisted|p1a: Kilowattrel\n|-damage|p1a: Kilowattrel|57/100 brn\n|\n|-damage|p1a: Kilowattrel|51/100 brn|[from] brn\n|upkeep\n|turn|35\n|inactive|Time left: 300 sec this turn | 300 sec total\n|\n|t:|1783554610\n|move|p1a: Kilowattrel|Roost|p1a: Kilowattrel\n|-heal|p1a: Kilowattrel|100/100 brn\n|move|p2a: Suicune|Scald|p1a: Kilowattrel\n|-resisted|p1a: Kilowattrel\n|-damage|p1a: Kilowattrel|57/100 brn\n|\n|-damage|p1a: Kilowattrel|51/100 brn|[from] brn\n|upkeep\n|turn|36\n|inactive|Time left: 300 sec this turn | 300 sec total\n|\n|t:|1783554611\n|move|p1a: Kilowattrel|Discharge|p2a: Suicune\n|-supereffective|p2a: Suicune\n|-damage|p2a: Suicune|218/298\n|-status|p2a: Suicune|par\n|move|p2a: Suicune|Scald|p1a: Kilowattrel\n|-resisted|p1a: Kilowattrel\n|-damage|p1a: Kilowattrel|10/100 brn\n|\n|-heal|p2a: Suicune|236/298 par|[from] item: Leftovers\n|-damage|p1a: Kilowattrel|4/100 brn|[from] brn\n|upkeep\n|turn|37\n|inactive|Time left: 300 sec this turn | 300 sec total\n|\n|t:|1783554612\n|switch|p2a: Slowbro|Slowbro-Galar, L87, F|157/307 slp\n|move|p1a: Kilowattrel|Hurricane|p2a: Slowbro\n|-damage|p2a: Slowbro|27/307 slp\n|\n|-damage|p1a: Kilowattrel|0 fnt|[from] brn\n|faint|p1a: Kilowattrel\n|upkeep\n|\n|t:|1783554612\n|switch|p1a: Gurdurr|Gurdurr, L85, F|3/100 psn\n|turn|38\n|inactive|Time left: 300 sec this turn | 300 sec total\n|\n|t:|1783554613\n|move|p1a: Gurdurr|Drain Punch|p2a: Slowbro\n|-resisted|p2a: Slowbro\n|-damage|p2a: Slowbro|0 fnt\n|-heal|p1a: Gurdurr|8/100 psn|[from] drain|[of] p2a: Slowbro\n|-damage|p1a: Gurdurr|0 fnt|[from] item: Rocky Helmet|[of] p2a: Slowbro\n|faint|p2a: Slowbro\n|faint|p1a: Gurdurr\n|\n|win|p0y13298c63", "uploadtime": 1783554613, "views": 0, "rating": 0, "private": 0, "password": null, "_winner": "p0y13298c63", "_our_name": "p0y13298c63"}