{"id": "battle-gen9randombattle-2012", "formatid": "gen9randombattle", "format": "[Gen 9] Random Battle", "players": ["p0x201206b1", "p0y2012f253"], "log": "|init|battle\n|title|p0x201206b1 vs. p0y2012f253\n|j|\u2606p0x201206b1\n|j|\u2606p0y2012f253\n|t:|1783563292\n|gametype|singles\n|player|p1|p0x201206b1|101|\n|player|p2|p0y2012f253|2|\n|gen|9\n|tier|[Gen 9] Random Battle\n|rule|Species Clause: Limit one of each Pok\u00e9mon\n|rule|HP Percentage Mod: HP is shown in percentages\n|rule|Sleep Clause Mod: Limit one foe put to sleep\n|rule|Illusion Level Mod: Illusion disguises the Pok\u00e9mon's true level\n|\n|t:|1783563292\n|teamsize|p1|6\n|teamsize|p2|6\n|start\n|switch|p1a: Toxapex|Toxapex, L82, M|100/100\n|switch|p2a: Ceruledge|Ceruledge, L78, M|245/245\n|turn|1\n|inactive|Battle timer is ON: inactive players will automatically lose when time's up. (requested by p0y2012f253)\n|inactive|p0x201206b1 also wants the timer to be on.\n|\n|t:|1783563294\n|move|p2a: Ceruledge|Swords Dance|p2a: Ceruledge\n|-boost|p2a: Ceruledge|atk|2\n|move|p1a: Toxapex|Liquidation|p2a: Ceruledge\n|-supereffective|p2a: Ceruledge\n|-crit|p2a: Ceruledge\n|-damage|p2a: Ceruledge|23/245\n|-ability|p2a: Ceruledge|Weak Armor|boost\n|-unboost|p2a: Ceruledge|def|1\n|-boost|p2a: Ceruledge|spe|2\n|\n|upkeep\n|turn|2\n|inactive|Time left: 300 sec this turn | 300 sec total\n|\n|t:|1783563295\n|move|p2a: Ceruledge|Poltergeist|p1a: Toxapex\n|-activate|p1a: Toxapex|move: Poltergeist|Leftovers\n|-damage|p1a: Toxapex|25/100\n|move|p1a: Toxapex|Liquidation|p2a: Ceruledge\n|-supereffective|p2a: Ceruledge\n|-damage|p2a: Ceruledge|0 fnt\n|faint|p2a: Ceruledge\n|\n|-heal|p1a: Toxapex|31/100|[from] item: Leftovers\n|upkeep\n|inactive|Time left: 300 sec this turn | 300 sec total | 5 sec grace\n|\n|t:|1783563296\n|switch|p2a: Noivern|Noivern, L82, M|274/274\n|turn|3\n|inactive|Time left: 300 sec this turn | 300 sec total\n|\n|t:|1783563297\n|switch|p1a: Slaking|Slaking, L84, M|100/100\n|move|p2a: Noivern|Boomburst|p1a: Slaking\n|-damage|p1a: Slaking|57/100\n|\n|upkeep\n|turn|4\n|inactive|Time left: 300 sec this turn | 300 sec total\n|\n|t:|1783563298\n|move|p2a: Noivern|Boomburst|p1a: Slaking\n|-damage|p1a: Slaking|16/100\n|move|p1a: Slaking|Giga Impact|p2a: Noivern|[miss]\n|-miss|p1a: Slaking|p2a: Noivern\n|\n|upkeep\n|turn|5\n|inactive|Time left: 300 sec this turn | 300 sec total\n|\n|t:|1783563299\n|switch|p1a: Ho-Oh|Ho-Oh, L71|100/100\n|move|p2a: Noivern|Boomburst|p1a: Ho-Oh\n|-damage|p1a: Ho-Oh|60/100\n|\n|upkeep\n|turn|6\n|inactive|Time left: 300 sec this turn | 300 sec total\n|\n|t:|1783563301\n|move|p2a: Noivern|Boomburst|p1a: Ho-Oh\n|-damage|p1a: Ho-Oh|24/100\n|move|p1a: Ho-Oh|Recover|p1a: Ho-Oh\n|-heal|p1a: Ho-Oh|74/100\n|\n|upkeep\n|turn|7\n|inactive|Time left: 300 sec this turn | 300 sec total\n|\n|t:|1783563302\n|move|p2a: Noivern|Boomburst|p1a: Ho-Oh\n|-damage|p1a: Ho-Oh|31/100\n|move|p1a: Ho-Oh|Recover|p1a: Ho-Oh\n|-heal|p1a: Ho-Oh|81/100\n|\n|upkeep\n|turn|8\n|inactive|Time left: 300 sec this turn | 300 sec total\n|\n|t:|1783563303\n|move|p2a: Noivern|Boomburst|p1a: Ho-Oh\n|-damage|p1a: Ho-Oh|42/100\n|move|p1a: Ho-Oh|Recover|p1a: Ho-Oh\n|-heal|p1a: Ho-Oh|92/100\n|\n|upkeep\n|turn|9\n|inactive|Time left: 300 sec this turn | 300 sec total\n|\n|t:|1783563304\n|move|p2a: Noivern|Boomburst|p1a: Ho-Oh\n|-damage|p1a: Ho-Oh|53/100\n|move|p1a: Ho-Oh|Sacred Fire|p2a: Noivern\n|-resisted|p2a: Noivern\n|-damage|p2a: Noivern|222/274\n|-status|p2a: Noivern|brn\n|\n|-damage|p2a: Noivern|205/274 brn|[from] brn\n|upkeep\n|turn|10\n|inactive|Time left: 300 sec this turn | 300 sec total\n|\n|t:|1783563305\n|move|p2a: Noivern|Boomburst|p1a: Ho-Oh\n|-damage|p1a: Ho-Oh|11/100\n|move|p1a: Ho-Oh|Recover|p1a: Ho-Oh\n|-heal|p1a: Ho-Oh|61/100\n|\n|-damage|p2a: Noivern|188/274 brn|[from] brn\n|upkeep\n|turn|11\n|inactive|Time left: 300 sec this turn | 300 sec total\n|\n|t:|1783563306\n|move|p2a: Noivern|Boomburst|p1a: Ho-Oh\n|-damage|p1a: Ho-Oh|23/100\n|move|p1a: Ho-Oh|Recover|p1a: Ho-Oh\n|-heal|p1a: Ho-Oh|73/100\n|\n|-damage|p2a: Noivern|171/274 brn|[from] brn\n|upkeep\n|turn|12\n|inactive|Time left: 300 sec this turn | 300 sec total\n|\n|t:|1783563307\n|move|p2a: Noivern|Boomburst|p1a: Ho-Oh\n|-damage|p1a: Ho-Oh|30/100\n|move|p1a: Ho-Oh|Recover|p1a: Ho-Oh\n|-heal|p1a: Ho-Oh|80/100\n|\n|-damage|p2a: Noivern|154/274 brn|[from] brn\n|upkeep\n|turn|13\n|inactive|Time left: 300 sec this turn | 300 sec total\n|\n|t:|1783563308\n|move|p2a: Noivern|Boomburst|p1a: Ho-Oh\n|-damage|p1a: Ho-Oh|41/100\n|move|p1a: Ho-Oh|Brave Bird|p2a: Noivern\n|-damage|p2a: Noivern|36/274 brn\n|-damage|p1a: Ho-Oh|26/100|[from] Recoil\n|\n|-damage|p2a: Noivern|19/274 brn|[from] brn\n|upkeep\n|turn|14\n|inactive|Time left: 300 sec this turn | 300 sec total\n|\n|t:|1783563309\n|switch|p1a: Toxapex|Toxapex, L82, M|64/100\n|move|p2a: Noivern|Boomburst|p1a: Toxapex\n|-damage|p1a: Toxapex|19/100\n|\n|-heal|p1a: Toxapex|25/100|[from] item: Leftovers\n|-damage|p2a: Noivern|2/274 brn|[from] brn\n|upkeep\n|turn|15\n|inactive|Time left: 300 sec this turn | 300 sec total\n|\n|t:|1783563309\n|switch|p1a: Ho-Oh|Ho-Oh, L71|59/100\n|move|p2a: Noivern|Boomburst|p1a: Ho-Oh\n|-crit|p1a: Ho-Oh\n|-damage|p1a: Ho-Oh|3/100\n|\n|-damage|p2a: Noivern|0 fnt|[from] brn\n|faint|p2a: Noivern\n|upkeep\n|inactive|Time left: 300 sec this turn | 300 sec total | 5 sec grace\n|\n|t:|1783563310\n|switch|p2a: Drifblim|Drifblim, L86, F|396/396\n|turn|16\n|inactive|Time left: 300 sec this turn | 300 sec total\n|\n|t:|1783563311\n|switch|p1a: Toxapex|Toxapex, L82, M|58/100\n|move|p2a: Drifblim|Air Slash|p1a: Toxapex\n|-damage|p1a: Toxapex|34/100\n|\n|-heal|p1a: Toxapex|40/100|[from] item: Leftovers\n|upkeep\n|turn|17\n|inactive|Time left: 300 sec this turn | 300 sec total\n|\n|t:|1783563312\n|move|p2a: Drifblim|Calm Mind|p2a: Drifblim\n|-boost|p2a: Drifblim|spa|1\n|-boost|p2a: Drifblim|spd|1\n|move|p1a: Toxapex|Recover|p1a: Toxapex\n|-heal|p1a: Toxapex|90/100\n|\n|-heal|p1a: Toxapex|96/100|[from] item: Leftovers\n|upkeep\n|turn|18\n|inactive|Time left: 300 sec this turn | 300 sec total\n|\n|t:|1783563313\n|move|p2a: Drifblim|Air Slash|p1a: Toxapex\n|-damage|p1a: Toxapex|56/100\n|move|p1a: Toxapex|Toxic|p2a: Drifblim\n|-status|p2a: Drifblim|tox\n|\n|-heal|p1a: Toxapex|62/100|[from] item: Leftovers\n|-damage|p2a: Drifblim|372/396 tox|[from] psn\n|upkeep\n|turn|19\n|inactive|Time left: 300 sec this turn | 300 sec total\n|\n|t:|1783563314\n|move|p2a: Drifblim|Air Slash|p1a: Toxapex\n|-damage|p1a: Toxapex|25/100\n|cant|p1a: Toxapex|flinch\n|\n|-heal|p1a: Toxapex|32/100|[from] item: Leftovers\n|-damage|p2a: Drifblim|324/396 tox|[from] psn\n|upkeep\n|turn|20\n|inactive|Time left: 300 sec this turn | 300 sec total\n|\n|t:|1783563315\n|switch|p1a: Slaking|Slaking, L84, M|16/100\n|move|p2a: Drifblim|Air Slash|p1a: Slaking\n|-damage|p1a: Slaking|0 fnt\n|faint|p1a: Slaking\n|\n|-damage|p2a: Drifblim|252/396 tox|[from] psn\n|upkeep\n|\n|t:|1783563316\n|switch|p1a: Toxapex|Toxapex, L82, M|65/100\n|turn|21\n|inactive|Time left: 300 sec this turn | 300 sec total\n|\n|t:|1783563317\n|move|p2a: Drifblim|Air Slash|p1a: Toxapex\n|-damage|p1a: Toxapex|27/100\n|move|p1a: Toxapex|Haze|p1a: Toxapex\n|-clearallboost\n|\n|-heal|p1a: Toxapex|33/100|[from] item: Leftovers\n|-damage|p2a: Drifblim|156/396 tox|[from] psn\n|upkeep\n|-enditem|p2a: Drifblim|Sitrus Berry|[eat]\n|-heal|p2a: Drifblim|255/396 tox|[from] item: Sitrus Berry\n|turn|22\n|inactive|Time left: 300 sec this turn | 300 sec total\n|\n|t:|1783563318\n|move|p2a: Drifblim|Strength Sap|p1a: Toxapex\n|-unboost|p1a: Toxapex|atk|1\n|-heal|p2a: Drifblim|396/396 tox\n|move|p1a: Toxapex|Recover|p1a: Toxapex\n|-heal|p1a: Toxapex|83/100\n|\n|-heal|p1a: Toxapex|89/100|[from] item: Leftovers\n|-damage|p2a: Drifblim|276/396 tox|[from] psn\n|upkeep\n|turn|23\n|inactive|Time left: 300 sec this turn | 300 sec total\n|\n|t:|1783563319\n|switch|p2a: Vileplume|Vileplume, L85, F|266/266\n|switch|p1a: Ho-Oh|Ho-Oh, L71|36/100\n|\n|upkeep\n|turn|24\n|inactive|Time left: 300 sec this turn | 300 sec total\n|\n|t:|1783563320\n|move|p1a: Ho-Oh|Recover|p1a: Ho-Oh\n|-heal|p1a: Ho-Oh|86/100\n|move|p2a: Vileplume|Strength Sap|p1a: Ho-Oh\n|-unboost|p1a: Ho-Oh|atk|1\n|\n|upkeep\n|turn|25\n|inactive|Time left: 300 sec this turn | 300 sec total\n|\n|t:|1783563321\n|switch|p1a: Toxapex|Toxapex, L82, M|100/100\n|move|p2a: Vileplume|Sludge Bomb|p1a: Toxapex\n|-resisted|p1a: Toxapex\n|-damage|p1a: Toxapex|84/100\n|\n|-heal|p1a: Toxapex|90/100|[from] item: Leftovers\n|upkeep\n|turn|26\n|inactive|Time left: 300 sec this turn | 300 sec total\n|\n|t:|1783563322\n|move|p2a: Vileplume|Sleep Powder|p1a: Toxapex|[miss]\n|-miss|p2a: Vileplume|p1a: Toxapex\n|move|p1a: Toxapex|Liquidation|p2a: Vileplume\n|-resisted|p2a: Vileplume\n|-damage|p2a: Vileplume|237/266\n|\n|-heal|p2a: Vileplume|253/266|[from] item: Leftovers\n|-heal|p1a: Toxapex|96/100|[from] item: Leftovers\n|upkeep\n|turn|27\n|inactive|Time left: 300 sec this turn | 300 sec total\n|\n|t:|1783563323\n|move|p2a: Vileplume|Sleep Powder|p1a: Toxapex\n|-status|p1a: Toxapex|slp|[from] move: Sleep Powder\n|cant|p1a: Toxapex|slp\n|\n|-heal|p2a: Vileplume|266/266|[from] item: Leftovers\n|-heal|p1a: Toxapex|100/100 slp|[from] item: Leftovers\n|upkeep\n|turn|28\n|inactive|Time left: 300 sec this turn | 300 sec total\n|\n|t:|1783563324\n|move|p2a: Vileplume|Strength Sap|p1a: Toxapex\n|-unboost|p1a: Toxapex|atk|1\n|-curestatus|p1a: Toxapex|slp|[msg]\n|move|p1a: Toxapex|Toxic|p2a: Vileplume\n|-immune|p2a: Vileplume\n|\n|upkeep\n|turn|29\n|inactive|Time left: 300 sec this turn | 300 sec total\n|\n|t:|1783563325\n|move|p2a: Vileplume|Sludge Bomb|p1a: Toxapex\n|-resisted|p1a: Toxapex\n|-damage|p1a: Toxapex|81/100\n|move|p1a: Toxapex|Haze|p1a: Toxapex\n|-clearallboost\n|\n|-heal|p1a: Toxapex|87/100|[from] item: Leftovers\n|upkeep\n|turn|30\n|inactive|Time left: 300 sec this turn | 300 sec total\n|\n|t:|1783563326\n|move|p2a: Vileplume|Sleep Powder|p1a: Toxapex\n|-status|p1a: Toxapex|slp|[from] move: Sleep Powder\n|cant|p1a: Toxapex|slp\n|\n|-heal|p1a: Toxapex|93/100 slp|[from] item: Leftovers\n|upkeep\n|turn|31\n|inactive|Time left: 300 sec this turn | 300 sec total\n|\n|t:|1783563327\n|move|p2a: Vileplume|Giga Drain|p1a: Toxapex\n|-damage|p1a: Toxapex|61/100 slp\n|-curestatus|p1a: Toxapex|slp|[msg]\n|move|p1a: Toxapex|Toxic|p2a: Vileplume\n|-immune|p2a: Vileplume\n|\n|-heal|p1a: Toxapex|67/100|[from] item: Leftovers\n|upkeep\n|turn|32\n|inactive|Time left: 300 sec this turn | 300 sec total\n|\n|t:|1783563328\n|move|p2a: Vileplume|Giga Drain|p1a: Toxapex\n|-damage|p1a: Toxapex|34/100\n|move|p1a: Toxapex|Recover|p1a: Toxapex\n|-heal|p1a: Toxapex|84/100\n|\n|-heal|p1a: Toxapex|90/100|[from] item: Leftovers\n|upkeep\n|turn|33\n|inactive|Time left: 300 sec this turn | 300 sec total\n|\n|t:|1783563329\n|move|p2a: Vileplume|Sleep Powder|p1a: Toxapex\n|-status|p1a: Toxapex|slp|[from] move: Sleep Powder\n|cant|p1a: Toxapex|slp\n|\n|-heal|p1a: Toxapex|96/100 slp|[from] item: Leftovers\n|upkeep\n|turn|34\n|inactive|Time left: 300 sec this turn | 300 sec total\n|\n|t:|1783563330\n|move|p2a: Vileplume|Sludge Bomb|p1a: Toxapex\n|-resisted|p1a: Toxapex\n|-damage|p1a: Toxapex|78/100 slp\n|-curestatus|p1a: Toxapex|slp|[msg]\n|move|p1a: Toxapex|Toxic|p2a: Vileplume\n|-immune|p2a: Vileplume\n|\n|-heal|p1a: Toxapex|84/100|[from] item: Leftovers\n|upkeep\n|turn|35\n|inactive|Time left: 300 sec this turn | 300 sec total\n|\n|t:|1783563331\n|move|p2a: Vileplume|Sleep Powder|p1a: Toxapex|[miss]\n|-miss|p2a: Vileplume|p1a: Toxapex\n|move|p1a: Toxapex|Toxic|p2a: Vileplume\n|-immune|p2a: Vileplume\n|\n|-heal|p1a: Toxapex|90/100|[from] item: Leftovers\n|upkeep\n|turn|36\n|inactive|Time left: 300 sec this turn | 300 sec total\n|\n|t:|1783563332\n|move|p2a: Vileplume|Sludge Bomb|p1a: Toxapex\n|-resisted|p1a: Toxapex\n|-damage|p1a: Toxapex|73/100\n|move|p1a: Toxapex|Liquidation|p2a: Vileplume\n|-resisted|p2a: Vileplume\n|-crit|p2a: Vileplume\n|-damage|p2a: Vileplume|220/266\n|\n|-heal|p2a: Vileplume|236/266|[from] item: Leftovers\n|-heal|p1a: Toxapex|79/100|[from] item: Leftovers\n|upkeep\n|turn|37\n|inactive|Time left: 300 sec this turn | 300 sec total\n|\n|t:|1783563334\n|move|p2a: Vileplume|Sleep Powder|p1a: Toxapex\n|-status|p1a: Toxapex|slp|[from] move: Sleep Powder\n|cant|p1a: Toxapex|slp\n|\n|-heal|p2a: Vileplume|252/266|[from] item: Leftovers\n|-heal|p1a: Toxapex|85/100 slp|[from] item: Leftovers\n|upkeep\n|turn|38\n|inactive|Time left: 300 sec this turn | 300 sec total\n|\n|t:|1783563335\n|move|p2a: Vileplume|Sludge Bomb|p1a: Toxapex\n|-resisted|p1a: Toxapex\n|-damage|p1a: Toxapex|69/100 slp\n|-curestatus|p1a: Toxapex|slp|[msg]\n|move|p1a: Toxapex|Recover|p1a: Toxapex\n|-heal|p1a: Toxapex|100/100\n|\n|-heal|p2a: Vileplume|266/266|[from] item: Leftovers\n|upkeep\n|turn|39\n|inactive|Time left: 300 sec this turn | 300 sec total\n|\n|t:|1783563336\n|move|p2a: Vileplume|Sludge Bomb|p1a: Toxapex\n|-resisted|p1a: Toxapex\n|-damage|p1a: Toxapex|82/100\n|move|p1a: Toxapex|Liquidation|p2a: Vileplume\n|-resisted|p2a: Vileplume\n|-damage|p2a: Vileplume|235/266\n|\n|-heal|p2a: Vileplume|251/266|[from] item: Leftovers\n|-heal|p1a: Toxapex|88/100|[from] item: Leftovers\n|upkeep\n|turn|40\n|inactive|Time left: 300 sec this turn | 300 sec total\n|\n|t:|1783563337\n|move|p2a: Vileplume|Strength Sap|p1a: Toxapex\n|-unboost|p1a: Toxapex|atk|1\n|-heal|p2a: Vileplume|266/266\n|move|p1a: Toxapex|Recover|p1a: Toxapex\n|-heal|p1a: Toxapex|100/100\n|\n|upkeep\n|turn|41\n|inactive|Time left: 300 sec this turn | 300 sec total\n|\n|t:|1783563338\n|switch|p1a: Ho-Oh|Ho-Oh, L71|100/100\n|move|p2a: Vileplume|Sludge Bomb|p1a: Ho-Oh\n|-damage|p1a: Ho-Oh|71/100\n|\n|upkeep\n|turn|42\n|inactive|Time left: 300 sec this turn | 300 sec total\n|\n|t:|1783563339\n|move|p1a: Ho-Oh|Sacred Fire|p2a: Vileplume\n|-supereffective|p2a: Vileplume\n|-damage|p2a: Vileplume|56/266\n|move|p2a: Vileplume|Strength Sap|p1a: Ho-Oh\n|-unboost|p1a: Ho-Oh|atk|1\n|-heal|p2a: Vileplume|266/266\n|\n|upkeep\n|turn|43\n|inactive|Time left: 300 sec this turn | 300 sec total\n|\n|t:|1783563340\n|switch|p1a: Toxapex|Toxapex, L82, M|100/100\n|move|p2a: Vileplume|Sludge Bomb|p1a: Toxapex\n|-resisted|p1a: Toxapex\n|-damage|p1a: Toxapex|82/100\n|\n|-heal|p1a: Toxapex|88/100|[from] item: Leftovers\n|upkeep\n|turn|44\n|inactive|Time left: 300 sec this turn | 300 sec total\n|\n|t:|1783563341\n|move|p2a: Vileplume|Sludge Bomb|p1a: Toxapex\n|-resisted|p1a: Toxapex\n|-damage|p1a: Toxapex|70/100\n|move|p1a: Toxapex|Recover|p1a: Toxapex\n|-heal|p1a: Toxapex|100/100\n|\n|upkeep\n|turn|45\n|inactive|Time left: 300 sec this turn | 300 sec total\n|\n|t:|1783563342\n|move|p2a: Vileplume|Sludge Bomb|p1a: Toxapex\n|-resisted|p1a: Toxapex\n|-damage|p1a: Toxapex|82/100\n|move|p1a: Toxapex|Recover|p1a: Toxapex\n|-heal|p1a: Toxapex|100/100\n|\n|upkeep\n|turn|46\n|inactive|Time left: 300 sec this turn | 300 sec total\n|\n|t:|1783563343\n|move|p2a: Vileplume|Sleep Powder|p1a: Toxapex|[miss]\n|-miss|p2a: Vileplume|p1a: Toxapex\n|move|p1a: Toxapex|Toxic|p2a: Vileplume\n|-immune|p2a: Vileplume\n|\n|upkeep\n|turn|47\n|inactive|Time left: 300 sec this turn | 300 sec total\n|\n|t:|1783563344\n|move|p2a: Vileplume|Giga Drain|p1a: Toxapex\n|-damage|p1a: Toxapex|71/100\n|move|p1a: Toxapex|Haze|p1a: Toxapex\n|-clearallboost\n|\n|-heal|p1a: Toxapex|77/100|[from] item: Leftovers\n|upkeep\n|turn|48\n|inactive|Time left: 300 sec this turn | 300 sec total\n|\n|t:|1783563345\n|move|p2a: Vileplume|Sleep Powder|p1a: Toxapex\n|-status|p1a: Toxapex|slp|[from] move: Sleep Powder\n|cant|p1a: Toxapex|slp\n|\n|-heal|p1a: Toxapex|83/100 slp|[from] item: Leftovers\n|upkeep\n|turn|49\n|inactive|Time left: 300 sec this turn | 300 sec total\n|\n|t:|1783563346\n|move|p2a: Vileplume|Giga Drain|p1a: Toxapex\n|-damage|p1a: Toxapex|51/100 slp\n|cant|p1a: Toxapex|slp\n|\n|-heal|p1a: Toxapex|57/100 slp|[from] item: Leftovers\n|upkeep\n|turn|50\n|inactive|Time left: 300 sec this turn | 300 sec total\n|\n|t:|1783563347\n|move|p2a: Vileplume|Giga Drain|p1a: Toxapex\n|-damage|p1a: Toxapex|29/100 slp\n|cant|p1a: Toxapex|slp\n|\n|-heal|p1a: Toxapex|35/100 slp|[from] item: Leftovers\n|upkeep\n|turn|51\n|inactive|Time left: 300 sec this turn | 300 sec total\n|\n|t:|1783563348\n|move|p2a: Vileplume|Giga Drain|p1a: Toxapex\n|-damage|p1a: Toxapex|7/100 slp\n|-curestatus|p1a: Toxapex|slp|[msg]\n|move|p1a: Toxapex|Recover|p1a: Toxapex\n|-heal|p1a: Toxapex|57/100\n|\n|-heal|p1a: Toxapex|63/100|[from] item: Leftovers\n|upkeep\n|turn|52\n|inactive|Time left: 300 sec this turn | 300 sec total\n|\n|t:|1783563349\n|switch|p1a: Ho-Oh|Ho-Oh, L71|100/100\n|move|p2a: Vileplume|Sludge Bomb|p1a: Ho-Oh\n|-damage|p1a: Ho-Oh|68/100\n|\n|upkeep\n|turn|53\n|inactive|Time left: 300 sec this turn | 300 sec total\n|\n|t:|1783563350\n|move|p1a: Ho-Oh|Sacred Fire|p2a: Vileplume\n|-supereffective|p2a: Vileplume\n|-damage|p2a: Vileplume|78/266\n|move|p2a: Vileplume|Strength Sap|p1a: Ho-Oh\n|-unboost|p1a: Ho-Oh|atk|1\n|-heal|p2a: Vileplume|266/266\n|\n|upkeep\n|turn|54\n|inactive|Time left: 300 sec this turn | 300 sec total\n|\n|t:|1783563351\n|switch|p1a: Toxapex|Toxapex, L82, M|96/100\n|move|p2a: Vileplume|Strength Sap|p1a: Toxapex\n|-unboost|p1a: Toxapex|atk|1\n|\n|-heal|p1a: Toxapex|100/100|[from] item: Leftovers\n|upkeep\n|turn|55\n|inactive|Time left: 300 sec this turn | 300 sec total\n|\n|t:|1783563352\n|move|p2a: Vileplume|Sludge Bomb|p1a: Toxapex\n|-resisted|p1a: Toxapex\n|-damage|p1a: Toxapex|82/100\n|move|p1a: Toxapex|Toxic|p2a: Vileplume\n|-immune|p2a: Vileplume\n|\n|-heal|p1a: Toxapex|88/100|[from] item: Leftovers\n|upkeep\n|turn|56\n|inactive|Time left: 300 sec this turn | 300 sec total\n|\n|t:|1783563353\n|move|p2a: Vileplume|Sludge Bomb|p1a: Toxapex\n|-resisted|p1a: Toxapex\n|-damage|p1a: Toxapex|72/100\n|move|p1a: Toxapex|Toxic|p2a: Vileplume\n|-immune|p2a: Vileplume\n|\n|-heal|p1a: Toxapex|78/100|[from] item: Leftovers\n|upkeep\n|turn|57\n|inactive|Time left: 300 sec this turn | 300 sec total\n|\n|t:|1783563354\n|switch|p1a: Ho-Oh|Ho-Oh, L71|100/100\n|move|p2a: Vileplume|Sleep Powder|p1a: Ho-Oh|[miss]\n|-miss|p2a: Vileplume|p1a: Ho-Oh\n|\n|upkeep\n|turn|58\n|inactive|Time left: 300 sec this turn | 300 sec total\n|\n|t:|1783563355\n|move|p1a: Ho-Oh|Sacred Fire|p2a: Vileplume\n|-supereffective|p2a: Vileplume\n|-damage|p2a: Vileplume|68/266\n|-status|p2a: Vileplume|brn\n|move|p2a: Vileplume|Strength Sap|p1a: Ho-Oh\n|-unboost|p1a: Ho-Oh|atk|1\n|-heal|p2a: Vileplume|266/266 brn\n|\n|-damage|p2a: Vileplume|250/266 brn|[from] brn\n|upkeep\n|turn|59\n|inactive|Time left: 300 sec this turn | 300 sec total\n|\n|t:|1783563356\n|move|p1a: Ho-Oh|Sacred Fire|p2a: Vileplume\n|-supereffective|p2a: Vileplume\n|-damage|p2a: Vileplume|116/266 brn\n|move|p2a: Vileplume|Strength Sap|p1a: Ho-Oh\n|-unboost|p1a: Ho-Oh|atk|1\n|-heal|p2a: Vileplume|266/266 brn\n|\n|-damage|p2a: Vileplume|250/266 brn|[from] brn\n|upkeep\n|turn|60\n|inactive|Time left: 300 sec this turn | 300 sec total\n|\n|t:|1783563356\n|switch|p1a: Toxapex|Toxapex, L82, M|100/100\n|move|p2a: Vileplume|Sleep Powder|p1a: Toxapex\n|-status|p1a: Toxapex|slp|[from] move: Sleep Powder\n|\n|-heal|p2a: Vileplume|266/266 brn|[from] item: Leftovers\n|-damage|p2a: Vileplume|250/266 brn|[from] brn\n|upkeep\n|turn|61\n|inactive|Time left: 300 sec this turn | 300 sec total\n|\n|t:|1783563357\n|move|p2a: Vileplume|Sludge Bomb|p1a: Toxapex\n|-resisted|p1a: Toxapex\n|-damage|p1a: Toxapex|84/100 slp\n|cant|p1a: Toxapex|slp\n|\n|-heal|p2a: Vileplume|266/266 brn|[from] item: Leftovers\n|-heal|p1a: Toxapex|90/100 slp|[from] item: Leftovers\n|-damage|p2a: Vileplume|250/266 brn|[from] brn\n|upkeep\n|turn|62\n|inactive|Time left: 300 sec this turn | 300 sec total\n|\n|t:|1783563358\n|move|p2a: Vileplume|Strength Sap|p1a: Toxapex\n|-unboost|p1a: Toxapex|atk|1\n|-heal|p2a: Vileplume|266/266 brn\n|-curestatus|p1a: Toxapex|slp|[msg]\n|move|p1a: Toxapex|Haze|p1a: Toxapex\n|-clearallboost\n|\n|-heal|p1a: Toxapex|96/100|[from] item: Leftovers\n|-damage|p2a: Vileplume|250/266 brn|[from] brn\n|upkeep\n|turn|63\n|inactive|Time left: 300 sec this turn | 300 sec total\n|\n|t:|1783563359\n|move|p2a: Vileplume|Strength Sap|p1a: Toxapex\n|-unboost|p1a: Toxapex|atk|1\n|-heal|p2a: Vileplume|266/266 brn\n|move|p1a: Toxapex|Liquidation|p2a: Vileplume\n|-resisted|p2a: Vileplume\n|-damage|p2a: Vileplume|244/266 brn\n|-status|p1a: Toxapex|slp|[from] ability: Effect Spore|[of] p2a: Vileplume\n|\n|-heal|p2a: Vileplume|260/266 brn|[from] item: Leftovers\n|-heal|p1a: Toxapex|100/100 slp|[from] item: Leftovers\n|-damage|p2a: Vileplume|244/266 brn|[from] brn\n|upkeep\n|turn|64\n|inactive|Time left: 300 sec this turn | 300 sec total\n|\n|t:|1783563360\n|switch|p1a: Ho-Oh|Ho-Oh, L71|100/100\n|move|p2a: Vileplume|Sludge Bomb|p1a: Ho-Oh\n|-damage|p1a: Ho-Oh|71/100\n|\n|-heal|p2a: Vileplume|260/266 brn|[from] item: Leftovers\n|-damage|p2a: Vileplume|244/266 brn|[from] brn\n|upkeep\n|turn|65\n|inactive|Time left: 300 sec this turn | 300 sec total\n|\n|t:|1783563361\n|move|p1a: Ho-Oh|Brave Bird|p2a: Vileplume\n|-supereffective|p2a: Vileplume\n|-damage|p2a: Vileplume|0 fnt\n|faint|p2a: Vileplume\n|-damage|p1a: Ho-Oh|41/100|[from] Recoil\n|\n|upkeep\n|inactive|Time left: 300 sec this turn | 300 sec total | 5 sec grace\n|\n|t:|1783563362\n|switch|p2a: Drifblim|Drifblim, L86, F|276/396 tox\n|turn|66\n|inactive|Time left: 300 sec this turn | 300 sec total\n|\n|t:|1783563363\n|move|p2a: Drifblim|Calm Mind|p2a: Drifblim\n|-boost|p2a: Drifblim|spa|1\n|-boost|p2a: Drifblim|spd|1\n|move|p1a: Ho-Oh|Recover|p1a: Ho-Oh\n|-heal|p1a: Ho-Oh|91/100\n|\n|-damage|p2a: Drifblim|252/396 tox|[from] psn\n|upkeep\n|turn|67\n|inactive|Time left: 300 sec this turn | 300 sec total\n|\n|t:|1783563364\n|move|p2a: Drifblim|Strength Sap|p1a: Ho-Oh\n|-unboost|p1a: Ho-Oh|atk|1\n|-heal|p2a: Drifblim|396/396 tox\n|move|p1a: Ho-Oh|Sacred Fire|p2a: Drifblim\n|-damage|p2a: Drifblim|297/396 tox\n|\n|-damage|p2a: Drifblim|249/396 tox|[from] psn\n|upkeep\n|turn|68\n|inactive|Time left: 300 sec this turn | 300 sec total\n|\n|t:|1783563365\n|move|p2a: Drifblim|Strength Sap|p1a: Ho-Oh\n|-unboost|p1a: Ho-Oh|atk|1\n|-heal|p2a: Drifblim|396/396 tox\n|move|p1a: Ho-Oh|Sacred Fire|p2a: Drifblim\n|-damage|p2a: Drifblim|315/396 tox\n|\n|-damage|p2a: Drifblim|243/396 tox|[from] psn\n|upkeep\n|turn|69\n|inactive|Time left: 300 sec this turn | 300 sec total\n|\n|t:|1783563366\n|move|p2a: Drifblim|Strength Sap|p1a: Ho-Oh\n|-unboost|p1a: Ho-Oh|atk|1\n|-heal|p2a: Drifblim|356/396 tox\n|move|p1a: Ho-Oh|Sacred Fire|p2a: Drifblim\n|-damage|p2a: Drifblim|295/396 tox\n|\n|-damage|p2a: Drifblim|199/396 tox|[from] psn\n|upkeep\n|turn|70\n|inactive|Time left: 300 sec this turn | 300 sec total\n|\n|t:|1783563367\n|switch|p1a: Dachsbun|Dachsbun, L92, F|100/100\n|move|p2a: Drifblim|Strength Sap|p1a: Dachsbun\n|-unboost|p1a: Dachsbun|atk|1\n|-heal|p2a: Drifblim|396/396 tox\n|\n|-damage|p2a: Drifblim|276/396 tox|[from] psn\n|upkeep\n|turn|71\n|inactive|Time left: 300 sec this turn | 300 sec total\n|\n|t:|1783563368\n|move|p1a: Dachsbun|Play Rough|p2a: Drifblim\n|-damage|p2a: Drifblim|168/396 tox\n|move|p2a: Drifblim|Strength Sap|p1a: Dachsbun\n|-unboost|p1a: Dachsbun|atk|1\n|-heal|p2a: Drifblim|301/396 tox\n|\n|-damage|p2a: Drifblim|157/396 tox|[from] psn\n|upkeep\n|turn|72\n|inactive|Time left: 300 sec this turn | 300 sec total\n|\n|t:|1783563369\n|switch|p1a: Ho-Oh|Ho-Oh, L71|100/100\n|move|p2a: Drifblim|Strength Sap|p1a: Ho-Oh\n|-unboost|p1a: Ho-Oh|atk|1\n|-heal|p2a: Drifblim|383/396 tox\n|\n|-damage|p2a: Drifblim|215/396 tox|[from] psn\n|upkeep\n|turn|73\n|inactive|Time left: 300 sec this turn | 300 sec total\n|\n|t:|1783563370\n|switch|p1a: Dachsbun|Dachsbun, L92, F|100/100\n|move|p2a: Drifblim|Air Slash|p1a: Dachsbun\n|-damage|p1a: Dachsbun|54/100\n|\n|-heal|p1a: Dachsbun|60/100|[from] item: Leftovers\n|-damage|p2a: Drifblim|23/396 tox|[from] psn\n|upkeep\n|turn|74\n|inactive|Time left: 300 sec this turn | 300 sec total\n|\n|t:|1783563371\n|switch|p2a: Scream Tail|Scream Tail, L84|330/330\n|move|p1a: Dachsbun|Protect||[still]\n|-fail|p1a: Dachsbun\n|\n|-heal|p1a: Dachsbun|66/100|[from] item: Leftovers\n|upkeep\n|turn|75\n|inactive|Time left: 300 sec this turn | 300 sec total\n|\n|t:|1783563372\n|move|p2a: Scream Tail|Play Rough|p1a: Dachsbun\n|-damage|p1a: Dachsbun|47/100\n|move|p1a: Dachsbun|Play Rough|p2a: Scream Tail\n|-damage|p2a: Scream Tail|234/330\n|\n|-heal|p2a: Scream Tail|254/330|[from] item: Leftovers\n|-heal|p1a: Dachsbun|53/100|[from] item: Leftovers\n|upkeep\n|turn|76\n|inactive|Time left: 300 sec this turn | 300 sec total\n|\n|t:|1783563373\n|move|p2a: Scream Tail|Thunder Wave|p1a: Dachsbun\n|-status|p1a: Dachsbun|par\n|move|p1a: Dachsbun|Play Rough|p2a: Scream Tail\n|-damage|p2a: Scream Tail|169/330\n|\n|-heal|p2a: Scream Tail|189/330|[from] item: Leftovers\n|-heal|p1a: Dachsbun|59/100 par|[from] item: Leftovers\n|upkeep\n|turn|77\n|inactive|Time left: 300 sec this turn | 300 sec total\n|\n|t:|1783563374\n|move|p2a: Scream Tail|Wish|p2a: Scream Tail\n|cant|p1a: Dachsbun|par\n|\n|-heal|p2a: Scream Tail|209/330|[from] item: Leftovers\n|-heal|p1a: Dachsbun|65/100 par|[from] item: Leftovers\n|upkeep\n|turn|78\n|inactive|Time left: 300 sec this turn | 300 sec total\n|\n|t:|1783563375\n|move|p2a: Scream Tail|Play Rough|p1a: Dachsbun|[miss]\n|-miss|p2a: Scream Tail|p1a: Dachsbun\n|cant|p1a: Dachsbun|par\n|\n|-heal|p2a: Scream Tail|330/330|[from] move: Wish|[wisher] Scream Tail\n|-heal|p1a: Dachsbun|71/100 par|[from] item: Leftovers\n|upkeep\n|turn|79\n|inactive|Time left: 300 sec this turn | 300 sec total\n|\n|t:|1783563376\n|move|p2a: Scream Tail|Play Rough|p1a: Dachsbun\n|-damage|p1a: Dachsbun|50/100 par\n|move|p1a: Dachsbun|Play Rough|p2a: Scream Tail\n|-damage|p2a: Scream Tail|248/330\n|\n|-heal|p2a: Scream Tail|268/330|[from] item: Leftovers\n|-heal|p1a: Dachsbun|56/100 par|[from] item: Leftovers\n|upkeep\n|turn|80\n|inactive|Time left: 300 sec this turn | 300 sec total\n|\n|t:|1783563377\n|move|p2a: Scream Tail|Wish|p2a: Scream Tail\n|move|p1a: Dachsbun|Wish|p1a: Dachsbun\n|\n|-heal|p2a: Scream Tail|288/330|[from] item: Leftovers\n|-heal|p1a: Dachsbun|62/100 par|[from] item: Leftovers\n|upkeep\n|turn|81\n|inactive|Time left: 300 sec this turn | 300 sec total\n|\n|t:|1783563378\n|-end|p2a: Scream Tail|Protosynthesis|[silent]\n|switch|p2a: Drifblim|Drifblim, L86, F|23/396 tox\n|move|p1a: Dachsbun|Play Rough|p2a: Drifblim\n|-damage|p2a: Drifblim|0 fnt\n|faint|p2a: Drifblim\n|\n|-heal|p1a: Dachsbun|100/100 par|[from] move: Wish|[wisher] Dachsbun\n|upkeep\n|inactive|Time left: 300 sec this turn | 300 sec total | 5 sec grace\n|\n|t:|1783563379\n|switch|p2a: Scream Tail|Scream Tail, L84|288/330\n|turn|82\n|inactive|Time left: 300 sec this turn | 300 sec total\n|\n|t:|1783563380\n|move|p2a: Scream Tail|Wish|p2a: Scream Tail\n|move|p1a: Dachsbun|Play Rough|p2a: Scream Tail\n|-damage|p2a: Scream Tail|206/330\n|\n|-heal|p2a: Scream Tail|226/330|[from] item: Leftovers\n|upkeep\n|turn|83\n|inactive|Time left: 300 sec this turn | 300 sec total\n|\n|t:|1783563381\n|switch|p1a: Toxapex|Toxapex, L82, M|100/100 slp\n|move|p2a: Scream Tail|Play Rough|p1a: Toxapex\n|-resisted|p1a: Toxapex\n|-damage|p1a: Toxapex|90/100 slp\n|\n|-heal|p2a: Scream Tail|330/330|[from] move: Wish|[wisher] Scream Tail\n|-heal|p1a: Toxapex|96/100 slp|[from] item: Leftovers\n|upkeep\n|turn|84\n|inactive|Time left: 300 sec this turn | 300 sec total\n|\n|t:|1783563383\n|move|p2a: Scream Tail|Play Rough|p1a: Toxapex\n|-resisted|p1a: Toxapex\n|-damage|p1a: Toxapex|85/100 slp\n|cant|p1a: Toxapex|slp\n|\n|-heal|p1a: Toxapex|91/100 slp|[from] item: Leftovers\n|upkeep\n|turn|85\n|inactive|Time left: 300 sec this turn | 300 sec total\n|\n|t:|1783563384\n|-end|p2a: Scream Tail|Protosynthesis|[silent]\n|switch|p2a: Mienshao|Mienshao, L83, M|244/244\n|cant|p1a: Toxapex|slp\n|\n|-heal|p1a: Toxapex|97/100 slp|[from] item: Leftovers\n|upkeep\n|turn|86\n|inactive|Time left: 300 sec this turn | 300 sec total\n|\n|t:|1783563385\n|move|p2a: Mienshao|Knock Off|p1a: Toxapex\n|-damage|p1a: Toxapex|72/100 slp\n|-enditem|p1a: Toxapex|Leftovers|[from] move: Knock Off|[of] p2a: Mienshao\n|cant|p1a: Toxapex|slp\n|\n|upkeep\n|turn|87\n|inactive|Time left: 300 sec this turn | 300 sec total\n|\n|t:|1783563386\n|move|p2a: Mienshao|U-turn|p1a: Toxapex\n|-resisted|p1a: Toxapex\n|-damage|p1a: Toxapex|63/100 slp\n|inactive|Time left: 300 sec this turn | 300 sec total | 5 sec grace\n|\n|t:|1783563387\n|switch|p2a: Scream Tail|Scream Tail, L84|330/330|[from] U-turn\n|-curestatus|p1a: Toxapex|slp|[msg]\n|move|p1a: Toxapex|Toxic|p2a: Scream Tail\n|-status|p2a: Scream Tail|tox\n|\n|-damage|p2a: Scream Tail|310/330 tox|[from] psn\n|upkeep\n|turn|88\n|inactive|Time left: 300 sec this turn | 300 sec total\n|\n|t:|1783563388\n|switch|p1a: Ho-Oh|Ho-Oh, L71|100/100\n|move|p2a: Scream Tail|Play Rough|p1a: Ho-Oh\n|-resisted|p1a: Ho-Oh\n|-damage|p1a: Ho-Oh|86/100\n|\n|-heal|p2a: Scream Tail|330/330 tox|[from] item: Leftovers\n|-damage|p2a: Scream Tail|290/330 tox|[from] psn\n|upkeep\n|turn|89\n|inactive|Time left: 300 sec this turn | 300 sec total\n|\n|t:|1783563389\n|move|p2a: Scream Tail|Wish|p2a: Scream Tail\n|move|p1a: Ho-Oh|Brave Bird|p2a: Scream Tail\n|-damage|p2a: Scream Tail|193/330 tox\n|-damage|p1a: Ho-Oh|74/100|[from] Recoil\n|\n|-heal|p2a: Scream Tail|213/330 tox|[from] item: Leftovers\n|-damage|p2a: Scream Tail|153/330 tox|[from] psn\n|upkeep\n|turn|90\n|inactive|Time left: 300 sec this turn | 300 sec total\n|\n|t:|1783563390\n|move|p2a: Scream Tail|Play Rough|p1a: Ho-Oh\n|-resisted|p1a: Ho-Oh\n|-crit|p1a: Ho-Oh\n|-damage|p1a: Ho-Oh|52/100\n|move|p1a: Ho-Oh|Brave Bird|p2a: Scream Tail\n|-damage|p2a: Scream Tail|44/330 tox\n|-damage|p1a: Ho-Oh|39/100|[from] Recoil\n|\n|-heal|p2a: Scream Tail|209/330 tox|[from] move: Wish|[wisher] Scream Tail\n|-heal|p2a: Scream Tail|229/330 tox|[from] item: Leftovers\n|-damage|p2a: Scream Tail|149/330 tox|[from] psn\n|upkeep\n|turn|91\n|inactive|Time left: 300 sec this turn | 300 sec total\n|\n|t:|1783563391\n|-end|p2a: Scream Tail|Protosynthesis|[silent]\n|switch|p2a: Mienshao|Mienshao, L83, M|244/244\n|move|p1a: Ho-Oh|Brave Bird|p2a: Mienshao\n|-supereffective|p2a: Mienshao\n|-damage|p2a: Mienshao|0 fnt\n|faint|p2a: Mienshao\n|-damage|p1a: Ho-Oh|8/100|[from] Recoil\n|\n|upkeep\n|inactive|Time left: 300 sec this turn | 300 sec total | 5 sec grace\n|\n|t:|1783563392\n|switch|p2a: Scream Tail|Scream Tail, L84|149/330 tox\n|turn|92\n|inactive|Time left: 300 sec this turn | 300 sec total\n|\n|t:|1783563393\n|switch|p1a: Feraligatr|Feraligatr, L79, F|100/100\n|move|p2a: Scream Tail|Wish|p2a: Scream Tail\n|\n|-heal|p2a: Scream Tail|169/330 tox|[from] item: Leftovers\n|-damage|p2a: Scream Tail|149/330 tox|[from] psn\n|upkeep\n|turn|93\n|inactive|Time left: 300 sec this turn | 300 sec total\n|\n|t:|1783563394\n|move|p2a: Scream Tail|Protect|p2a: Scream Tail\n|-singleturn|p2a: Scream Tail|Protect\n|move|p1a: Feraligatr|Dragon Dance|p1a: Feraligatr\n|-boost|p1a: Feraligatr|atk|1\n|-boost|p1a: Feraligatr|spe|1\n|\n|-heal|p2a: Scream Tail|314/330 tox|[from] move: Wish|[wisher] Scream Tail\n|-heal|p2a: Scream Tail|330/330 tox|[from] item: Leftovers\n|-damage|p2a: Scream Tail|290/330 tox|[from] psn\n|upkeep\n|turn|94\n|inactive|Time left: 300 sec this turn | 300 sec total\n|\n|t:|1783563395\n|-terastallize|p2a: Scream Tail|Steel\n|move|p2a: Scream Tail|Protect||[still]\n|-fail|p2a: Scream Tail\n|move|p1a: Feraligatr|Liquidation|p2a: Scream Tail\n|-damage|p2a: Scream Tail|109/330 tox\n|\n|-heal|p2a: Scream Tail|129/330 tox|[from] item: Leftovers\n|-damage|p2a: Scream Tail|69/330 tox|[from] psn\n|upkeep\n|turn|95\n|inactive|Time left: 300 sec this turn | 300 sec total\n|\n|t:|1783563396\n|switch|p1a: Ho-Oh|Ho-Oh, L71|42/100\n|move|p2a: Scream Tail|Wish|p2a: Scream Tail\n|\n|-heal|p2a: Scream Tail|89/330 tox|[from] item: Leftovers\n|-damage|p2a: Scream Tail|9/330 tox|[from] psn\n|upkeep\n|turn|96\n|inactive|Time left: 300 sec this turn | 300 sec total\n|\n|t:|1783563396\n|-terastallize|p1a: Ho-Oh|Ground\n|move|p2a: Scream Tail|Thunder Wave|p1a: Ho-Oh\n|-immune|p1a: Ho-Oh\n|move|p1a: Ho-Oh|Earthquake|p2a: Scream Tail\n|-supereffective|p2a: Scream Tail\n|-damage|p2a: Scream Tail|0 fnt\n|faint|p2a: Scream Tail\n|-end|p2a: Scream Tail|Protosynthesis|[silent]\n|\n|win|p0x201206b1", "uploadtime": 1783563396, "views": 0, "rating": 0, "private": 0, "password": null, "_winner": "p0x201206b1", "_our_name": "p0y2012f253"}