{"id": "battle-gen9randombattle-575", "formatid": "gen9randombattle", "format": "[Gen 9] Random Battle", "players": ["p0x575fdb1", "p0y5753d7d"], "log": "|init|battle\n|title|p0x575fdb1 vs. p0y5753d7d\n|j|\u2606p0x575fdb1\n|j|\u2606p0y5753d7d\n|t:|1783546478\n|gametype|singles\n|player|p1|p0x575fdb1|265|\n|player|p2|p0y5753d7d|266|\n|gen|9\n|tier|[Gen 9] Random Battle\n|rule|Species Clause: Limit one of each Pok\u00e9mon\n|rule|HP Percentage Mod: HP is shown in percentages\n|rule|Sleep Clause Mod: Limit one foe put to sleep\n|rule|Illusion Level Mod: Illusion disguises the Pok\u00e9mon's true level\n|\n|t:|1783546478\n|teamsize|p1|6\n|teamsize|p2|6\n|start\n|switch|p1a: Gumshoos|Gumshoos, L95, F|321/321\n|switch|p2a: Kommo-o|Kommo-o, L77, F|100/100\n|turn|1\n|inactive|Battle timer is ON: inactive players will automatically lose when time's up. (requested by p0x575fdb1)\n|inactive|p0y5753d7d also wants the timer to be on.\n|\n|t:|1783546479\n|move|p2a: Kommo-o|Close Combat|p1a: Gumshoos\n|-supereffective|p1a: Gumshoos\n|-damage|p1a: Gumshoos|27/321\n|-unboost|p2a: Kommo-o|def|1\n|-unboost|p2a: Kommo-o|spd|1\n|move|p1a: Gumshoos|Double-Edge|p2a: Kommo-o\n|-damage|p2a: Kommo-o|0 fnt\n|faint|p2a: Kommo-o\n|-damage|p1a: Gumshoos|0 fnt|[from] Recoil\n|faint|p1a: Gumshoos\n|\n|upkeep\n|inactive|Time left: 300 sec this turn | 300 sec total | 65 sec grace\n|\n|t:|1783546480\n|switch|p2a: Lurantis|Lurantis, L87, M|100/100\n|switch|p1a: Kommo-o|Kommo-o, L77, F|242/242\n|turn|2\n|inactive|Time left: 300 sec this turn | 300 sec total\n|\n|t:|1783546481\n|move|p1a: Kommo-o|Swords Dance|p1a: Kommo-o\n|-boost|p1a: Kommo-o|atk|2\n|move|p2a: Lurantis|Superpower|p1a: Kommo-o\n|-damage|p1a: Kommo-o|163/242\n|-boost|p2a: Lurantis|atk|1\n|-boost|p2a: Lurantis|def|1\n|\n|upkeep\n|turn|3\n|inactive|Time left: 300 sec this turn | 300 sec total\n|\n|t:|1783546481\n|move|p1a: Kommo-o|Iron Head|p2a: Lurantis\n|-damage|p2a: Lurantis|76/100\n|move|p2a: Lurantis|Superpower|p1a: Kommo-o\n|-damage|p1a: Kommo-o|38/242\n|-boost|p2a: Lurantis|atk|1\n|-boost|p2a: Lurantis|def|1\n|\n|upkeep\n|turn|4\n|inactive|Time left: 300 sec this turn | 300 sec total\n|\n|t:|1783546482\n|move|p1a: Kommo-o|Close Combat|p2a: Lurantis\n|-damage|p2a: Lurantis|35/100\n|-unboost|p1a: Kommo-o|def|1\n|-unboost|p1a: Kommo-o|spd|1\n|move|p2a: Lurantis|Superpower|p1a: Kommo-o\n|-damage|p1a: Kommo-o|0 fnt\n|-boost|p2a: Lurantis|atk|1\n|-boost|p2a: Lurantis|def|1\n|faint|p1a: Kommo-o\n|\n|upkeep\n|inactive|Time left: 300 sec this turn | 300 sec total | 5 sec grace\n|\n|t:|1783546483\n|switch|p1a: Medicham|Medicham, L86, F|243/243\n|turn|5\n|inactive|Time left: 300 sec this turn | 300 sec total\n|\n|t:|1783546484\n|switch|p2a: Slowking|Slowking-Galar, L85, M|100/100\n|-terastallize|p1a: Medicham|Fighting\n|move|p1a: Medicham|Close Combat|p2a: Slowking\n|-resisted|p2a: Slowking\n|-damage|p2a: Slowking|78/100\n|-unboost|p1a: Medicham|def|1\n|-unboost|p1a: Medicham|spd|1\n|\n|upkeep\n|turn|6\n|inactive|Time left: 300 sec this turn | 300 sec total\n|\n|t:|1783546485\n|switch|p1a: Spiritomb|Spiritomb, L89, F|234/234\n|move|p2a: Slowking|Sludge Bomb|p1a: Spiritomb\n|-resisted|p1a: Spiritomb\n|-damage|p1a: Spiritomb|191/234\n|\n|-heal|p1a: Spiritomb|205/234|[from] item: Leftovers\n|upkeep\n|turn|7\n|inactive|Time left: 300 sec this turn | 300 sec total\n|\n|t:|1783546486\n|switch|p2a: Chien-Pao|Chien-Pao, L72|100/100\n|-ability|p2a: Chien-Pao|Sword of Ruin\n|move|p1a: Spiritomb|Poltergeist|p2a: Chien-Pao\n|-activate|p2a: Chien-Pao|move: Poltergeist|Choice Band\n|-resisted|p2a: Chien-Pao\n|-damage|p2a: Chien-Pao|66/100\n|\n|-heal|p1a: Spiritomb|219/234|[from] item: Leftovers\n|upkeep\n|turn|8\n|inactive|Time left: 300 sec this turn | 300 sec total\n|\n|t:|1783546487\n|move|p2a: Chien-Pao|Icicle Crash|p1a: Spiritomb\n|-damage|p1a: Spiritomb|96/234\n|move|p1a: Spiritomb|Foul Play|p2a: Chien-Pao\n|-resisted|p2a: Chien-Pao\n|-damage|p2a: Chien-Pao|38/100\n|\n|-heal|p1a: Spiritomb|110/234|[from] item: Leftovers\n|upkeep\n|turn|9\n|inactive|Time left: 300 sec this turn | 300 sec total\n|\n|t:|1783546488\n|switch|p1a: Medicham|Medicham, L86, F, tera:Fighting|243/243\n|move|p2a: Chien-Pao|Icicle Crash|p1a: Medicham\n|-damage|p1a: Medicham|81/243\n|\n|upkeep\n|turn|10\n|inactive|Time left: 300 sec this turn | 300 sec total\n|\n|t:|1783546489\n|switch|p2a: Slowking|Slowking-Galar, L85, M|100/100\n|move|p1a: Medicham|Close Combat|p2a: Slowking\n|-resisted|p2a: Slowking\n|-damage|p2a: Slowking|77/100\n|-unboost|p1a: Medicham|def|1\n|-unboost|p1a: Medicham|spd|1\n|\n|upkeep\n|turn|11\n|inactive|Time left: 300 sec this turn | 300 sec total\n|\n|t:|1783546491\n|switch|p1a: Spiritomb|Spiritomb, L89, F|110/234\n|move|p2a: Slowking|Sludge Bomb|p1a: Spiritomb\n|-resisted|p1a: Spiritomb\n|-damage|p1a: Spiritomb|63/234\n|\n|-heal|p1a: Spiritomb|77/234|[from] item: Leftovers\n|upkeep\n|turn|12\n|inactive|Time left: 300 sec this turn | 300 sec total\n|\n|t:|1783546492\n|switch|p2a: Chien-Pao|Chien-Pao, L72|38/100\n|-ability|p2a: Chien-Pao|Sword of Ruin\n|move|p1a: Spiritomb|Poltergeist|p2a: Chien-Pao\n|-activate|p2a: Chien-Pao|move: Poltergeist|Choice Band\n|-resisted|p2a: Chien-Pao\n|-damage|p2a: Chien-Pao|7/100\n|\n|-heal|p1a: Spiritomb|91/234|[from] item: Leftovers\n|upkeep\n|turn|13\n|inactive|Time left: 300 sec this turn | 300 sec total\n|\n|t:|1783546493\n|move|p1a: Spiritomb|Sucker Punch|p2a: Chien-Pao\n|-resisted|p2a: Chien-Pao\n|-damage|p2a: Chien-Pao|0 fnt\n|faint|p2a: Chien-Pao\n|\n|-heal|p1a: Spiritomb|105/234|[from] item: Leftovers\n|upkeep\n|\n|t:|1783546494\n|switch|p2a: Gouging Fire|Gouging Fire, L74|100/100\n|turn|14\n|inactive|Time left: 300 sec this turn | 300 sec total\n|\n|t:|1783546495\n|move|p2a: Gouging Fire|Dragon Dance|p2a: Gouging Fire\n|-boost|p2a: Gouging Fire|atk|1\n|-boost|p2a: Gouging Fire|spe|1\n|move|p1a: Spiritomb|Foul Play|p2a: Gouging Fire\n|-damage|p2a: Gouging Fire|51/100\n|\n|-heal|p1a: Spiritomb|119/234|[from] item: Leftovers\n|upkeep\n|turn|15\n|inactive|Time left: 300 sec this turn | 300 sec total\n|\n|t:|1783546496\n|move|p2a: Gouging Fire|Outrage|p1a: Spiritomb\n|-damage|p1a: Spiritomb|0 fnt\n|faint|p1a: Spiritomb\n|\n|upkeep\n|inactive|Time left: 300 sec this turn | 300 sec total | 5 sec grace\n|\n|t:|1783546497\n|switch|p1a: Medicham|Medicham, L86, F, tera:Fighting|81/243\n|turn|16\n|inactive|Time left: 300 sec this turn | 300 sec total\n|\n|t:|1783546498\n|move|p1a: Medicham|Close Combat|p2a: Gouging Fire\n|-damage|p2a: Gouging Fire|0 fnt\n|-unboost|p1a: Medicham|def|1\n|-unboost|p1a: Medicham|spd|1\n|faint|p2a: Gouging Fire\n|-end|p2a: Gouging Fire|Protosynthesis|[silent]\n|\n|upkeep\n|\n|t:|1783546499\n|switch|p2a: Slowking|Slowking-Galar, L85, M|100/100\n|turn|17\n|inactive|Time left: 300 sec this turn | 300 sec total\n|\n|t:|1783546500\n|switch|p1a: Skuntank|Skuntank, L84, F|310/310\n|move|p2a: Slowking|Sludge Bomb|p1a: Skuntank\n|-resisted|p1a: Skuntank\n|-damage|p1a: Skuntank|233/310\n|\n|upkeep\n|turn|18\n|inactive|Time left: 300 sec this turn | 300 sec total\n|\n|t:|1783546501\n|switch|p2a: Necrozma|Necrozma-Dusk-Mane, L69|100/100\n|move|p1a: Skuntank|Knock Off|p2a: Necrozma\n|-supereffective|p2a: Necrozma\n|-damage|p2a: Necrozma|23/100\n|-enditem|p2a: Necrozma|Weakness Policy\n|-boost|p2a: Necrozma|atk|2|[from] item: Weakness Policy\n|-boost|p2a: Necrozma|spa|2|[from] item: Weakness Policy\n|-damage|p1a: Skuntank|202/310|[from] item: Life Orb\n|\n|upkeep\n|turn|19\n|inactive|Time left: 300 sec this turn | 300 sec total\n|\n|t:|1783546502\n|move|p1a: Skuntank|Knock Off|p2a: Necrozma\n|-supereffective|p2a: Necrozma\n|-damage|p2a: Necrozma|0 fnt\n|faint|p2a: Necrozma\n|-damage|p1a: Skuntank|171/310|[from] item: Life Orb\n|\n|upkeep\n|\n|t:|1783546503\n|switch|p2a: Slowking|Slowking-Galar, L85, M|100/100\n|turn|20\n|inactive|Time left: 300 sec this turn | 300 sec total\n|\n|t:|1783546504\n|-terastallize|p2a: Slowking|Dark\n|move|p1a: Skuntank|Knock Off|p2a: Slowking\n|-resisted|p2a: Slowking\n|-damage|p2a: Slowking|76/100\n|-enditem|p2a: Slowking|Assault Vest|[from] move: Knock Off|[of] p1a: Skuntank\n|-damage|p1a: Skuntank|140/310|[from] item: Life Orb\n|move|p2a: Slowking|Fire Blast|p1a: Skuntank|[miss]\n|-miss|p2a: Slowking|p1a: Skuntank\n|\n|upkeep\n|turn|21\n|inactive|Time left: 300 sec this turn | 300 sec total\n|\n|t:|1783546505\n|move|p1a: Skuntank|Gunk Shot|p2a: Slowking\n|-damage|p2a: Slowking|22/100\n|-damage|p1a: Skuntank|109/310|[from] item: Life Orb\n|move|p2a: Slowking|Fire Blast|p1a: Skuntank\n|-damage|p1a: Skuntank|0 fnt\n|faint|p1a: Skuntank\n|\n|upkeep\n|inactive|Time left: 300 sec this turn | 300 sec total | 5 sec grace\n|\n|t:|1783546506\n|switch|p1a: Medicham|Medicham, L86, F, tera:Fighting|81/243\n|turn|22\n|inactive|Time left: 300 sec this turn | 300 sec total\n|\n|t:|1783546507\n|switch|p2a: Lurantis|Lurantis, L87, M|35/100\n|move|p1a: Medicham|Close Combat|p2a: Lurantis\n|-damage|p2a: Lurantis|0 fnt\n|-unboost|p1a: Medicham|def|1\n|-unboost|p1a: Medicham|spd|1\n|faint|p2a: Lurantis\n|\n|upkeep\n|\n|t:|1783546508\n|switch|p2a: Slowking|Slowking-Galar, L85, M, tera:Dark|55/100\n|turn|23\n|inactive|Time left: 300 sec this turn | 300 sec total\n|\n|t:|1783546509\n|move|p1a: Medicham|Close Combat|p2a: Slowking\n|-supereffective|p2a: Slowking\n|-damage|p2a: Slowking|0 fnt\n|-unboost|p1a: Medicham|def|1\n|-unboost|p1a: Medicham|spd|1\n|faint|p2a: Slowking\n|\n|win|p0x575fdb1", "uploadtime": 1783546509, "views": 0, "rating": 0, "private": 0, "password": null, "_winner": "p0x575fdb1", "_our_name": "p0x575fdb1"}