{"id": "battle-gen9randombattle-220", "formatid": "gen9randombattle", "format": "[Gen 9] Random Battle", "players": ["p0x220a440", "p0y220b2f1"], "log": "|init|battle\n|title|p0x220a440 vs. p0y220b2f1\n|j|\u2606p0x220a440\n|j|\u2606p0y220b2f1\n|t:|1783536349\n|gametype|singles\n|player|p1|p0x220a440|101|\n|player|p2|p0y220b2f1|2|\n|gen|9\n|tier|[Gen 9] Random Battle\n|rule|Species Clause: Limit one of each Pok\u00e9mon\n|rule|HP Percentage Mod: HP is shown in percentages\n|rule|Sleep Clause Mod: Limit one foe put to sleep\n|rule|Illusion Level Mod: Illusion disguises the Pok\u00e9mon's true level\n|\n|t:|1783536349\n|teamsize|p1|6\n|teamsize|p2|6\n|start\n|switch|p1a: Sneasler|Sneasler, L74, F|100/100\n|switch|p2a: Magearna|Magearna-Original, L77|250/250\n|turn|1\n|inactive|Battle timer is ON: inactive players will automatically lose when time's up. (requested by p0x220a440)\n|inactive|Time left: 300 sec this turn | 300 sec total | 60 sec grace\n|inactive|p0y220b2f1 also wants the timer to be on.\n|\n|t:|1783536350\n|switch|p1a: Luxray|Luxray, L88, F|100/100\n|move|p2a: Magearna|Shift Gear|p2a: Magearna\n|-boost|p2a: Magearna|spe|2\n|-boost|p2a: Magearna|atk|1\n|\n|-status|p1a: Luxray|brn|[from] item: Flame Orb\n|upkeep\n|turn|2\n|inactive|Time left: 300 sec this turn | 300 sec total\n|\n|t:|1783536352\n|move|p2a: Magearna|Shift Gear|p2a: Magearna\n|-boost|p2a: Magearna|spe|2\n|-boost|p2a: Magearna|atk|1\n|move|p1a: Luxray|Supercell Slam|p2a: Magearna\n|-damage|p2a: Magearna|61/250\n|\n|-damage|p1a: Luxray|94/100 brn|[from] brn\n|upkeep\n|turn|3\n|inactive|Time left: 300 sec this turn | 300 sec total\n|\n|t:|1783536353\n|-terastallize|p2a: Magearna|Ground\n|move|p2a: Magearna|Tera Blast|p1a: Luxray|[anim] Tera Blast Ground\n|-supereffective|p1a: Luxray\n|-damage|p1a: Luxray|0 fnt\n|faint|p1a: Luxray\n|-ability|p2a: Magearna|Soul-Heart|boost\n|-boost|p2a: Magearna|spa|1\n|\n|upkeep\n|\n|t:|1783536354\n|switch|p1a: Girafarig|Girafarig, L89, F|100/100\n|turn|4\n|inactive|Time left: 300 sec this turn | 300 sec total\n|\n|t:|1783536355\n|move|p2a: Magearna|Iron Head|p1a: Girafarig\n|-damage|p1a: Girafarig|56/100\n|move|p1a: Girafarig|Psyshock|p2a: Magearna\n|-damage|p2a: Magearna|0 fnt\n|faint|p2a: Magearna\n|\n|upkeep\n|inactive|Time left: 300 sec this turn | 300 sec total | 5 sec grace\n|\n|t:|1783536356\n|switch|p2a: Malamar|Malamar, L82, F|275/275\n|turn|5\n|inactive|Time left: 300 sec this turn | 300 sec total\n|\n|t:|1783536357\n|switch|p1a: Tsareena|Tsareena, L87, F|100/100\n|move|p2a: Malamar|Knock Off|p1a: Tsareena\n|-damage|p1a: Tsareena|71/100\n|-enditem|p1a: Tsareena|Heavy-Duty Boots|[from] move: Knock Off|[of] p2a: Malamar\n|\n|upkeep\n|turn|6\n|inactive|Time left: 300 sec this turn | 300 sec total\n|\n|t:|1783536358\n|move|p1a: Tsareena|U-turn|p2a: Malamar\n|-supereffective|p2a: Malamar\n|-damage|p2a: Malamar|7/275\n|\n|t:|1783536358\n|switch|p1a: Sneasler|Sneasler, L74, F|100/100|[from] U-turn\n|move|p2a: Malamar|Superpower|p1a: Sneasler\n|-resisted|p1a: Sneasler\n|-damage|p1a: Sneasler|75/100\n|-boost|p2a: Malamar|atk|1\n|-boost|p2a: Malamar|def|1\n|\n|upkeep\n|turn|7\n|inactive|Time left: 300 sec this turn | 300 sec total\n|\n|t:|1783536359\n|move|p1a: Sneasler|Dire Claw|p2a: Malamar\n|-damage|p2a: Malamar|0 fnt\n|faint|p2a: Malamar\n|\n|upkeep\n|inactive|Time left: 300 sec this turn | 300 sec total | 5 sec grace\n|\n|t:|1783536360\n|switch|p2a: Donphan|Donphan, L84, M|288/288\n|turn|8\n|inactive|Time left: 300 sec this turn | 300 sec total\n|\n|t:|1783536361\n|move|p1a: Sneasler|Dire Claw|p2a: Donphan\n|-resisted|p2a: Donphan\n|-damage|p2a: Donphan|239/288\n|-status|p2a: Donphan|par\n|move|p2a: Donphan|Earthquake|p1a: Sneasler\n|-supereffective|p1a: Sneasler\n|-damage|p1a: Sneasler|0 fnt\n|faint|p1a: Sneasler\n|\n|-heal|p2a: Donphan|257/288 par|[from] item: Leftovers\n|upkeep\n|\n|t:|1783536362\n|switch|p1a: Polteageist|Polteageist, L78|100/100\n|turn|9\n|inactive|Time left: 300 sec this turn | 300 sec total\n|\n|t:|1783536363\n|switch|p2a: Granbull|Granbull, L88, M|302/302\n|-ability|p2a: Granbull|Intimidate|boost\n|-unboost|p1a: Polteageist|atk|1\n|-enditem|p1a: Polteageist|White Herb\n|-clearnegativeboost|p1a: Polteageist|[silent]\n|move|p1a: Polteageist|Shell Smash|p1a: Polteageist\n|-unboost|p1a: Polteageist|def|1\n|-unboost|p1a: Polteageist|spd|1\n|-boost|p1a: Polteageist|atk|2\n|-boost|p1a: Polteageist|spa|2\n|-boost|p1a: Polteageist|spe|2\n|\n|upkeep\n|turn|10\n|inactive|Time left: 300 sec this turn | 300 sec total\n|\n|t:|1783536364\n|move|p1a: Polteageist|Stored Power|p2a: Granbull\n|-damage|p2a: Granbull|19/302\n|move|p2a: Granbull|Play Rough|p1a: Polteageist|[miss]\n|-miss|p2a: Granbull|p1a: Polteageist\n|\n|-heal|p2a: Granbull|37/302|[from] item: Leftovers\n|upkeep\n|turn|11\n|inactive|Time left: 300 sec this turn | 300 sec total\n|\n|t:|1783536365\n|move|p1a: Polteageist|Stored Power|p2a: Granbull\n|-damage|p2a: Granbull|0 fnt\n|faint|p2a: Granbull\n|\n|upkeep\n|inactive|Time left: 300 sec this turn | 300 sec total | 5 sec grace\n|\n|t:|1783536366\n|switch|p2a: Iron Jugulis|Iron Jugulis, L77|271/271\n|turn|12\n|inactive|Time left: 300 sec this turn | 300 sec total\n|\n|t:|1783536367\n|-terastallize|p1a: Polteageist|Fighting\n|move|p1a: Polteageist|Tera Blast|p2a: Iron Jugulis|[anim] Tera Blast Fighting\n|-damage|p2a: Iron Jugulis|61/271\n|move|p2a: Iron Jugulis|Dark Pulse|p1a: Polteageist\n|-resisted|p1a: Polteageist\n|-damage|p1a: Polteageist|76/100\n|-start|p2a: Iron Jugulis|Disable|Dark Pulse|[from] ability: Cursed Body|[of] p1a: Polteageist\n|\n|upkeep\n|turn|13\n|inactive|Time left: 300 sec this turn | 300 sec total\n|\n|t:|1783536368\n|move|p1a: Polteageist|Shadow Ball|p2a: Iron Jugulis\n|-resisted|p2a: Iron Jugulis\n|-damage|p2a: Iron Jugulis|0 fnt\n|faint|p2a: Iron Jugulis\n|-end|p2a: Iron Jugulis|Quark Drive|[silent]\n|\n|upkeep\n|inactive|Time left: 300 sec this turn | 300 sec total | 5 sec grace\n|\n|t:|1783536369\n|switch|p2a: Hawlucha|Hawlucha, L80, M|256/256\n|turn|14\n|inactive|Time left: 300 sec this turn | 300 sec total\n|\n|t:|1783536370\n|move|p1a: Polteageist|Stored Power|p2a: Hawlucha\n|-supereffective|p2a: Hawlucha\n|-damage|p2a: Hawlucha|0 fnt\n|faint|p2a: Hawlucha\n|\n|upkeep\n|inactive|Time left: 300 sec this turn | 300 sec total | 5 sec grace\n|\n|t:|1783536370\n|switch|p2a: Donphan|Donphan, L84, M|257/288 par\n|turn|15\n|inactive|Time left: 300 sec this turn | 300 sec total\n|\n|t:|1783536371\n|move|p1a: Polteageist|Stored Power|p2a: Donphan\n|-damage|p2a: Donphan|0 fnt\n|faint|p2a: Donphan\n|\n|win|p0x220a440", "uploadtime": 1783536371, "views": 0, "rating": 0, "private": 0, "password": null, "_winner": "p0x220a440", "_our_name": "p0y220b2f1"}