{"id": "battle-gen9randombattle-567", "formatid": "gen9randombattle", "format": "[Gen 9] Random Battle", "players": ["p0x56754df", "p0y56719e7"], "log": "|init|battle\n|title|p0x56754df vs. p0y56719e7\n|j|\u2606p0x56754df\n|j|\u2606p0y56719e7\n|t:|1783545647\n|gametype|singles\n|player|p1|p0x56754df|101|\n|player|p2|p0y56719e7|265|\n|gen|9\n|tier|[Gen 9] Random Battle\n|rule|Species Clause: Limit one of each Pok\u00e9mon\n|rule|HP Percentage Mod: HP is shown in percentages\n|rule|Sleep Clause Mod: Limit one foe put to sleep\n|rule|Illusion Level Mod: Illusion disguises the Pok\u00e9mon's true level\n|\n|t:|1783545647\n|teamsize|p1|6\n|teamsize|p2|6\n|start\n|switch|p1a: Gliscor|Gliscor, L76, F|100/100\n|switch|p2a: Vivillon|Vivillon-Archipelago, L83, M|268/268\n|turn|1\n|inactive|Battle timer is ON: inactive players will automatically lose when time's up. (requested by p0x56754df)\n|inactive|Time left: 300 sec this turn | 300 sec total | 60 sec grace\n|inactive|p0y56719e7 also wants the timer to be on.\n|\n|t:|1783545649\n|move|p2a: Vivillon|Quiver Dance|p2a: Vivillon\n|-boost|p2a: Vivillon|spa|1\n|-boost|p2a: Vivillon|spd|1\n|-boost|p2a: Vivillon|spe|1\n|move|p1a: Gliscor|Toxic|p2a: Vivillon\n|-status|p2a: Vivillon|tox\n|\n|-damage|p2a: Vivillon|252/268 tox|[from] psn\n|-status|p1a: Gliscor|tox|[from] item: Toxic Orb\n|upkeep\n|turn|2\n|inactive|Time left: 300 sec this turn | 300 sec total\n|\n|t:|1783545650\n|switch|p1a: Regice|Regice, L88|100/100\n|move|p2a: Vivillon|Hurricane|p1a: Regice\n|-crit|p1a: Regice\n|-damage|p1a: Regice|58/100\n|\n|-damage|p2a: Vivillon|220/268 tox|[from] psn\n|upkeep\n|turn|3\n|inactive|Time left: 300 sec this turn | 300 sec total\n|\n|t:|1783545651\n|move|p2a: Vivillon|Sleep Powder|p1a: Regice\n|-status|p1a: Regice|slp|[from] move: Sleep Powder\n|cant|p1a: Regice|slp\n|\n|-damage|p2a: Vivillon|172/268 tox|[from] psn\n|upkeep\n|turn|4\n|inactive|Time left: 300 sec this turn | 300 sec total\n|\n|t:|1783545652\n|move|p2a: Vivillon|Quiver Dance|p2a: Vivillon\n|-boost|p2a: Vivillon|spa|1\n|-boost|p2a: Vivillon|spd|1\n|-boost|p2a: Vivillon|spe|1\n|cant|p1a: Regice|slp\n|move|p1a: Regice|Sleep Talk|p1a: Regice\n|move|p1a: Regice|Ice Beam|p2a: Vivillon|[from] move: Sleep Talk\n|-supereffective|p2a: Vivillon\n|-damage|p2a: Vivillon|10/268 tox\n|\n|-damage|p2a: Vivillon|0 fnt|[from] psn\n|faint|p2a: Vivillon\n|upkeep\n|inactive|Time left: 300 sec this turn | 300 sec total | 5 sec grace\n|\n|t:|1783545653\n|switch|p2a: Terrakion|Terrakion, L79|273/273\n|turn|5\n|inactive|Time left: 300 sec this turn | 300 sec total\n|\n|t:|1783545655\n|switch|p1a: Gliscor|Gliscor, L76, F|100/100 tox\n|move|p2a: Terrakion|Close Combat|p1a: Gliscor\n|-resisted|p1a: Gliscor\n|-damage|p1a: Gliscor|64/100 tox\n|-unboost|p2a: Terrakion|def|1\n|-unboost|p2a: Terrakion|spd|1\n|\n|-heal|p1a: Gliscor|76/100 tox|[from] ability: Poison Heal\n|upkeep\n|turn|6\n|inactive|Time left: 300 sec this turn | 300 sec total\n|\n|t:|1783545656\n|switch|p2a: Minior|Minior-Indigo, L79|224/224\n|-formechange|p2a: Minior|Minior-Meteor||[from] ability: Shields Down\n|move|p1a: Gliscor|Earthquake|p2a: Minior\n|-immune|p2a: Minior\n|\n|-heal|p1a: Gliscor|88/100 tox|[from] ability: Poison Heal\n|upkeep\n|turn|7\n|inactive|Time left: 300 sec this turn | 300 sec total\n|\n|t:|1783545657\n|switch|p1a: Magcargo|Magcargo, L95, M|100/100\n|move|p2a: Minior|Shell Smash|p2a: Minior\n|-unboost|p2a: Minior|def|1\n|-unboost|p2a: Minior|spd|1\n|-boost|p2a: Minior|atk|2\n|-boost|p2a: Minior|spa|2\n|-boost|p2a: Minior|spe|2\n|-enditem|p2a: Minior|White Herb\n|-clearnegativeboost|p2a: Minior|[silent]\n|\n|upkeep\n|turn|8\n|inactive|Time left: 300 sec this turn | 300 sec total\n|\n|t:|1783545658\n|-terastallize|p1a: Magcargo|Grass\n|move|p2a: Minior|Earthquake|p1a: Magcargo\n|-resisted|p1a: Magcargo\n|-damage|p1a: Magcargo|90/100\n|-ability|p1a: Magcargo|Weak Armor|boost\n|-unboost|p1a: Magcargo|def|1\n|-boost|p1a: Magcargo|spe|2\n|move|p1a: Magcargo|Power Gem|p2a: Minior\n|-supereffective|p2a: Minior\n|-damage|p2a: Minior|24/224\n|\n|-formechange|p2a: Minior|Minior-Indigo||[from] ability: Shields Down\n|upkeep\n|turn|9\n|inactive|Time left: 300 sec this turn | 300 sec total\n|\n|t:|1783545659\n|move|p2a: Minior|Acrobatics|p1a: Magcargo\n|-supereffective|p1a: Magcargo\n|-damage|p1a: Magcargo|0 fnt\n|faint|p1a: Magcargo\n|\n|upkeep\n|\n|t:|1783545660\n|switch|p1a: Greedent|Greedent, L86, F|100/100\n|turn|10\n|inactive|Time left: 300 sec this turn | 300 sec total\n|\n|t:|1783545661\n|move|p2a: Minior|Power Gem|p1a: Greedent\n|-damage|p1a: Greedent|56/100\n|move|p1a: Greedent|Knock Off|p2a: Minior\n|-damage|p2a: Minior|0 fnt\n|faint|p2a: Minior\n|\n|upkeep\n|inactive|Time left: 300 sec this turn | 300 sec total | 5 sec grace\n|\n|t:|1783545662\n|switch|p2a: Terrakion|Terrakion, L79|273/273\n|turn|11\n|inactive|Time left: 300 sec this turn | 300 sec total\n|\n|t:|1783545662\n|move|p2a: Terrakion|Close Combat|p1a: Greedent\n|-supereffective|p1a: Greedent\n|-damage|p1a: Greedent|0 fnt\n|-unboost|p2a: Terrakion|def|1\n|-unboost|p2a: Terrakion|spd|1\n|faint|p1a: Greedent\n|\n|upkeep\n|\n|t:|1783545663\n|switch|p1a: Venusaur|Venusaur, L84, M|100/100\n|turn|12\n|inactive|Time left: 300 sec this turn | 300 sec total\n|\n|t:|1783545664\n|switch|p2a: Jirachi|Jirachi, L80|291/291\n|move|p1a: Venusaur|Energy Ball|p2a: Jirachi\n|-resisted|p2a: Jirachi\n|-damage|p2a: Jirachi|246/291\n|\n|-heal|p2a: Jirachi|264/291|[from] item: Leftovers\n|upkeep\n|turn|13\n|inactive|Time left: 300 sec this turn | 300 sec total\n|\n|t:|1783545665\n|switch|p1a: Gliscor|Gliscor, L76, F|88/100 tox\n|move|p2a: Jirachi|Body Slam|p1a: Gliscor\n|-damage|p1a: Gliscor|67/100 tox\n|\n|-heal|p2a: Jirachi|282/291|[from] item: Leftovers\n|-heal|p1a: Gliscor|80/100 tox|[from] ability: Poison Heal\n|upkeep\n|turn|14\n|inactive|Time left: 300 sec this turn | 300 sec total\n|\n|t:|1783545666\n|move|p2a: Jirachi|Iron Head|p1a: Gliscor\n|-damage|p1a: Gliscor|52/100 tox\n|move|p1a: Gliscor|Earthquake|p2a: Jirachi\n|-supereffective|p2a: Jirachi\n|-damage|p2a: Jirachi|108/291\n|\n|-heal|p2a: Jirachi|126/291|[from] item: Leftovers\n|-heal|p1a: Gliscor|64/100 tox|[from] ability: Poison Heal\n|upkeep\n|turn|15\n|inactive|Time left: 300 sec this turn | 300 sec total\n|\n|t:|1783545667\n|move|p2a: Jirachi|Iron Head|p1a: Gliscor\n|-damage|p1a: Gliscor|34/100 tox\n|cant|p1a: Gliscor|flinch\n|\n|-heal|p2a: Jirachi|144/291|[from] item: Leftovers\n|-heal|p1a: Gliscor|46/100 tox|[from] ability: Poison Heal\n|upkeep\n|turn|16\n|inactive|Time left: 300 sec this turn | 300 sec total\n|\n|t:|1783545668\n|move|p2a: Jirachi|Iron Head|p1a: Gliscor\n|-damage|p1a: Gliscor|16/100 tox\n|cant|p1a: Gliscor|flinch\n|\n|-heal|p2a: Jirachi|162/291|[from] item: Leftovers\n|-heal|p1a: Gliscor|28/100 tox|[from] ability: Poison Heal\n|upkeep\n|turn|17\n|inactive|Time left: 300 sec this turn | 300 sec total\n|\n|t:|1783545669\n|move|p1a: Gliscor|Protect|p1a: Gliscor\n|-singleturn|p1a: Gliscor|Protect\n|move|p2a: Jirachi|Iron Head|p1a: Gliscor\n|-activate|p1a: Gliscor|move: Protect\n|\n|-heal|p2a: Jirachi|180/291|[from] item: Leftovers\n|-heal|p1a: Gliscor|40/100 tox|[from] ability: Poison Heal\n|upkeep\n|turn|18\n|inactive|Time left: 300 sec this turn | 300 sec total\n|\n|t:|1783545670\n|move|p2a: Jirachi|Iron Head|p1a: Gliscor\n|-damage|p1a: Gliscor|11/100 tox\n|cant|p1a: Gliscor|flinch\n|\n|-heal|p2a: Jirachi|198/291|[from] item: Leftovers\n|-heal|p1a: Gliscor|23/100 tox|[from] ability: Poison Heal\n|upkeep\n|turn|19\n|inactive|Time left: 300 sec this turn | 300 sec total\n|\n|t:|1783545671\n|move|p1a: Gliscor|Protect|p1a: Gliscor\n|-singleturn|p1a: Gliscor|Protect\n|move|p2a: Jirachi|Iron Head|p1a: Gliscor\n|-activate|p1a: Gliscor|move: Protect\n|\n|-heal|p2a: Jirachi|216/291|[from] item: Leftovers\n|-heal|p1a: Gliscor|35/100 tox|[from] ability: Poison Heal\n|upkeep\n|turn|20\n|inactive|Time left: 300 sec this turn | 300 sec total\n|\n|t:|1783545672\n|move|p2a: Jirachi|Iron Head|p1a: Gliscor\n|-damage|p1a: Gliscor|8/100 tox\n|cant|p1a: Gliscor|flinch\n|\n|-heal|p2a: Jirachi|234/291|[from] item: Leftovers\n|-heal|p1a: Gliscor|21/100 tox|[from] ability: Poison Heal\n|upkeep\n|turn|21\n|inactive|Time left: 300 sec this turn | 300 sec total\n|\n|t:|1783545673\n|move|p1a: Gliscor|Protect|p1a: Gliscor\n|-singleturn|p1a: Gliscor|Protect\n|move|p2a: Jirachi|Iron Head|p1a: Gliscor\n|-activate|p1a: Gliscor|move: Protect\n|\n|-heal|p2a: Jirachi|252/291|[from] item: Leftovers\n|-heal|p1a: Gliscor|33/100 tox|[from] ability: Poison Heal\n|upkeep\n|turn|22\n|inactive|Time left: 300 sec this turn | 300 sec total\n|\n|t:|1783545674\n|move|p2a: Jirachi|Iron Head|p1a: Gliscor\n|-damage|p1a: Gliscor|6/100 tox\n|cant|p1a: Gliscor|flinch\n|\n|-heal|p2a: Jirachi|270/291|[from] item: Leftovers\n|-heal|p1a: Gliscor|18/100 tox|[from] ability: Poison Heal\n|upkeep\n|turn|23\n|inactive|Time left: 300 sec this turn | 300 sec total\n|\n|t:|1783545675\n|move|p1a: Gliscor|Protect|p1a: Gliscor\n|-singleturn|p1a: Gliscor|Protect\n|move|p2a: Jirachi|Iron Head|p1a: Gliscor\n|-activate|p1a: Gliscor|move: Protect\n|\n|-heal|p2a: Jirachi|288/291|[from] item: Leftovers\n|-heal|p1a: Gliscor|30/100 tox|[from] ability: Poison Heal\n|upkeep\n|turn|24\n|inactive|Time left: 300 sec this turn | 300 sec total\n|\n|t:|1783545676\n|move|p2a: Jirachi|Iron Head|p1a: Gliscor\n|-damage|p1a: Gliscor|3/100 tox\n|move|p1a: Gliscor|Earthquake|p2a: Jirachi\n|-supereffective|p2a: Jirachi\n|-damage|p2a: Jirachi|130/291\n|\n|-heal|p2a: Jirachi|148/291|[from] item: Leftovers\n|-heal|p1a: Gliscor|15/100 tox|[from] ability: Poison Heal\n|upkeep\n|turn|25\n|inactive|Time left: 300 sec this turn | 300 sec total\n|\n|t:|1783545677\n|move|p1a: Gliscor|Protect|p1a: Gliscor\n|-singleturn|p1a: Gliscor|Protect\n|move|p2a: Jirachi|Iron Head|p1a: Gliscor\n|-activate|p1a: Gliscor|move: Protect\n|\n|-heal|p2a: Jirachi|166/291|[from] item: Leftovers\n|-heal|p1a: Gliscor|27/100 tox|[from] ability: Poison Heal\n|upkeep\n|turn|26\n|inactive|Time left: 300 sec this turn | 300 sec total\n|\n|t:|1783545679\n|switch|p1a: Delphox|Delphox, L84, M|100/100\n|move|p2a: Jirachi|Iron Head|p1a: Delphox\n|-resisted|p1a: Delphox\n|-damage|p1a: Delphox|84/100\n|\n|-heal|p2a: Jirachi|184/291|[from] item: Leftovers\n|upkeep\n|turn|27\n|inactive|Time left: 300 sec this turn | 300 sec total\n|\n|t:|1783545680\n|move|p2a: Jirachi|Protect|p2a: Jirachi\n|-singleturn|p2a: Jirachi|Protect\n|move|p1a: Delphox|Fire Blast|p2a: Jirachi\n|-activate|p2a: Jirachi|move: Protect\n|\n|-heal|p2a: Jirachi|202/291|[from] item: Leftovers\n|upkeep\n|turn|28\n|inactive|Time left: 300 sec this turn | 300 sec total\n|\n|t:|1783545681\n|switch|p2a: Terrakion|Terrakion, L79|273/273\n|move|p1a: Delphox|Nasty Plot|p1a: Delphox\n|-boost|p1a: Delphox|spa|2\n|\n|upkeep\n|turn|29\n|inactive|Time left: 300 sec this turn | 300 sec total\n|\n|t:|1783545682\n|switch|p2a: Jirachi|Jirachi, L80|202/291\n|move|p1a: Delphox|Psyshock|p2a: Jirachi\n|-resisted|p2a: Jirachi\n|-damage|p2a: Jirachi|160/291\n|\n|-heal|p2a: Jirachi|178/291|[from] item: Leftovers\n|upkeep\n|turn|30\n|inactive|Time left: 300 sec this turn | 300 sec total\n|\n|t:|1783545683\n|move|p2a: Jirachi|Protect|p2a: Jirachi\n|-singleturn|p2a: Jirachi|Protect\n|move|p1a: Delphox|Fire Blast|p2a: Jirachi\n|-activate|p2a: Jirachi|move: Protect\n|\n|-heal|p2a: Jirachi|196/291|[from] item: Leftovers\n|upkeep\n|turn|31\n|inactive|Time left: 300 sec this turn | 300 sec total\n|\n|t:|1783545684\n|move|p2a: Jirachi|Protect|p2a: Jirachi\n|-singleturn|p2a: Jirachi|Protect\n|move|p1a: Delphox|Fire Blast|p2a: Jirachi\n|-activate|p2a: Jirachi|move: Protect\n|\n|-heal|p2a: Jirachi|214/291|[from] item: Leftovers\n|upkeep\n|turn|32\n|inactive|Time left: 300 sec this turn | 300 sec total\n|\n|t:|1783545685\n|move|p1a: Delphox|Fire Blast|p2a: Jirachi|[miss]\n|-miss|p1a: Delphox|p2a: Jirachi\n|move|p2a: Jirachi|Body Slam|p1a: Delphox\n|-damage|p1a: Delphox|58/100\n|-status|p1a: Delphox|par\n|\n|-heal|p2a: Jirachi|232/291|[from] item: Leftovers\n|upkeep\n|turn|33\n|inactive|Time left: 300 sec this turn | 300 sec total\n|\n|t:|1783545686\n|move|p2a: Jirachi|Iron Head|p1a: Delphox\n|-resisted|p1a: Delphox\n|-damage|p1a: Delphox|42/100 par\n|cant|p1a: Delphox|flinch\n|\n|-heal|p2a: Jirachi|250/291|[from] item: Leftovers\n|upkeep\n|turn|34\n|inactive|Time left: 300 sec this turn | 300 sec total\n|\n|t:|1783545687\n|move|p2a: Jirachi|Iron Head|p1a: Delphox\n|-resisted|p1a: Delphox\n|-damage|p1a: Delphox|24/100 par\n|cant|p1a: Delphox|flinch\n|\n|-heal|p2a: Jirachi|268/291|[from] item: Leftovers\n|upkeep\n|turn|35\n|inactive|Time left: 300 sec this turn | 300 sec total\n|\n|t:|1783545689\n|move|p2a: Jirachi|Body Slam|p1a: Delphox\n|-damage|p1a: Delphox|0 fnt\n|faint|p1a: Delphox\n|\n|-heal|p2a: Jirachi|286/291|[from] item: Leftovers\n|upkeep\n|\n|t:|1783545690\n|switch|p1a: Gliscor|Gliscor, L76, F|27/100 tox\n|turn|36\n|inactive|Time left: 300 sec this turn | 300 sec total\n|\n|t:|1783545691\n|move|p1a: Gliscor|Protect|p1a: Gliscor\n|-singleturn|p1a: Gliscor|Protect\n|move|p2a: Jirachi|Iron Head|p1a: Gliscor\n|-activate|p1a: Gliscor|move: Protect\n|\n|-heal|p2a: Jirachi|291/291|[from] item: Leftovers\n|-heal|p1a: Gliscor|39/100 tox|[from] ability: Poison Heal\n|upkeep\n|turn|37\n|inactive|Time left: 300 sec this turn | 300 sec total\n|\n|t:|1783545692\n|move|p2a: Jirachi|Iron Head|p1a: Gliscor\n|-crit|p1a: Gliscor\n|-damage|p1a: Gliscor|0 fnt\n|faint|p1a: Gliscor\n|\n|upkeep\n|\n|t:|1783545693\n|switch|p1a: Venusaur|Venusaur, L84, M|100/100\n|turn|38\n|inactive|Time left: 300 sec this turn | 300 sec total\n|\n|t:|1783545694\n|move|p2a: Jirachi|Body Slam|p1a: Venusaur\n|-damage|p1a: Venusaur|77/100\n|-status|p1a: Venusaur|par\n|move|p1a: Venusaur|Knock Off|p2a: Jirachi\n|-supereffective|p2a: Jirachi\n|-damage|p2a: Jirachi|169/291\n|-enditem|p2a: Jirachi|Leftovers|[from] move: Knock Off|[of] p1a: Venusaur\n|\n|-heal|p1a: Venusaur|83/100 par|[from] item: Leftovers\n|upkeep\n|turn|39\n|inactive|Time left: 300 sec this turn | 300 sec total\n|\n|t:|1783545695\n|move|p2a: Jirachi|Iron Head|p1a: Venusaur\n|-damage|p1a: Venusaur|53/100 par\n|cant|p1a: Venusaur|flinch\n|\n|-heal|p1a: Venusaur|59/100 par|[from] item: Leftovers\n|upkeep\n|turn|40\n|inactive|Time left: 300 sec this turn | 300 sec total\n|\n|t:|1783545696\n|move|p2a: Jirachi|Iron Head|p1a: Venusaur\n|-damage|p1a: Venusaur|28/100 par\n|cant|p1a: Venusaur|flinch\n|\n|-heal|p1a: Venusaur|35/100 par|[from] item: Leftovers\n|upkeep\n|turn|41\n|inactive|Time left: 300 sec this turn | 300 sec total\n|\n|t:|1783545697\n|move|p2a: Jirachi|Iron Head|p1a: Venusaur\n|-damage|p1a: Venusaur|5/100 par\n|cant|p1a: Venusaur|flinch\n|\n|-heal|p1a: Venusaur|11/100 par|[from] item: Leftovers\n|upkeep\n|turn|42\n|inactive|Time left: 300 sec this turn | 300 sec total\n|\n|t:|1783545698\n|move|p2a: Jirachi|Iron Head|p1a: Venusaur\n|-damage|p1a: Venusaur|0 fnt\n|faint|p1a: Venusaur\n|\n|upkeep\n|\n|t:|1783545699\n|switch|p1a: Regice|Regice, L88|58/100 slp\n|turn|43\n|inactive|Time left: 300 sec this turn | 300 sec total\n|\n|t:|1783545700\n|move|p2a: Jirachi|Iron Head|p1a: Regice\n|-supereffective|p1a: Regice\n|-damage|p1a: Regice|12/100 slp\n|-curestatus|p1a: Regice|slp|[msg]\n|cant|p1a: Regice|flinch\n|\n|upkeep\n|turn|44\n|inactive|Time left: 300 sec this turn | 300 sec total\n|\n|t:|1783545701\n|move|p2a: Jirachi|Body Slam|p1a: Regice\n|-damage|p1a: Regice|0 fnt\n|faint|p1a: Regice\n|\n|win|p0y56719e7", "uploadtime": 1783545701, "views": 0, "rating": 0, "private": 0, "password": null, "_winner": "p0y56719e7", "_our_name": "p0y56719e7"}