{"id": "battle-gen9randombattle-2897", "formatid": "gen9randombattle", "format": "[Gen 9] Random Battle", "players": ["p0x28978989", "p0y28979ad0"], "log": "|init|battle\n|title|p0x28978989 vs. p0y28979ad0\n|j|\u2606p0x28978989\n|j|\u2606p0y28979ad0\n|t:|1783573351\n|gametype|singles\n|player|p1|p0x28978989|102|\n|player|p2|p0y28979ad0|2|\n|gen|9\n|tier|[Gen 9] Random Battle\n|rule|Species Clause: Limit one of each Pok\u00e9mon\n|rule|HP Percentage Mod: HP is shown in percentages\n|rule|Sleep Clause Mod: Limit one foe put to sleep\n|rule|Illusion Level Mod: Illusion disguises the Pok\u00e9mon's true level\n|\n|t:|1783573351\n|teamsize|p1|6\n|teamsize|p2|6\n|start\n|switch|p1a: Girafarig|Girafarig, L89, M|100/100\n|switch|p2a: Sceptile|Sceptile, L87, F|264/264\n|turn|1\n|inactive|Battle timer is ON: inactive players will automatically lose when time's up. (requested by p0y28979ad0)\n|inactive|p0x28978989 also wants the timer to be on.\n|\n|t:|1783573352\n|move|p2a: Sceptile|Swords Dance|p2a: Sceptile\n|-boost|p2a: Sceptile|atk|2\n|move|p1a: Girafarig|Nasty Plot|p1a: Girafarig\n|-boost|p1a: Girafarig|spa|2\n|\n|upkeep\n|turn|2\n|inactive|Time left: 300 sec this turn | 300 sec total\n|\n|t:|1783573353\n|move|p2a: Sceptile|Earthquake|p1a: Girafarig\n|-damage|p1a: Girafarig|46/100\n|-damage|p2a: Sceptile|238/264|[from] item: Life Orb\n|move|p1a: Girafarig|Psyshock|p2a: Sceptile\n|-damage|p2a: Sceptile|39/264\n|\n|upkeep\n|turn|3\n|inactive|Time left: 300 sec this turn | 300 sec total\n|\n|t:|1783573355\n|switch|p1a: Sandslash|Sandslash, L89, M|100/100\n|move|p2a: Sceptile|Earthquake|p1a: Sandslash\n|-damage|p1a: Sandslash|50/100\n|-damage|p2a: Sceptile|13/264|[from] item: Life Orb\n|\n|-heal|p1a: Sandslash|56/100|[from] item: Leftovers\n|upkeep\n|turn|4\n|inactive|Time left: 300 sec this turn | 300 sec total\n|\n|t:|1783573356\n|move|p2a: Sceptile|Leaf Blade|p1a: Sandslash\n|-supereffective|p1a: Sandslash\n|-damage|p1a: Sandslash|0 fnt\n|faint|p1a: Sandslash\n|-damage|p2a: Sceptile|0 fnt|[from] item: Life Orb\n|faint|p2a: Sceptile\n|\n|upkeep\n|inactive|Time left: 300 sec this turn | 300 sec total | 5 sec grace\n|\n|t:|1783573357\n|switch|p2a: Girafarig|Girafarig, L89, M|269/269\n|switch|p1a: Grumpig|Grumpig, L92, F|100/100\n|turn|5\n|inactive|Time left: 300 sec this turn | 300 sec total\n|\n|t:|1783573358\n|move|p2a: Girafarig|Nasty Plot|p2a: Girafarig\n|-boost|p2a: Girafarig|spa|2\n|move|p1a: Grumpig|Nasty Plot|p1a: Grumpig\n|-boost|p1a: Grumpig|spa|2\n|\n|upkeep\n|turn|6\n|inactive|Time left: 300 sec this turn | 300 sec total\n|\n|t:|1783573360\n|move|p2a: Girafarig|Hyper Voice|p1a: Grumpig\n|-damage|p1a: Grumpig|48/100\n|move|p1a: Grumpig|Earth Power|p2a: Girafarig\n|-damage|p2a: Girafarig|162/269\n|-unboost|p2a: Girafarig|spd|1\n|\n|-heal|p1a: Grumpig|54/100|[from] item: Leftovers\n|upkeep\n|turn|7\n|inactive|Time left: 300 sec this turn | 300 sec total\n|\n|t:|1783573361\n|-terastallize|p2a: Girafarig|Normal\n|move|p2a: Girafarig|Hyper Voice|p1a: Grumpig\n|-damage|p1a: Grumpig|0 fnt\n|faint|p1a: Grumpig\n|\n|upkeep\n|\n|t:|1783573362\n|switch|p1a: Golduck|Golduck, L90, F|100/100\n|turn|8\n|inactive|Time left: 300 sec this turn | 300 sec total\n|\n|t:|1783573363\n|-terastallize|p1a: Golduck|Water\n|move|p1a: Golduck|Hydro Pump|p2a: Girafarig\n|-damage|p2a: Girafarig|0 fnt\n|faint|p2a: Girafarig\n|\n|upkeep\n|inactive|Time left: 300 sec this turn | 300 sec total | 5 sec grace\n|\n|t:|1783573364\n|switch|p2a: Keldeo|Keldeo-Resolute, L79|273/273\n|turn|9\n|inactive|Time left: 300 sec this turn | 300 sec total\n|\n|t:|1783573365\n|move|p2a: Keldeo|Secret Sword|p1a: Golduck\n|-damage|p1a: Golduck|53/100\n|move|p1a: Golduck|Nasty Plot|p1a: Golduck\n|-boost|p1a: Golduck|spa|2\n|\n|-heal|p1a: Golduck|59/100|[from] item: Leftovers\n|upkeep\n|turn|10\n|inactive|Time left: 300 sec this turn | 300 sec total\n|\n|t:|1783573366\n|move|p2a: Keldeo|Secret Sword|p1a: Golduck\n|-damage|p1a: Golduck|4/100\n|move|p1a: Golduck|Hydro Pump|p2a: Keldeo\n|-resisted|p2a: Keldeo\n|-damage|p2a: Keldeo|90/273\n|\n|-heal|p1a: Golduck|10/100|[from] item: Leftovers\n|upkeep\n|turn|11\n|inactive|Time left: 300 sec this turn | 300 sec total\n|\n|t:|1783573367\n|switch|p1a: Pecharunt|Pecharunt, L77|100/100\n|move|p2a: Keldeo|Secret Sword|p1a: Pecharunt\n|-immune|p1a: Pecharunt\n|\n|upkeep\n|turn|12\n|inactive|Time left: 300 sec this turn | 300 sec total\n|\n|t:|1783573368\n|switch|p2a: Snorlax|Snorlax, L82, F|397/397\n|move|p1a: Pecharunt|Malignant Chain|p2a: Snorlax\n|-damage|p2a: Snorlax|330/397\n|\n|-heal|p2a: Snorlax|354/397|[from] item: Leftovers\n|upkeep\n|turn|13\n|inactive|Time left: 300 sec this turn | 300 sec total\n|\n|t:|1783573369\n|move|p1a: Pecharunt|Malignant Chain|p2a: Snorlax\n|-damage|p2a: Snorlax|279/397\n|move|p2a: Snorlax|Curse|p2a: Snorlax\n|-unboost|p2a: Snorlax|spe|1\n|-boost|p2a: Snorlax|atk|1\n|-boost|p2a: Snorlax|def|1\n|\n|-heal|p2a: Snorlax|303/397|[from] item: Leftovers\n|upkeep\n|turn|14\n|inactive|Time left: 300 sec this turn | 300 sec total\n|\n|t:|1783573370\n|move|p1a: Pecharunt|Malignant Chain|p2a: Snorlax\n|-crit|p2a: Snorlax\n|-damage|p2a: Snorlax|186/397\n|move|p2a: Snorlax|Body Slam|p1a: Pecharunt\n|-immune|p1a: Pecharunt\n|\n|-heal|p2a: Snorlax|210/397|[from] item: Leftovers\n|upkeep\n|turn|15\n|inactive|Time left: 300 sec this turn | 300 sec total\n|\n|t:|1783573371\n|move|p1a: Pecharunt|Malignant Chain|p2a: Snorlax\n|-damage|p2a: Snorlax|135/397\n|-status|p2a: Snorlax|tox\n|-start|p2a: Snorlax|confusion|[from] ability: Poison Puppeteer|[of] p1a: Pecharunt\n|-activate|p2a: Snorlax|confusion\n|-damage|p2a: Snorlax|95/397 tox|[from] confusion\n|\n|-heal|p2a: Snorlax|119/397 tox|[from] item: Leftovers\n|-damage|p2a: Snorlax|95/397 tox|[from] psn\n|upkeep\n|turn|16\n|inactive|Time left: 300 sec this turn | 300 sec total\n|\n|t:|1783573372\n|move|p1a: Pecharunt|Malignant Chain|p2a: Snorlax\n|-damage|p2a: Snorlax|28/397 tox\n|-end|p2a: Snorlax|confusion\n|move|p2a: Snorlax|Rest|p2a: Snorlax\n|-status|p2a: Snorlax|slp|[from] move: Rest\n|-heal|p2a: Snorlax|397/397 slp|[silent]\n|\n|upkeep\n|turn|17\n|inactive|Time left: 300 sec this turn | 300 sec total\n|\n|t:|1783573373\n|move|p1a: Pecharunt|Parting Shot|p2a: Snorlax\n|-unboost|p2a: Snorlax|atk|1\n|-unboost|p2a: Snorlax|spa|1\n|\n|t:|1783573374\n|switch|p1a: Girafarig|Girafarig, L89, M|46/100|[from] Parting Shot\n|cant|p2a: Snorlax|slp\n|move|p2a: Snorlax|Sleep Talk|p2a: Snorlax\n|move|p2a: Snorlax|Curse|p2a: Snorlax|[from] move: Sleep Talk\n|-unboost|p2a: Snorlax|spe|1\n|-boost|p2a: Snorlax|atk|1\n|-boost|p2a: Snorlax|def|1\n|\n|upkeep\n|turn|18\n|inactive|Time left: 300 sec this turn | 300 sec total\n|\n|t:|1783573375\n|move|p1a: Girafarig|Nasty Plot|p1a: Girafarig\n|-boost|p1a: Girafarig|spa|2\n|cant|p2a: Snorlax|slp\n|move|p2a: Snorlax|Sleep Talk|p2a: Snorlax\n|move|p2a: Snorlax|Rest||[from] move: Sleep Talk|[still]\n|-fail|p2a: Snorlax\n|\n|upkeep\n|turn|19\n|inactive|Time left: 300 sec this turn | 300 sec total\n|\n|t:|1783573376\n|move|p1a: Girafarig|Hyper Voice|p2a: Snorlax\n|-damage|p2a: Snorlax|217/397 slp\n|-curestatus|p2a: Snorlax|slp|[msg]\n|move|p2a: Snorlax|Body Slam|p1a: Girafarig\n|-damage|p1a: Girafarig|6/100\n|\n|-heal|p2a: Snorlax|241/397|[from] item: Leftovers\n|upkeep\n|turn|20\n|inactive|Time left: 300 sec this turn | 300 sec total\n|\n|t:|1783573377\n|move|p1a: Girafarig|Hyper Voice|p2a: Snorlax\n|-damage|p2a: Snorlax|57/397\n|move|p2a: Snorlax|Body Slam|p1a: Girafarig\n|-damage|p1a: Girafarig|0 fnt\n|faint|p1a: Girafarig\n|\n|-heal|p2a: Snorlax|81/397|[from] item: Leftovers\n|upkeep\n|\n|t:|1783573378\n|switch|p1a: Golduck|Golduck, L90, F, tera:Water|10/100\n|turn|21\n|inactive|Time left: 300 sec this turn | 300 sec total\n|\n|t:|1783573379\n|move|p1a: Golduck|Hydro Pump|p2a: Snorlax\n|-damage|p2a: Snorlax|0 fnt\n|faint|p2a: Snorlax\n|\n|-heal|p1a: Golduck|16/100|[from] item: Leftovers\n|upkeep\n|inactive|Time left: 300 sec this turn | 300 sec total | 5 sec grace\n|\n|t:|1783573380\n|switch|p2a: Typhlosion|Typhlosion, L84, M|267/267\n|turn|22\n|inactive|Time left: 300 sec this turn | 300 sec total\n|\n|t:|1783573380\n|switch|p1a: Kingdra|Kingdra, L84, M|100/100\n|move|p2a: Typhlosion|Eruption|p1a: Kingdra\n|-resisted|p1a: Kingdra\n|-damage|p1a: Kingdra|86/100\n|\n|upkeep\n|turn|23\n|inactive|Time left: 300 sec this turn | 300 sec total\n|\n|t:|1783573381\n|switch|p2a: Keldeo|Keldeo-Resolute, L79|90/273\n|move|p1a: Kingdra|Wave Crash|p2a: Keldeo\n|-resisted|p2a: Keldeo\n|-damage|p2a: Keldeo|2/273\n|-damage|p1a: Kingdra|75/100|[from] Recoil\n|-damage|p1a: Kingdra|66/100|[from] item: Life Orb\n|\n|upkeep\n|turn|24\n|inactive|Time left: 300 sec this turn | 300 sec total\n|\n|t:|1783573382\n|move|p2a: Keldeo|Secret Sword|p1a: Kingdra\n|-damage|p1a: Kingdra|15/100\n|move|p1a: Kingdra|Rain Dance|p1a: Kingdra\n|-weather|RainDance\n|\n|-weather|RainDance|[upkeep]\n|upkeep\n|turn|25\n|inactive|Time left: 300 sec this turn | 300 sec total\n|\n|t:|1783573383\n|switch|p2a: Bruxish|Bruxish, L85, M|254/254\n|move|p1a: Kingdra|Wave Crash|p2a: Bruxish\n|-resisted|p2a: Bruxish\n|-crit|p2a: Bruxish\n|-damage|p2a: Bruxish|23/254\n|-damage|p1a: Kingdra|0 fnt|[from] Recoil\n|faint|p1a: Kingdra\n|\n|-weather|RainDance|[upkeep]\n|upkeep\n|\n|t:|1783573384\n|switch|p1a: Golduck|Golduck, L90, F, tera:Water|16/100\n|turn|26\n|inactive|Time left: 300 sec this turn | 300 sec total\n|\n|t:|1783573385\n|move|p1a: Golduck|Ice Beam|p2a: Bruxish\n|-resisted|p2a: Bruxish\n|-damage|p2a: Bruxish|0 fnt\n|faint|p2a: Bruxish\n|\n|-weather|RainDance|[upkeep]\n|-heal|p1a: Golduck|23/100|[from] item: Leftovers\n|upkeep\n|inactive|Time left: 300 sec this turn | 300 sec total | 5 sec grace\n|\n|t:|1783573386\n|switch|p2a: Keldeo|Keldeo-Resolute, L79|2/273\n|turn|27\n|inactive|Time left: 300 sec this turn | 300 sec total\n|\n|t:|1783573387\n|switch|p1a: Pecharunt|Pecharunt, L77|100/100\n|move|p2a: Keldeo|Hydro Pump|p1a: Pecharunt\n|-damage|p1a: Pecharunt|0 fnt\n|faint|p1a: Pecharunt\n|\n|-weather|RainDance|[upkeep]\n|upkeep\n|\n|t:|1783573388\n|switch|p1a: Golduck|Golduck, L90, F, tera:Water|23/100\n|turn|28\n|inactive|Time left: 300 sec this turn | 300 sec total\n|\n|t:|1783573389\n|move|p1a: Golduck|Ice Beam|p2a: Keldeo\n|-resisted|p2a: Keldeo\n|-damage|p2a: Keldeo|0 fnt\n|faint|p2a: Keldeo\n|\n|-weather|none\n|-heal|p1a: Golduck|29/100|[from] item: Leftovers\n|upkeep\n|inactive|Time left: 300 sec this turn | 300 sec total | 5 sec grace\n|\n|t:|1783573389\n|switch|p2a: Typhlosion|Typhlosion, L84, M|267/267\n|turn|29\n|inactive|Time left: 300 sec this turn | 300 sec total\n|\n|t:|1783573390\n|move|p2a: Typhlosion|Eruption|p1a: Golduck\n|-resisted|p1a: Golduck\n|-damage|p1a: Golduck|0 fnt\n|faint|p1a: Golduck\n|\n|win|p0y28979ad0", "uploadtime": 1783573390, "views": 0, "rating": 0, "private": 0, "password": null, "_winner": "p0y28979ad0", "_our_name": "p0y28979ad0"}