{"id": "battle-gen9randombattle-2727", "formatid": "gen9randombattle", "format": "[Gen 9] Random Battle", "players": ["p0x272704a1", "p0y2727bfa2"], "log": "|init|battle\n|title|p0x272704a1 vs. p0y2727bfa2\n|j|\u2606p0x272704a1\n|j|\u2606p0y2727bfa2\n|t:|1783570426\n|gametype|singles\n|player|p1|p0x272704a1|170|\n|player|p2|p0y2727bfa2|101|\n|gen|9\n|tier|[Gen 9] Random Battle\n|rule|Species Clause: Limit one of each Pok\u00e9mon\n|rule|HP Percentage Mod: HP is shown in percentages\n|rule|Sleep Clause Mod: Limit one foe put to sleep\n|rule|Illusion Level Mod: Illusion disguises the Pok\u00e9mon's true level\n|\n|t:|1783570426\n|teamsize|p1|6\n|teamsize|p2|6\n|start\n|switch|p1a: Wyrdeer|Wyrdeer, L87, M|100/100\n|switch|p2a: Conkeldurr|Conkeldurr, L80, M|299/299\n|-ability|p1a: Wyrdeer|Intimidate|boost\n|-unboost|p2a: Conkeldurr|atk|1\n|turn|1\n|inactive|Battle timer is ON: inactive players will automatically lose when time's up. (requested by p0y2727bfa2)\n|inactive|p0x272704a1 also wants the timer to be on.\n|\n|t:|1783570428\n|move|p1a: Wyrdeer|Psychic Noise|p2a: Conkeldurr\n|-supereffective|p2a: Conkeldurr\n|-damage|p2a: Conkeldurr|51/299\n|-start|p2a: Conkeldurr|move: Heal Block\n|move|p2a: Conkeldurr|Knock Off|p1a: Wyrdeer\n|-supereffective|p1a: Wyrdeer\n|-damage|p1a: Wyrdeer|59/100\n|-enditem|p1a: Wyrdeer|Leftovers|[from] move: Knock Off|[of] p2a: Conkeldurr\n|\n|-status|p2a: Conkeldurr|brn|[from] item: Flame Orb\n|upkeep\n|turn|2\n|inactive|Time left: 300 sec this turn | 300 sec total\n|\n|t:|1783570429\n|switch|p2a: Porygon2|Porygon2, L81|270/270\n|-ability|p2a: Porygon2|Download|boost\n|-boost|p2a: Porygon2|atk|1\n|move|p1a: Wyrdeer|Psychic Noise|p2a: Porygon2\n|-damage|p2a: Porygon2|210/270\n|-start|p2a: Porygon2|move: Heal Block\n|\n|upkeep\n|turn|3\n|inactive|Time left: 300 sec this turn | 300 sec total\n|\n|t:|1783570430\n|move|p1a: Wyrdeer|Psychic Noise|p2a: Porygon2\n|-damage|p2a: Porygon2|146/270\n|move|p2a: Porygon2|Ice Beam|p1a: Wyrdeer\n|-damage|p1a: Wyrdeer|37/100\n|-status|p1a: Wyrdeer|frz\n|\n|-end|p2a: Porygon2|move: Heal Block\n|upkeep\n|turn|4\n|inactive|Time left: 300 sec this turn | 300 sec total\n|\n|t:|1783570431\n|-curestatus|p1a: Wyrdeer|frz|[msg]\n|move|p1a: Wyrdeer|Megahorn|p2a: Porygon2\n|-damage|p2a: Porygon2|78/270\n|move|p2a: Porygon2|Recover|p2a: Porygon2\n|-heal|p2a: Porygon2|213/270\n|\n|upkeep\n|turn|5\n|inactive|Time left: 300 sec this turn | 300 sec total\n|\n|t:|1783570432\n|move|p1a: Wyrdeer|Psychic Noise|p2a: Porygon2\n|-damage|p2a: Porygon2|150/270\n|-start|p2a: Porygon2|move: Heal Block\n|move|p2a: Porygon2|Ice Beam|p1a: Wyrdeer\n|-damage|p1a: Wyrdeer|16/100\n|\n|upkeep\n|turn|6\n|inactive|Time left: 300 sec this turn | 300 sec total\n|\n|t:|1783570433\n|move|p1a: Wyrdeer|Thunder Wave|p2a: Porygon2\n|-status|p2a: Porygon2|par\n|move|p2a: Porygon2|Ice Beam|p1a: Wyrdeer\n|-damage|p1a: Wyrdeer|0 fnt\n|faint|p1a: Wyrdeer\n|\n|-end|p2a: Porygon2|move: Heal Block\n|upkeep\n|\n|t:|1783570434\n|switch|p1a: Meganium|Meganium, L90, M|100/100\n|turn|7\n|inactive|Time left: 300 sec this turn | 300 sec total\n|\n|t:|1783570435\n|move|p1a: Meganium|Swords Dance|p1a: Meganium\n|-boost|p1a: Meganium|atk|2\n|move|p2a: Porygon2|Ice Beam|p1a: Meganium\n|-supereffective|p1a: Meganium\n|-damage|p1a: Meganium|61/100\n|\n|-heal|p1a: Meganium|67/100|[from] item: Leftovers\n|upkeep\n|turn|8\n|inactive|Time left: 300 sec this turn | 300 sec total\n|\n|t:|1783570436\n|move|p1a: Meganium|Knock Off|p2a: Porygon2\n|-damage|p2a: Porygon2|50/270 par\n|-enditem|p2a: Porygon2|Eviolite|[from] move: Knock Off|[of] p1a: Meganium\n|cant|p2a: Porygon2|par\n|\n|-heal|p1a: Meganium|74/100|[from] item: Leftovers\n|upkeep\n|turn|9\n|inactive|Time left: 300 sec this turn | 300 sec total\n|\n|t:|1783570438\n|move|p1a: Meganium|Knock Off|p2a: Porygon2\n|-damage|p2a: Porygon2|0 fnt\n|faint|p2a: Porygon2\n|\n|-heal|p1a: Meganium|80/100|[from] item: Leftovers\n|upkeep\n|inactive|Time left: 300 sec this turn | 300 sec total | 5 sec grace\n|\n|t:|1783570439\n|switch|p2a: Gliscor|Gliscor, L76, F|239/239\n|turn|10\n|inactive|Time left: 300 sec this turn | 300 sec total\n|\n|t:|1783570440\n|move|p2a: Gliscor|Protect|p2a: Gliscor\n|-singleturn|p2a: Gliscor|Protect\n|move|p1a: Meganium|Knock Off|p2a: Gliscor\n|-activate|p2a: Gliscor|move: Protect\n|\n|-heal|p1a: Meganium|86/100|[from] item: Leftovers\n|-status|p2a: Gliscor|tox|[from] item: Toxic Orb\n|upkeep\n|turn|11\n|inactive|Time left: 300 sec this turn | 300 sec total\n|\n|t:|1783570441\n|move|p1a: Meganium|Petal Blizzard|p2a: Gliscor\n|-damage|p2a: Gliscor|65/239 tox\n|move|p2a: Gliscor|Toxic|p1a: Meganium\n|-status|p1a: Meganium|tox\n|\n|-heal|p1a: Meganium|92/100 tox|[from] item: Leftovers\n|-damage|p1a: Meganium|86/100 tox|[from] psn\n|-heal|p2a: Gliscor|94/239 tox|[from] ability: Poison Heal\n|upkeep\n|turn|12\n|inactive|Time left: 300 sec this turn | 300 sec total\n|\n|t:|1783570442\n|move|p2a: Gliscor|Protect|p2a: Gliscor\n|-singleturn|p2a: Gliscor|Protect\n|move|p1a: Meganium|Knock Off|p2a: Gliscor\n|-activate|p2a: Gliscor|move: Protect\n|\n|-heal|p1a: Meganium|92/100 tox|[from] item: Leftovers\n|-damage|p1a: Meganium|80/100 tox|[from] psn\n|-heal|p2a: Gliscor|123/239 tox|[from] ability: Poison Heal\n|upkeep\n|turn|13\n|inactive|Time left: 300 sec this turn | 300 sec total\n|\n|t:|1783570443\n|move|p2a: Gliscor|Protect||[still]\n|-fail|p2a: Gliscor\n|move|p1a: Meganium|Petal Blizzard|p2a: Gliscor\n|-damage|p2a: Gliscor|0 fnt\n|faint|p2a: Gliscor\n|\n|-heal|p1a: Meganium|86/100 tox|[from] item: Leftovers\n|-damage|p1a: Meganium|67/100 tox|[from] psn\n|upkeep\n|inactive|Time left: 300 sec this turn | 300 sec total | 5 sec grace\n|\n|t:|1783570444\n|switch|p2a: Falinks|Falinks, L84|246/246\n|turn|14\n|inactive|Time left: 300 sec this turn | 300 sec total\n|\n|t:|1783570445\n|move|p1a: Meganium|Petal Blizzard|p2a: Falinks\n|-damage|p2a: Falinks|74/246\n|move|p2a: Falinks|No Retreat|p2a: Falinks\n|-boost|p2a: Falinks|atk|1\n|-boost|p2a: Falinks|def|1\n|-boost|p2a: Falinks|spa|1\n|-boost|p2a: Falinks|spd|1\n|-boost|p2a: Falinks|spe|1\n|-start|p2a: Falinks|move: No Retreat\n|\n|-heal|p1a: Meganium|74/100 tox|[from] item: Leftovers\n|-damage|p1a: Meganium|49/100 tox|[from] psn\n|upkeep\n|turn|15\n|inactive|Time left: 300 sec this turn | 300 sec total\n|\n|t:|1783570446\n|switch|p1a: Hippowdon|Hippowdon, L82, F|100/100\n|-weather|Sandstorm|[from] ability: Sand Stream|[of] p1a: Hippowdon\n|move|p2a: Falinks|Close Combat|p1a: Hippowdon\n|-damage|p1a: Hippowdon|40/100\n|-unboost|p2a: Falinks|def|1\n|-unboost|p2a: Falinks|spd|1\n|-damage|p2a: Falinks|50/246|[from] item: Life Orb\n|\n|-weather|Sandstorm|[upkeep]\n|-damage|p2a: Falinks|35/246|[from] Sandstorm\n|-heal|p1a: Hippowdon|46/100|[from] item: Leftovers\n|upkeep\n|turn|16\n|inactive|Time left: 300 sec this turn | 300 sec total\n|\n|t:|1783570447\n|switch|p1a: Meganium|Meganium, L90, M|49/100 tox\n|-terastallize|p2a: Falinks|Steel\n|move|p2a: Falinks|Close Combat|p1a: Meganium\n|-damage|p1a: Meganium|0 fnt\n|-unboost|p2a: Falinks|def|1\n|-unboost|p2a: Falinks|spd|1\n|faint|p1a: Meganium\n|-damage|p2a: Falinks|11/246|[from] item: Life Orb\n|\n|-weather|Sandstorm|[upkeep]\n|upkeep\n|\n|t:|1783570448\n|switch|p1a: Empoleon|Empoleon, L84, M|100/100\n|turn|17\n|inactive|Time left: 300 sec this turn | 300 sec total\n|\n|t:|1783570448\n|-terastallize|p1a: Empoleon|Flying\n|move|p2a: Falinks|Close Combat|p1a: Empoleon\n|-resisted|p1a: Empoleon\n|-damage|p1a: Empoleon|59/100\n|-unboost|p2a: Falinks|def|1\n|-unboost|p2a: Falinks|spd|1\n|-damage|p2a: Falinks|0 fnt|[from] item: Life Orb\n|faint|p2a: Falinks\n|move|p1a: Empoleon|Roost|p1a: Empoleon\n|-heal|p1a: Empoleon|100/100\n|-hint|If a Terastallized Pokemon uses Roost, it remains Flying-type.\n|\n|-weather|Sandstorm|[upkeep]\n|-damage|p1a: Empoleon|94/100|[from] Sandstorm\n|-heal|p1a: Empoleon|100/100|[from] item: Leftovers\n|upkeep\n|inactive|Time left: 300 sec this turn | 300 sec total | 5 sec grace\n|\n|t:|1783570449\n|switch|p2a: Cloyster|Cloyster, L80, M|211/211\n|turn|18\n|inactive|Time left: 300 sec this turn | 300 sec total\n|\n|t:|1783570450\n|switch|p1a: Probopass|Probopass, L91, F|100/100\n|move|p2a: Cloyster|Icicle Spear|p1a: Probopass\n|-resisted|p1a: Probopass\n|-damage|p1a: Probopass|97/100\n|-resisted|p1a: Probopass\n|-damage|p1a: Probopass|95/100\n|-resisted|p1a: Probopass\n|-damage|p1a: Probopass|92/100\n|-resisted|p1a: Probopass\n|-damage|p1a: Probopass|89/100\n|-resisted|p1a: Probopass\n|-damage|p1a: Probopass|86/100\n|-hitcount|p1a: Probopass|5\n|\n|-weather|Sandstorm|[upkeep]\n|-damage|p2a: Cloyster|198/211|[from] Sandstorm\n|-heal|p1a: Probopass|92/100|[from] item: Leftovers\n|upkeep\n|turn|19\n|inactive|Time left: 300 sec this turn | 300 sec total\n|\n|t:|1783570450\n|switch|p2a: Palkia|Palkia, L75|259/259\n|-ability|p2a: Palkia|Pressure\n|move|p1a: Probopass|Power Gem|p2a: Palkia\n|-damage|p2a: Palkia|190/259\n|\n|-weather|none\n|-heal|p1a: Probopass|99/100|[from] item: Leftovers\n|upkeep\n|turn|20\n|inactive|Time left: 300 sec this turn | 300 sec total\n|\n|t:|1783570451\n|move|p2a: Palkia|Hydro Pump|p1a: Probopass\n|-supereffective|p1a: Probopass\n|-damage|p1a: Probopass|39/100\n|move|p1a: Probopass|Power Gem|p2a: Palkia\n|-damage|p2a: Palkia|117/259\n|\n|-heal|p1a: Probopass|46/100|[from] item: Leftovers\n|upkeep\n|turn|21\n|inactive|Time left: 300 sec this turn | 300 sec total\n|\n|t:|1783570452\n|switch|p1a: Tatsugiri|Tatsugiri, L87, M|100/100\n|move|p2a: Palkia|Hydro Pump|p1a: Tatsugiri\n|-ability|p1a: Tatsugiri|Storm Drain|boost\n|-boost|p1a: Tatsugiri|spa|1\n|\n|upkeep\n|turn|22\n|inactive|Time left: 300 sec this turn | 300 sec total\n|\n|t:|1783570453\n|switch|p2a: Conkeldurr|Conkeldurr, L80, M|51/299 brn\n|switch|p1a: Probopass|Probopass, L91, F|46/100\n|\n|-heal|p1a: Probopass|52/100|[from] item: Leftovers\n|-damage|p2a: Conkeldurr|33/299 brn|[from] brn\n|upkeep\n|turn|23\n|inactive|Time left: 300 sec this turn | 300 sec total\n|\n|t:|1783570454\n|switch|p1a: Empoleon|Empoleon, L84, M, tera:Flying|100/100\n|move|p2a: Conkeldurr|Mach Punch|p1a: Empoleon\n|-resisted|p1a: Empoleon\n|-damage|p1a: Empoleon|86/100\n|\n|-heal|p1a: Empoleon|92/100|[from] item: Leftovers\n|-damage|p2a: Conkeldurr|15/299 brn|[from] brn\n|upkeep\n|turn|24\n|inactive|Time left: 300 sec this turn | 300 sec total\n|\n|t:|1783570455\n|switch|p1a: Hippowdon|Hippowdon, L82, F|46/100\n|-weather|Sandstorm|[from] ability: Sand Stream|[of] p1a: Hippowdon\n|move|p2a: Conkeldurr|Close Combat|p1a: Hippowdon\n|-damage|p1a: Hippowdon|0 fnt\n|-unboost|p2a: Conkeldurr|def|1\n|-unboost|p2a: Conkeldurr|spd|1\n|faint|p1a: Hippowdon\n|\n|-weather|Sandstorm|[upkeep]\n|-damage|p2a: Conkeldurr|0 fnt|[from] Sandstorm\n|faint|p2a: Conkeldurr\n|upkeep\n|inactive|Time left: 300 sec this turn | 300 sec total | 5 sec grace\n|\n|t:|1783570455\n|switch|p1a: Tatsugiri|Tatsugiri, L87, M|100/100\n|switch|p2a: Palkia|Palkia, L75|117/259\n|-ability|p2a: Palkia|Pressure\n|turn|25\n|inactive|Time left: 300 sec this turn | 300 sec total\n|\n|t:|1783570456\n|switch|p1a: Probopass|Probopass, L91, F|52/100\n|move|p2a: Palkia|Hydro Pump|p1a: Probopass\n|-supereffective|p1a: Probopass\n|-damage|p1a: Probopass|10/100\n|\n|-weather|Sandstorm|[upkeep]\n|-damage|p2a: Palkia|101/259|[from] Sandstorm\n|-heal|p1a: Probopass|16/100|[from] item: Leftovers\n|upkeep\n|turn|26\n|inactive|Time left: 300 sec this turn | 300 sec total\n|\n|t:|1783570457\n|move|p2a: Palkia|Hydro Pump|p1a: Probopass\n|-supereffective|p1a: Probopass\n|-damage|p1a: Probopass|0 fnt\n|faint|p1a: Probopass\n|\n|-weather|Sandstorm|[upkeep]\n|-damage|p2a: Palkia|85/259|[from] Sandstorm\n|upkeep\n|\n|t:|1783570458\n|switch|p1a: Tatsugiri|Tatsugiri, L87, M|100/100\n|turn|27\n|inactive|Time left: 300 sec this turn | 300 sec total\n|\n|t:|1783570459\n|switch|p2a: Cloyster|Cloyster, L80, M|198/211\n|move|p1a: Tatsugiri|Nasty Plot|p1a: Tatsugiri\n|-boost|p1a: Tatsugiri|spa|2\n|\n|-weather|Sandstorm|[upkeep]\n|-damage|p1a: Tatsugiri|94/100|[from] Sandstorm\n|-damage|p2a: Cloyster|185/211|[from] Sandstorm\n|upkeep\n|turn|28\n|inactive|Time left: 300 sec this turn | 300 sec total\n|\n|t:|1783570461\n|move|p1a: Tatsugiri|Draco Meteor|p2a: Cloyster\n|-damage|p2a: Cloyster|0 fnt\n|-unboost|p1a: Tatsugiri|spa|2\n|faint|p2a: Cloyster\n|\n|-weather|none\n|upkeep\n|inactive|Time left: 300 sec this turn | 300 sec total | 5 sec grace\n|\n|t:|1783570461\n|switch|p2a: Palkia|Palkia, L75|85/259\n|-ability|p2a: Palkia|Pressure\n|turn|29\n|inactive|Time left: 300 sec this turn | 300 sec total\n|\n|t:|1783570462\n|move|p2a: Palkia|Spacial Rend|p1a: Tatsugiri\n|-supereffective|p1a: Tatsugiri\n|-crit|p1a: Tatsugiri\n|-damage|p1a: Tatsugiri|0 fnt\n|faint|p1a: Tatsugiri\n|\n|upkeep\n|\n|t:|1783570463\n|switch|p1a: Empoleon|Empoleon, L84, M, tera:Flying|92/100\n|turn|30\n|inactive|Time left: 300 sec this turn | 300 sec total\n|\n|t:|1783570464\n|move|p2a: Palkia|Spacial Rend|p1a: Empoleon\n|-damage|p1a: Empoleon|54/100\n|move|p1a: Empoleon|Roost|p1a: Empoleon\n|-heal|p1a: Empoleon|100/100\n|-hint|If a Terastallized Pokemon uses Roost, it remains Flying-type.\n|\n|upkeep\n|turn|31\n|inactive|Time left: 300 sec this turn | 300 sec total\n|\n|t:|1783570465\n|move|p2a: Palkia|Spacial Rend|p1a: Empoleon\n|-damage|p1a: Empoleon|62/100\n|move|p1a: Empoleon|Ice Beam|p2a: Palkia\n|-damage|p2a: Palkia|21/259\n|\n|-heal|p1a: Empoleon|68/100|[from] item: Leftovers\n|upkeep\n|turn|32\n|inactive|Time left: 300 sec this turn | 300 sec total\n|\n|t:|1783570466\n|move|p2a: Palkia|Spacial Rend|p1a: Empoleon\n|-damage|p1a: Empoleon|27/100\n|move|p1a: Empoleon|Ice Beam|p2a: Palkia\n|-damage|p2a: Palkia|0 fnt\n|faint|p2a: Palkia\n|\n|win|p0x272704a1", "uploadtime": 1783570466, "views": 0, "rating": 0, "private": 0, "password": null, "_winner": "p0x272704a1", "_our_name": "p0y2727bfa2"}