{"id": "battle-gen9randombattle-2471", "formatid": "gen9randombattle", "format": "[Gen 9] Random Battle", "players": ["p0x2471443b", "p0y2471dc8f"], "log": "|init|battle\n|title|p0x2471443b vs. p0y2471dc8f\n|j|\u2606p0x2471443b\n|j|\u2606p0y2471dc8f\n|t:|1783567668\n|gametype|singles\n|player|p1|p0x2471443b|265|\n|player|p2|p0y2471dc8f|102|\n|gen|9\n|tier|[Gen 9] Random Battle\n|rule|Species Clause: Limit one of each Pok\u00e9mon\n|rule|HP Percentage Mod: HP is shown in percentages\n|rule|Sleep Clause Mod: Limit one foe put to sleep\n|rule|Illusion Level Mod: Illusion disguises the Pok\u00e9mon's true level\n|\n|t:|1783567668\n|teamsize|p1|6\n|teamsize|p2|6\n|start\n|switch|p1a: Spectrier|Spectrier, L75|100/100\n|switch|p2a: Bastiodon|Bastiodon, L89, M|252/252\n|turn|1\n|inactive|Battle timer is ON: inactive players will automatically lose when time's up. (requested by p0x2471443b)\n|inactive|Time left: 300 sec this turn | 300 sec total | 60 sec grace\n|inactive|p0y2471dc8f also wants the timer to be on.\n|\n|t:|1783567669\n|move|p1a: Spectrier|Nasty Plot|p1a: Spectrier\n|-boost|p1a: Spectrier|spa|2\n|move|p2a: Bastiodon|Foul Play|p1a: Spectrier\n|-supereffective|p1a: Spectrier\n|-damage|p1a: Spectrier|65/100\n|\n|-heal|p1a: Spectrier|71/100|[from] item: Leftovers\n|upkeep\n|turn|2\n|inactive|Time left: 300 sec this turn | 300 sec total\n|\n|t:|1783567670\n|move|p1a: Spectrier|Shadow Ball|p2a: Bastiodon\n|-damage|p2a: Bastiodon|131/252\n|move|p2a: Bastiodon|Foul Play|p1a: Spectrier\n|-supereffective|p1a: Spectrier\n|-damage|p1a: Spectrier|34/100\n|\n|-heal|p1a: Spectrier|40/100|[from] item: Leftovers\n|upkeep\n|turn|3\n|inactive|Time left: 300 sec this turn | 300 sec total\n|\n|t:|1783567671\n|move|p1a: Spectrier|Shadow Ball|p2a: Bastiodon\n|-damage|p2a: Bastiodon|0 fnt\n|faint|p2a: Bastiodon\n|-ability|p1a: Spectrier|Grim Neigh|boost\n|-boost|p1a: Spectrier|spa|1\n|\n|-heal|p1a: Spectrier|46/100|[from] item: Leftovers\n|upkeep\n|inactive|Time left: 300 sec this turn | 300 sec total | 5 sec grace\n|\n|t:|1783567672\n|switch|p2a: Jolteon|Jolteon, L84, M|246/246\n|turn|4\n|inactive|Time left: 300 sec this turn | 300 sec total\n|\n|t:|1783567674\n|move|p2a: Jolteon|Thunderbolt|p1a: Spectrier\n|-damage|p1a: Spectrier|3/100\n|move|p1a: Spectrier|Shadow Ball|p2a: Jolteon\n|-damage|p2a: Jolteon|18/246\n|\n|-heal|p1a: Spectrier|9/100|[from] item: Leftovers\n|upkeep\n|turn|5\n|inactive|Time left: 300 sec this turn | 300 sec total\n|\n|t:|1783567675\n|switch|p1a: Pachirisu|Pachirisu, L96, M|100/100\n|move|p2a: Jolteon|Thunderbolt|p1a: Pachirisu\n|-immune|p1a: Pachirisu|[from] ability: Volt Absorb\n|\n|upkeep\n|turn|6\n|inactive|Time left: 300 sec this turn | 300 sec total\n|\n|t:|1783567676\n|move|p2a: Jolteon|Calm Mind|p2a: Jolteon\n|-boost|p2a: Jolteon|spa|1\n|-boost|p2a: Jolteon|spd|1\n|move|p1a: Pachirisu|U-turn|p2a: Jolteon\n|-damage|p2a: Jolteon|0 fnt\n|faint|p2a: Jolteon\n|\n|t:|1783567677\n|switch|p1a: Cetitan|Cetitan, L82, M|100/100|[from] U-turn\n|\n|upkeep\n|inactive|Time left: 300 sec this turn | 300 sec total | 10 sec grace\n|\n|t:|1783567678\n|switch|p2a: Walking Wake|Walking Wake, L79|286/286\n|turn|7\n|inactive|Time left: 300 sec this turn | 300 sec total\n|\n|t:|1783567679\n|move|p2a: Walking Wake|Hydro Pump|p1a: Cetitan\n|-damage|p1a: Cetitan|32/100\n|-enditem|p1a: Cetitan|Sitrus Berry|[eat]\n|-heal|p1a: Cetitan|57/100|[from] item: Sitrus Berry\n|move|p1a: Cetitan|Belly Drum|p1a: Cetitan\n|-damage|p1a: Cetitan|7/100\n|-setboost|p1a: Cetitan|atk|6|[from] move: Belly Drum\n|\n|upkeep\n|turn|8\n|inactive|Time left: 300 sec this turn | 300 sec total\n|\n|t:|1783567680\n|move|p1a: Cetitan|Ice Shard|p2a: Walking Wake\n|-damage|p2a: Walking Wake|109/286\n|move|p2a: Walking Wake|Hydro Pump|p1a: Cetitan\n|-damage|p1a: Cetitan|0 fnt\n|faint|p1a: Cetitan\n|\n|upkeep\n|\n|t:|1783567681\n|switch|p1a: Mewtwo|Mewtwo, L72|100/100\n|-ability|p1a: Mewtwo|Unnerve\n|turn|9\n|inactive|Time left: 300 sec this turn | 300 sec total\n|\n|t:|1783567682\n|move|p1a: Mewtwo|Psystrike|p2a: Walking Wake\n|-damage|p2a: Walking Wake|0 fnt\n|faint|p2a: Walking Wake\n|-end|p2a: Walking Wake|Protosynthesis|[silent]\n|-damage|p1a: Mewtwo|91/100|[from] item: Life Orb\n|\n|upkeep\n|inactive|Time left: 300 sec this turn | 300 sec total | 5 sec grace\n|\n|t:|1783567683\n|switch|p2a: Politoed|Politoed, L88, M|302/302\n|-weather|RainDance|[from] ability: Drizzle|[of] p2a: Politoed\n|turn|10\n|inactive|Time left: 300 sec this turn | 300 sec total\n|\n|t:|1783567684\n|switch|p1a: Pachirisu|Pachirisu, L96, M|100/100\n|move|p2a: Politoed|Hydro Pump|p1a: Pachirisu\n|-damage|p1a: Pachirisu|64/100\n|\n|-weather|RainDance|[upkeep]\n|upkeep\n|turn|11\n|inactive|Time left: 300 sec this turn | 300 sec total\n|\n|t:|1783567685\n|move|p1a: Pachirisu|Nuzzle|p2a: Politoed\n|-supereffective|p2a: Politoed\n|-damage|p2a: Politoed|266/302\n|-status|p2a: Politoed|par\n|move|p2a: Politoed|Hydro Pump|p1a: Pachirisu\n|-damage|p1a: Pachirisu|23/100\n|\n|-weather|RainDance|[upkeep]\n|upkeep\n|turn|12\n|inactive|Time left: 300 sec this turn | 300 sec total\n|\n|t:|1783567687\n|move|p1a: Pachirisu|Super Fang|p2a: Politoed\n|-damage|p2a: Politoed|133/302 par\n|cant|p2a: Politoed|par\n|\n|-weather|RainDance|[upkeep]\n|upkeep\n|turn|13\n|inactive|Time left: 300 sec this turn | 300 sec total\n|\n|t:|1783567688\n|move|p1a: Pachirisu|Thunderbolt|p2a: Politoed\n|-supereffective|p2a: Politoed\n|-damage|p2a: Politoed|13/302 par\n|move|p2a: Politoed|Rest|p2a: Politoed\n|-status|p2a: Politoed|slp|[from] move: Rest\n|-heal|p2a: Politoed|302/302 slp|[silent]\n|-enditem|p2a: Politoed|Chesto Berry|[eat]\n|-curestatus|p2a: Politoed|slp|[msg]\n|\n|-weather|RainDance|[upkeep]\n|upkeep\n|turn|14\n|inactive|Time left: 300 sec this turn | 300 sec total\n|\n|t:|1783567689\n|move|p1a: Pachirisu|Super Fang|p2a: Politoed|[miss]\n|-miss|p1a: Pachirisu|p2a: Politoed\n|move|p2a: Politoed|Hydro Pump|p1a: Pachirisu\n|-damage|p1a: Pachirisu|0 fnt\n|faint|p1a: Pachirisu\n|\n|-weather|none\n|upkeep\n|\n|t:|1783567690\n|switch|p1a: Alcremie|Alcremie-Salted-Cream, L90, F|100/100\n|turn|15\n|inactive|Time left: 300 sec this turn | 300 sec total\n|\n|t:|1783567691\n|move|p2a: Politoed|Ice Beam|p1a: Alcremie\n|-damage|p1a: Alcremie|82/100\n|move|p1a: Alcremie|Calm Mind|p1a: Alcremie\n|-boost|p1a: Alcremie|spa|1\n|-boost|p1a: Alcremie|spd|1\n|\n|-heal|p1a: Alcremie|88/100|[from] item: Leftovers\n|upkeep\n|turn|16\n|inactive|Time left: 300 sec this turn | 300 sec total\n|\n|t:|1783567692\n|move|p2a: Politoed|Hydro Pump|p1a: Alcremie|[miss]\n|-miss|p2a: Politoed|p1a: Alcremie\n|move|p1a: Alcremie|Calm Mind|p1a: Alcremie\n|-boost|p1a: Alcremie|spa|1\n|-boost|p1a: Alcremie|spd|1\n|\n|-heal|p1a: Alcremie|94/100|[from] item: Leftovers\n|upkeep\n|turn|17\n|inactive|Time left: 300 sec this turn | 300 sec total\n|\n|t:|1783567693\n|move|p2a: Politoed|Ice Beam|p1a: Alcremie\n|-damage|p1a: Alcremie|85/100\n|move|p1a: Alcremie|Alluring Voice|p2a: Politoed\n|-damage|p2a: Politoed|113/302\n|\n|-heal|p1a: Alcremie|91/100|[from] item: Leftovers\n|upkeep\n|turn|18\n|inactive|Time left: 300 sec this turn | 300 sec total\n|\n|t:|1783567694\n|move|p2a: Politoed|Rest|p2a: Politoed\n|-status|p2a: Politoed|slp|[from] move: Rest\n|-heal|p2a: Politoed|302/302 slp|[silent]\n|move|p1a: Alcremie|Alluring Voice|p2a: Politoed\n|-damage|p2a: Politoed|104/302 slp\n|\n|-heal|p1a: Alcremie|97/100|[from] item: Leftovers\n|upkeep\n|turn|19\n|inactive|Time left: 300 sec this turn | 300 sec total\n|\n|t:|1783567695\n|cant|p2a: Politoed|slp\n|move|p1a: Alcremie|Alluring Voice|p2a: Politoed\n|-damage|p2a: Politoed|0 fnt\n|faint|p2a: Politoed\n|\n|-heal|p1a: Alcremie|100/100|[from] item: Leftovers\n|upkeep\n|inactive|Time left: 300 sec this turn | 300 sec total | 5 sec grace\n|\n|t:|1783567696\n|switch|p2a: Cacturne|Cacturne, L92, M|278/278\n|turn|20\n|inactive|Time left: 300 sec this turn | 300 sec total\n|\n|t:|1783567697\n|-terastallize|p2a: Cacturne|Poison\n|move|p1a: Alcremie|Alluring Voice|p2a: Cacturne\n|-resisted|p2a: Cacturne\n|-damage|p2a: Cacturne|146/278\n|move|p2a: Cacturne|Knock Off|p1a: Alcremie\n|-resisted|p1a: Alcremie\n|-damage|p1a: Alcremie|63/100\n|-enditem|p1a: Alcremie|Leftovers|[from] move: Knock Off|[of] p2a: Cacturne\n|-damage|p2a: Cacturne|119/278|[from] item: Life Orb\n|\n|upkeep\n|turn|21\n|inactive|Time left: 300 sec this turn | 300 sec total\n|\n|t:|1783567698\n|move|p2a: Cacturne|Sucker Punch|p1a: Alcremie\n|-resisted|p1a: Alcremie\n|-damage|p1a: Alcremie|38/100\n|-damage|p2a: Cacturne|92/278|[from] item: Life Orb\n|move|p1a: Alcremie|Psyshock|p2a: Cacturne\n|-supereffective|p2a: Cacturne\n|-damage|p2a: Cacturne|0 fnt\n|faint|p2a: Cacturne\n|\n|upkeep\n|inactive|Time left: 300 sec this turn | 300 sec total | 5 sec grace\n|\n|t:|1783567698\n|switch|p2a: Dugtrio|Dugtrio, L84, M|196/196\n|turn|22\n|inactive|Time left: 300 sec this turn | 300 sec total\n|\n|t:|1783567699\n|-terastallize|p1a: Alcremie|Poison\n|move|p2a: Dugtrio|Earthquake|p1a: Alcremie\n|-supereffective|p1a: Alcremie\n|-damage|p1a: Alcremie|0 fnt\n|faint|p1a: Alcremie\n|-damage|p2a: Dugtrio|177/196|[from] item: Life Orb\n|\n|upkeep\n|\n|t:|1783567700\n|switch|p1a: Mewtwo|Mewtwo, L72|91/100\n|-ability|p1a: Mewtwo|Unnerve\n|turn|23\n|inactive|Time left: 300 sec this turn | 300 sec total\n|\n|t:|1783567701\n|move|p2a: Dugtrio|Earthquake|p1a: Mewtwo\n|-damage|p1a: Mewtwo|36/100\n|-damage|p2a: Dugtrio|158/196|[from] item: Life Orb\n|move|p1a: Mewtwo|Psystrike|p2a: Dugtrio\n|-damage|p2a: Dugtrio|0 fnt\n|faint|p2a: Dugtrio\n|-damage|p1a: Mewtwo|26/100|[from] item: Life Orb\n|\n|win|p0x2471443b", "uploadtime": 1783567701, "views": 0, "rating": 0, "private": 0, "password": null, "_winner": "p0x2471443b", "_our_name": "p0y2471dc8f"}