{"id": "battle-gen9randombattle-184", "formatid": "gen9randombattle", "format": "[Gen 9] Random Battle", "players": ["p0x184d611", "p0y1843ec0"], "log": "|init|battle\n|title|p0x184d611 vs. p0y1843ec0\n|j|\u2606p0x184d611\n|j|\u2606p0y1843ec0\n|t:|1783535384\n|gametype|singles\n|player|p1|p0x184d611|265|\n|player|p2|p0y1843ec0|170|\n|gen|9\n|tier|[Gen 9] Random Battle\n|rule|Species Clause: Limit one of each Pok\u00e9mon\n|rule|HP Percentage Mod: HP is shown in percentages\n|rule|Sleep Clause Mod: Limit one foe put to sleep\n|rule|Illusion Level Mod: Illusion disguises the Pok\u00e9mon's true level\n|\n|t:|1783535384\n|teamsize|p1|6\n|teamsize|p2|6\n|start\n|switch|p1a: Chimecho|Chimecho, L93, M|100/100\n|switch|p2a: Deoxys|Deoxys-Defense, L84|221/221\n|-ability|p2a: Deoxys|Pressure\n|turn|1\n|inactive|Battle timer is ON: inactive players will automatically lose when time's up. (requested by p0x184d611)\n|inactive|Time left: 300 sec this turn | 300 sec total | 60 sec grace\n|inactive|p0y1843ec0 also wants the timer to be on.\n|\n|t:|1783535385\n|move|p2a: Deoxys|Knock Off|p1a: Chimecho\n|-supereffective|p1a: Chimecho\n|-damage|p1a: Chimecho|67/100\n|-enditem|p1a: Chimecho|Leftovers|[from] move: Knock Off|[of] p2a: Deoxys\n|move|p1a: Chimecho|Psychic Noise|p2a: Deoxys\n|-resisted|p2a: Deoxys\n|-damage|p2a: Deoxys|189/221\n|-start|p2a: Deoxys|move: Heal Block\n|\n|upkeep\n|turn|2\n|inactive|Time left: 300 sec this turn | 300 sec total\n|\n|t:|1783535386\n|switch|p2a: Flareon|Flareon, L90, M|263/263\n|switch|p1a: Ariados|Ariados, L95, F|100/100\n|\n|-status|p2a: Flareon|tox|[from] item: Toxic Orb\n|upkeep\n|turn|3\n|inactive|Time left: 300 sec this turn | 300 sec total\n|\n|t:|1783535387\n|-terastallize|p1a: Ariados|Ghost\n|move|p2a: Flareon|Flare Blitz|p1a: Ariados\n|-damage|p1a: Ariados|6/100\n|-damage|p2a: Flareon|174/263 tox|[from] Recoil\n|move|p1a: Ariados|Sticky Web|p2a: Flareon\n|-sidestart|p2: p0y1843ec0|move: Sticky Web\n|\n|-damage|p2a: Flareon|158/263 tox|[from] psn\n|upkeep\n|turn|4\n|inactive|Time left: 300 sec this turn | 300 sec total\n|\n|t:|1783535388\n|move|p2a: Flareon|Flare Blitz|p1a: Ariados\n|-damage|p1a: Ariados|0 fnt\n|faint|p1a: Ariados\n|-damage|p2a: Flareon|152/263 tox|[from] Recoil\n|\n|-damage|p2a: Flareon|120/263 tox|[from] psn\n|upkeep\n|\n|t:|1783535389\n|switch|p1a: Rayquaza|Rayquaza, L72|100/100\n|-ability|p1a: Rayquaza|Air Lock\n|turn|5\n|inactive|Time left: 300 sec this turn | 300 sec total\n|\n|t:|1783535390\n|switch|p2a: Sandslash|Sandslash-Alola, L88, F|275/275\n|-activate|p2a: Sandslash|move: Sticky Web\n|-unboost|p2a: Sandslash|spe|1\n|move|p1a: Rayquaza|Dragon Ascent|p2a: Sandslash\n|-resisted|p2a: Sandslash\n|-damage|p2a: Sandslash|223/275\n|-unboost|p1a: Rayquaza|def|1\n|-unboost|p1a: Rayquaza|spd|1\n|\n|upkeep\n|turn|6\n|inactive|Time left: 300 sec this turn | 300 sec total\n|\n|t:|1783535391\n|switch|p1a: Chimecho|Chimecho, L93, M|67/100\n|move|p2a: Sandslash|Rapid Spin|p1a: Chimecho\n|-damage|p1a: Chimecho|55/100\n|-boost|p2a: Sandslash|spe|1\n|-sideend|p2: p0y1843ec0|Sticky Web|[from] move: Rapid Spin|[of] p2a: Sandslash\n|\n|upkeep\n|turn|7\n|inactive|Time left: 300 sec this turn | 300 sec total\n|\n|t:|1783535392\n|move|p1a: Chimecho|Recover|p1a: Chimecho\n|-heal|p1a: Chimecho|100/100\n|move|p2a: Sandslash|Triple Axel|p1a: Chimecho\n|-damage|p1a: Chimecho|91/100\n|-damage|p1a: Chimecho|74/100\n|-damage|p1a: Chimecho|48/100\n|-hitcount|p1a: Chimecho|3\n|\n|upkeep\n|turn|8\n|inactive|Time left: 300 sec this turn | 300 sec total\n|\n|t:|1783535393\n|move|p1a: Chimecho|Recover|p1a: Chimecho\n|-heal|p1a: Chimecho|98/100\n|move|p2a: Sandslash|Triple Axel|p1a: Chimecho\n|-damage|p1a: Chimecho|90/100\n|-damage|p1a: Chimecho|72/100\n|-damage|p1a: Chimecho|49/100\n|-hitcount|p1a: Chimecho|3\n|\n|upkeep\n|turn|9\n|inactive|Time left: 300 sec this turn | 300 sec total\n|\n|t:|1783535394\n|move|p1a: Chimecho|Recover|p1a: Chimecho\n|-heal|p1a: Chimecho|99/100\n|move|p2a: Sandslash|Triple Axel|p1a: Chimecho|[miss]\n|-miss|p2a: Sandslash|p1a: Chimecho\n|\n|upkeep\n|turn|10\n|inactive|Time left: 300 sec this turn | 300 sec total\n|\n|t:|1783535396\n|move|p1a: Chimecho|Psychic Noise|p2a: Sandslash\n|-resisted|p2a: Sandslash\n|-damage|p2a: Sandslash|184/275\n|-start|p2a: Sandslash|move: Heal Block\n|move|p2a: Sandslash|Triple Axel|p1a: Chimecho\n|-damage|p1a: Chimecho|91/100\n|-damage|p1a: Chimecho|74/100\n|-crit|p1a: Chimecho\n|-damage|p1a: Chimecho|41/100\n|-hitcount|p1a: Chimecho|3\n|\n|upkeep\n|turn|11\n|inactive|Time left: 300 sec this turn | 300 sec total\n|\n|t:|1783535397\n|move|p1a: Chimecho|Recover|p1a: Chimecho\n|-heal|p1a: Chimecho|91/100\n|move|p2a: Sandslash|Triple Axel|p1a: Chimecho\n|-damage|p1a: Chimecho|83/100\n|-damage|p1a: Chimecho|65/100\n|-hitcount|p1a: Chimecho|2\n|\n|-end|p2a: Sandslash|move: Heal Block\n|upkeep\n|turn|12\n|inactive|Time left: 300 sec this turn | 300 sec total\n|\n|t:|1783535398\n|move|p1a: Chimecho|Recover|p1a: Chimecho\n|-heal|p1a: Chimecho|100/100\n|move|p2a: Sandslash|Triple Axel|p1a: Chimecho\n|-damage|p1a: Chimecho|92/100\n|-damage|p1a: Chimecho|77/100\n|-hitcount|p1a: Chimecho|2\n|\n|upkeep\n|turn|13\n|inactive|Time left: 300 sec this turn | 300 sec total\n|\n|t:|1783535399\n|move|p1a: Chimecho|Psychic Noise|p2a: Sandslash\n|-resisted|p2a: Sandslash\n|-damage|p2a: Sandslash|148/275\n|-start|p2a: Sandslash|move: Heal Block\n|move|p2a: Sandslash|Triple Axel|p1a: Chimecho\n|-damage|p1a: Chimecho|68/100\n|-damage|p1a: Chimecho|52/100\n|-crit|p1a: Chimecho\n|-damage|p1a: Chimecho|17/100\n|-hitcount|p1a: Chimecho|3\n|\n|upkeep\n|turn|14\n|inactive|Time left: 300 sec this turn | 300 sec total\n|\n|t:|1783535400\n|move|p1a: Chimecho|Recover|p1a: Chimecho\n|-heal|p1a: Chimecho|67/100\n|move|p2a: Sandslash|Triple Axel|p1a: Chimecho\n|-damage|p1a: Chimecho|59/100\n|-damage|p1a: Chimecho|42/100\n|-hitcount|p1a: Chimecho|2\n|\n|-end|p2a: Sandslash|move: Heal Block\n|upkeep\n|turn|15\n|inactive|Time left: 300 sec this turn | 300 sec total\n|\n|t:|1783535401\n|move|p1a: Chimecho|Recover|p1a: Chimecho\n|-heal|p1a: Chimecho|92/100\n|move|p2a: Sandslash|Triple Axel|p1a: Chimecho\n|-damage|p1a: Chimecho|84/100\n|-damage|p1a: Chimecho|67/100\n|-hitcount|p1a: Chimecho|2\n|\n|upkeep\n|turn|16\n|inactive|Time left: 300 sec this turn | 300 sec total\n|\n|t:|1783535402\n|move|p1a: Chimecho|Recover|p1a: Chimecho\n|-heal|p1a: Chimecho|100/100\n|move|p2a: Sandslash|Triple Axel|p1a: Chimecho|[miss]\n|-miss|p2a: Sandslash|p1a: Chimecho\n|\n|upkeep\n|turn|17\n|inactive|Time left: 300 sec this turn | 300 sec total\n|\n|t:|1783535403\n|switch|p1a: Lucario|Lucario, L84, F|100/100\n|move|p2a: Sandslash|Triple Axel|p1a: Lucario\n|-resisted|p1a: Lucario\n|-damage|p1a: Lucario|95/100\n|-resisted|p1a: Lucario\n|-damage|p1a: Lucario|84/100\n|-resisted|p1a: Lucario\n|-damage|p1a: Lucario|66/100\n|-hitcount|p1a: Lucario|3\n|\n|upkeep\n|turn|18\n|inactive|Time left: 300 sec this turn | 300 sec total\n|\n|t:|1783535405\n|switch|p2a: Deoxys|Deoxys-Defense, L84|189/221\n|-ability|p2a: Deoxys|Pressure\n|move|p1a: Lucario|Close Combat|p2a: Deoxys\n|-resisted|p2a: Deoxys\n|-damage|p2a: Deoxys|134/221\n|-unboost|p1a: Lucario|def|1\n|-unboost|p1a: Lucario|spd|1\n|-damage|p1a: Lucario|57/100|[from] item: Life Orb\n|\n|-heal|p2a: Deoxys|147/221|[from] item: Leftovers\n|upkeep\n|turn|19\n|inactive|Time left: 300 sec this turn | 300 sec total\n|\n|t:|1783535406\n|move|p1a: Lucario|Swords Dance|p1a: Lucario\n|-boost|p1a: Lucario|atk|2\n|move|p2a: Deoxys|Psychic Noise|p1a: Lucario\n|-damage|p1a: Lucario|15/100\n|-start|p1a: Lucario|move: Heal Block\n|\n|-heal|p2a: Deoxys|160/221|[from] item: Leftovers\n|upkeep\n|turn|20\n|inactive|Time left: 300 sec this turn | 300 sec total\n|\n|t:|1783535407\n|move|p2a: Deoxys|Psychic Noise|p1a: Lucario\n|-damage|p1a: Lucario|0 fnt\n|faint|p1a: Lucario\n|\n|-heal|p2a: Deoxys|173/221|[from] item: Leftovers\n|upkeep\n|\n|t:|1783535408\n|switch|p1a: Rayquaza|Rayquaza, L72|100/100\n|-ability|p1a: Rayquaza|Air Lock\n|turn|21\n|inactive|Time left: 300 sec this turn | 300 sec total\n|\n|t:|1783535409\n|move|p2a: Deoxys|Psychic Noise|p1a: Rayquaza\n|-damage|p1a: Rayquaza|75/100\n|-start|p1a: Rayquaza|move: Heal Block\n|move|p1a: Rayquaza|Swords Dance|p1a: Rayquaza\n|-boost|p1a: Rayquaza|atk|2\n|\n|-heal|p2a: Deoxys|186/221|[from] item: Leftovers\n|upkeep\n|turn|22\n|inactive|Time left: 300 sec this turn | 300 sec total\n|\n|t:|1783535410\n|move|p2a: Deoxys|Psychic Noise|p1a: Rayquaza\n|-damage|p1a: Rayquaza|49/100\n|move|p1a: Rayquaza|Dragon Ascent|p2a: Deoxys\n|-damage|p2a: Deoxys|12/221\n|-unboost|p1a: Rayquaza|def|1\n|-unboost|p1a: Rayquaza|spd|1\n|\n|-heal|p2a: Deoxys|25/221|[from] item: Leftovers\n|-end|p1a: Rayquaza|move: Heal Block\n|upkeep\n|turn|23\n|inactive|Time left: 300 sec this turn | 300 sec total\n|\n|t:|1783535411\n|move|p1a: Rayquaza|Extreme Speed|p2a: Deoxys\n|-damage|p2a: Deoxys|0 fnt\n|faint|p2a: Deoxys\n|\n|upkeep\n|inactive|Time left: 300 sec this turn | 300 sec total | 5 sec grace\n|\n|t:|1783535412\n|switch|p2a: Galvantula|Galvantula, L82, F|249/249\n|turn|24\n|inactive|Time left: 300 sec this turn | 300 sec total\n|\n|t:|1783535413\n|move|p1a: Rayquaza|Extreme Speed|p2a: Galvantula\n|-damage|p2a: Galvantula|78/249\n|move|p2a: Galvantula|Thunder|p1a: Rayquaza\n|-damage|p1a: Rayquaza|0 fnt\n|faint|p1a: Rayquaza\n|\n|upkeep\n|\n|t:|1783535414\n|switch|p1a: Salazzle|Salazzle, L83, F|100/100\n|turn|25\n|inactive|Time left: 300 sec this turn | 300 sec total\n|\n|t:|1783535415\n|switch|p2a: Barraskewda|Barraskewda, L81, F|231/231\n|move|p1a: Salazzle|Flamethrower|p2a: Barraskewda\n|-resisted|p2a: Barraskewda\n|-damage|p2a: Barraskewda|158/231\n|\n|upkeep\n|turn|26\n|inactive|Time left: 300 sec this turn | 300 sec total\n|\n|t:|1783535416\n|move|p1a: Salazzle|Protect|p1a: Salazzle\n|-singleturn|p1a: Salazzle|Protect\n|move|p2a: Barraskewda|Waterfall|p1a: Salazzle\n|-activate|p1a: Salazzle|move: Protect\n|\n|upkeep\n|turn|27\n|inactive|Time left: 300 sec this turn | 300 sec total\n|\n|t:|1783535417\n|switch|p1a: Chimecho|Chimecho, L93, M|100/100\n|move|p2a: Barraskewda|Waterfall|p1a: Chimecho\n|-damage|p1a: Chimecho|49/100\n|\n|upkeep\n|turn|28\n|inactive|Time left: 300 sec this turn | 300 sec total\n|\n|t:|1783535419\n|move|p2a: Barraskewda|Waterfall|p1a: Chimecho\n|-damage|p1a: Chimecho|5/100\n|move|p1a: Chimecho|Psychic Noise|p2a: Barraskewda\n|-damage|p2a: Barraskewda|10/231\n|-start|p2a: Barraskewda|move: Heal Block\n|\n|upkeep\n|turn|29\n|inactive|Time left: 300 sec this turn | 300 sec total\n|\n|t:|1783535420\n|move|p2a: Barraskewda|Waterfall|p1a: Chimecho\n|-damage|p1a: Chimecho|0 fnt\n|faint|p1a: Chimecho\n|\n|-end|p2a: Barraskewda|move: Heal Block\n|upkeep\n|\n|t:|1783535420\n|switch|p1a: Raichu|Raichu, L88, F|100/100\n|turn|30\n|inactive|Time left: 300 sec this turn | 300 sec total\n|\n|t:|1783535421\n|move|p2a: Barraskewda|Waterfall|p1a: Raichu\n|-damage|p1a: Raichu|29/100\n|cant|p1a: Raichu|flinch\n|\n|upkeep\n|turn|31\n|inactive|Time left: 300 sec this turn | 300 sec total\n|\n|t:|1783535422\n|move|p2a: Barraskewda|Waterfall|p1a: Raichu\n|-damage|p1a: Raichu|0 fnt\n|faint|p1a: Raichu\n|\n|upkeep\n|\n|t:|1783535423\n|switch|p1a: Salazzle|Salazzle, L83, F|100/100\n|turn|32\n|inactive|Time left: 300 sec this turn | 300 sec total\n|\n|t:|1783535424\n|-terastallize|p2a: Barraskewda|Fighting\n|move|p1a: Salazzle|Protect|p1a: Salazzle\n|-singleturn|p1a: Salazzle|Protect\n|move|p2a: Barraskewda|Waterfall|p1a: Salazzle\n|-activate|p1a: Salazzle|move: Protect\n|\n|upkeep\n|turn|33\n|inactive|Time left: 300 sec this turn | 300 sec total\n|\n|t:|1783535425\n|move|p1a: Salazzle|Protect||[still]\n|-fail|p1a: Salazzle\n|move|p2a: Barraskewda|Waterfall|p1a: Salazzle\n|-supereffective|p1a: Salazzle\n|-damage|p1a: Salazzle|0 fnt\n|faint|p1a: Salazzle\n|\n|win|p0y1843ec0", "uploadtime": 1783535425, "views": 0, "rating": 0, "private": 0, "password": null, "_winner": "p0y1843ec0", "_our_name": "p0y1843ec0"}