{"id": "battle-gen9randombattle-652", "formatid": "gen9randombattle", "format": "[Gen 9] Random Battle", "players": ["p0x6528a74", "p0y65286be"], "log": "|init|battle\n|title|p0x6528a74 vs. p0y65286be\n|j|\u2606p0x6528a74\n|j|\u2606p0y65286be\n|t:|1783546656\n|gametype|singles\n|player|p1|p0x6528a74|1|\n|player|p2|p0y65286be|1|\n|gen|9\n|tier|[Gen 9] Random Battle\n|rule|Species Clause: Limit one of each Pok\u00e9mon\n|rule|HP Percentage Mod: HP is shown in percentages\n|rule|Sleep Clause Mod: Limit one foe put to sleep\n|rule|Illusion Level Mod: Illusion disguises the Pok\u00e9mon's true level\n|\n|t:|1783546656\n|teamsize|p1|6\n|teamsize|p2|6\n|start\n|switch|p1a: Dusknoir|Dusknoir, L89, F|100/100\n|switch|p2a: Vileplume|Vileplume, L85, F|266/266\n|-item|p2a: Vileplume|Leftovers|[from] ability: Frisk|[of] p1a: Dusknoir\n|turn|1\n|inactive|Battle timer is ON: inactive players will automatically lose when time's up. (requested by p0x6528a74)\n|inactive|Time left: 300 sec this turn | 300 sec total | 60 sec grace\n|inactive|p0y65286be also wants the timer to be on.\n|\n|t:|1783546658\n|move|p2a: Vileplume|Giga Drain|p1a: Dusknoir\n|-damage|p1a: Dusknoir|74/100\n|move|p1a: Dusknoir|Poltergeist|p2a: Vileplume\n|-activate|p2a: Vileplume|move: Poltergeist|Leftovers\n|-damage|p2a: Vileplume|80/266\n|\n|-heal|p2a: Vileplume|96/266|[from] item: Leftovers\n|upkeep\n|turn|2\n|inactive|Time left: 300 sec this turn | 300 sec total\n|\n|t:|1783546659\n|move|p2a: Vileplume|Strength Sap|p1a: Dusknoir\n|-unboost|p1a: Dusknoir|atk|1\n|-heal|p2a: Vileplume|266/266\n|move|p1a: Dusknoir|Poltergeist|p2a: Vileplume\n|-activate|p2a: Vileplume|move: Poltergeist|Leftovers\n|-damage|p2a: Vileplume|137/266\n|\n|-heal|p2a: Vileplume|153/266|[from] item: Leftovers\n|upkeep\n|turn|3\n|inactive|Time left: 300 sec this turn | 300 sec total\n|\n|t:|1783546660\n|move|p2a: Vileplume|Strength Sap|p1a: Dusknoir\n|-unboost|p1a: Dusknoir|atk|1\n|-heal|p2a: Vileplume|266/266\n|move|p1a: Dusknoir|Poltergeist|p2a: Vileplume\n|-activate|p2a: Vileplume|move: Poltergeist|Leftovers\n|-damage|p2a: Vileplume|164/266\n|\n|-heal|p2a: Vileplume|180/266|[from] item: Leftovers\n|upkeep\n|turn|4\n|inactive|Time left: 300 sec this turn | 300 sec total\n|\n|t:|1783546661\n|move|p2a: Vileplume|Giga Drain|p1a: Dusknoir\n|-damage|p1a: Dusknoir|45/100\n|-heal|p2a: Vileplume|212/266|[from] drain|[of] p1a: Dusknoir\n|move|p1a: Dusknoir|Poltergeist|p2a: Vileplume\n|-activate|p2a: Vileplume|move: Poltergeist|Leftovers\n|-damage|p2a: Vileplume|103/266\n|\n|-heal|p2a: Vileplume|119/266|[from] item: Leftovers\n|upkeep\n|turn|5\n|inactive|Time left: 300 sec this turn | 300 sec total\n|\n|t:|1783546663\n|move|p2a: Vileplume|Strength Sap|p1a: Dusknoir\n|-unboost|p1a: Dusknoir|atk|1\n|-heal|p2a: Vileplume|233/266\n|move|p1a: Dusknoir|Poltergeist|p2a: Vileplume|[miss]\n|-miss|p1a: Dusknoir|p2a: Vileplume\n|\n|-heal|p2a: Vileplume|249/266|[from] item: Leftovers\n|upkeep\n|turn|6\n|inactive|Time left: 300 sec this turn | 300 sec total\n|\n|t:|1783546664\n|switch|p1a: Stantler|Stantler, L92, F|100/100\n|-ability|p1a: Stantler|Intimidate|boost\n|-unboost|p2a: Vileplume|atk|1\n|move|p2a: Vileplume|Sludge Bomb|p1a: Stantler\n|-damage|p1a: Stantler|69/100\n|-status|p1a: Stantler|psn\n|\n|-heal|p2a: Vileplume|265/266|[from] item: Leftovers\n|-damage|p1a: Stantler|56/100 psn|[from] psn\n|upkeep\n|turn|7\n|inactive|Time left: 300 sec this turn | 300 sec total\n|\n|t:|1783546665\n|switch|p1a: Probopass|Probopass, L91, F|100/100\n|move|p2a: Vileplume|Sludge Bomb|p1a: Probopass\n|-immune|p1a: Probopass\n|\n|-heal|p2a: Vileplume|266/266|[from] item: Leftovers\n|upkeep\n|turn|8\n|inactive|Time left: 300 sec this turn | 300 sec total\n|\n|t:|1783546666\n|move|p2a: Vileplume|Strength Sap|p1a: Probopass\n|-unboost|p1a: Probopass|atk|1\n|move|p1a: Probopass|Power Gem|p2a: Vileplume\n|-damage|p2a: Vileplume|193/266\n|\n|-heal|p2a: Vileplume|209/266|[from] item: Leftovers\n|upkeep\n|turn|9\n|inactive|Time left: 300 sec this turn | 300 sec total\n|\n|t:|1783546667\n|move|p2a: Vileplume|Giga Drain|p1a: Probopass\n|-damage|p1a: Probopass|78/100\n|-heal|p2a: Vileplume|238/266|[from] drain|[of] p1a: Probopass\n|move|p1a: Probopass|Power Gem|p2a: Vileplume\n|-damage|p2a: Vileplume|160/266\n|\n|-heal|p2a: Vileplume|176/266|[from] item: Leftovers\n|upkeep\n|turn|10\n|inactive|Time left: 300 sec this turn | 300 sec total\n|\n|t:|1783546668\n|move|p2a: Vileplume|Giga Drain|p1a: Probopass\n|-damage|p1a: Probopass|57/100\n|-heal|p2a: Vileplume|203/266|[from] drain|[of] p1a: Probopass\n|move|p1a: Probopass|Power Gem|p2a: Vileplume\n|-damage|p2a: Vileplume|125/266\n|\n|-heal|p2a: Vileplume|141/266|[from] item: Leftovers\n|upkeep\n|turn|11\n|inactive|Time left: 300 sec this turn | 300 sec total\n|\n|t:|1783546669\n|move|p2a: Vileplume|Strength Sap|p1a: Probopass\n|-unboost|p1a: Probopass|atk|1\n|-heal|p2a: Vileplume|211/266\n|move|p1a: Probopass|Power Gem|p2a: Vileplume\n|-damage|p2a: Vileplume|124/266\n|\n|-heal|p2a: Vileplume|140/266|[from] item: Leftovers\n|upkeep\n|turn|12\n|inactive|Time left: 300 sec this turn | 300 sec total\n|\n|t:|1783546671\n|move|p2a: Vileplume|Giga Drain|p1a: Probopass\n|-damage|p1a: Probopass|34/100\n|-heal|p2a: Vileplume|171/266|[from] drain|[of] p1a: Probopass\n|move|p1a: Probopass|Power Gem|p2a: Vileplume\n|-damage|p2a: Vileplume|93/266\n|\n|-heal|p2a: Vileplume|109/266|[from] item: Leftovers\n|upkeep\n|turn|13\n|inactive|Time left: 300 sec this turn | 300 sec total\n|\n|t:|1783546672\n|move|p2a: Vileplume|Strength Sap|p1a: Probopass\n|-unboost|p1a: Probopass|atk|1\n|-heal|p2a: Vileplume|161/266\n|move|p1a: Probopass|Rest|p1a: Probopass\n|-status|p1a: Probopass|slp|[from] move: Rest\n|-heal|p1a: Probopass|100/100 slp|[silent]\n|-enditem|p1a: Probopass|Chesto Berry|[eat]\n|-curestatus|p1a: Probopass|slp|[msg]\n|\n|-heal|p2a: Vileplume|177/266|[from] item: Leftovers\n|upkeep\n|turn|14\n|inactive|Time left: 300 sec this turn | 300 sec total\n|\n|t:|1783546673\n|move|p2a: Vileplume|Sludge Bomb|p1a: Probopass\n|-immune|p1a: Probopass\n|move|p1a: Probopass|Power Gem|p2a: Vileplume\n|-damage|p2a: Vileplume|95/266\n|\n|-heal|p2a: Vileplume|111/266|[from] item: Leftovers\n|upkeep\n|turn|15\n|inactive|Time left: 300 sec this turn | 300 sec total\n|\n|t:|1783546674\n|switch|p1a: Hydrapple|Hydrapple, L83, F|100/100\n|move|p2a: Vileplume|Giga Drain|p1a: Hydrapple\n|-resisted|p1a: Hydrapple\n|-damage|p1a: Hydrapple|93/100\n|-heal|p2a: Vileplume|123/266|[from] drain|[of] p1a: Hydrapple\n|\n|-heal|p2a: Vileplume|139/266|[from] item: Leftovers\n|upkeep\n|turn|16\n|inactive|Time left: 300 sec this turn | 300 sec total\n|\n|t:|1783546675\n|move|p2a: Vileplume|Strength Sap|p1a: Hydrapple\n|-unboost|p1a: Hydrapple|atk|1\n|-heal|p2a: Vileplume|266/266\n|move|p1a: Hydrapple|Nasty Plot|p1a: Hydrapple\n|-boost|p1a: Hydrapple|spa|2\n|\n|upkeep\n|turn|17\n|inactive|Time left: 300 sec this turn | 300 sec total\n|\n|t:|1783546676\n|-terastallize|p1a: Hydrapple|Steel\n|move|p2a: Vileplume|Sludge Bomb|p1a: Hydrapple\n|-immune|p1a: Hydrapple\n|move|p1a: Hydrapple|Fickle Beam|p2a: Vileplume\n|-damage|p2a: Vileplume|16/266\n|-damage|p1a: Hydrapple|83/100|[from] item: Life Orb\n|\n|-heal|p2a: Vileplume|32/266|[from] item: Leftovers\n|upkeep\n|turn|18\n|inactive|Time left: 300 sec this turn | 300 sec total\n|\n|t:|1783546678\n|move|p2a: Vileplume|Sleep Powder|p1a: Hydrapple\n|-status|p1a: Hydrapple|slp|[from] move: Sleep Powder\n|cant|p1a: Hydrapple|slp\n|\n|-heal|p2a: Vileplume|48/266|[from] item: Leftovers\n|upkeep\n|turn|19\n|inactive|Time left: 300 sec this turn | 300 sec total\n|\n|t:|1783546679\n|move|p2a: Vileplume|Strength Sap|p1a: Hydrapple\n|-unboost|p1a: Hydrapple|atk|1\n|-heal|p2a: Vileplume|139/266\n|cant|p1a: Hydrapple|slp\n|\n|-heal|p2a: Vileplume|155/266|[from] item: Leftovers\n|upkeep\n|turn|20\n|inactive|Time left: 300 sec this turn | 300 sec total\n|\n|t:|1783546680\n|move|p2a: Vileplume|Strength Sap|p1a: Hydrapple\n|-unboost|p1a: Hydrapple|atk|1\n|-heal|p2a: Vileplume|223/266\n|cant|p1a: Hydrapple|slp\n|\n|-heal|p2a: Vileplume|239/266|[from] item: Leftovers\n|upkeep\n|turn|21\n|inactive|Time left: 300 sec this turn | 300 sec total\n|\n|t:|1783546680\n|switch|p2a: Blissey|Blissey, L85, F|572/572\n|-curestatus|p1a: Hydrapple|slp|[msg]\n|move|p1a: Hydrapple|Fickle Beam|p2a: Blissey|[anim] Fickle Beam All Out\n|-activate|p1a: Hydrapple|move: Fickle Beam\n|-damage|p2a: Blissey|186/572\n|-damage|p1a: Hydrapple|73/100|[from] item: Life Orb\n|\n|-heal|p2a: Blissey|221/572|[from] item: Leftovers\n|upkeep\n|turn|22\n|inactive|Time left: 300 sec this turn | 300 sec total\n|\n|t:|1783546682\n|move|p2a: Blissey|Soft-Boiled|p2a: Blissey\n|-heal|p2a: Blissey|507/572\n|move|p1a: Hydrapple|Fickle Beam|p2a: Blissey\n|-damage|p2a: Blissey|315/572\n|-damage|p1a: Hydrapple|63/100|[from] item: Life Orb\n|\n|-heal|p2a: Blissey|350/572|[from] item: Leftovers\n|upkeep\n|turn|23\n|inactive|Time left: 300 sec this turn | 300 sec total\n|\n|t:|1783546683\n|move|p2a: Blissey|Stealth Rock|p1a: Hydrapple\n|-sidestart|p1: p0x6528a74|move: Stealth Rock\n|move|p1a: Hydrapple|Giga Drain|p2a: Blissey\n|-damage|p2a: Blissey|189/572\n|-heal|p1a: Hydrapple|89/100|[from] drain|[of] p2a: Blissey\n|-damage|p1a: Hydrapple|79/100|[from] item: Life Orb\n|\n|-heal|p2a: Blissey|224/572|[from] item: Leftovers\n|upkeep\n|turn|24\n|inactive|Time left: 300 sec this turn | 300 sec total\n|\n|t:|1783546684\n|move|p2a: Blissey|Soft-Boiled|p2a: Blissey\n|-heal|p2a: Blissey|510/572\n|move|p1a: Hydrapple|Giga Drain|p2a: Blissey\n|-damage|p2a: Blissey|331/572\n|-heal|p1a: Hydrapple|100/100|[from] drain|[of] p2a: Blissey\n|-damage|p1a: Hydrapple|91/100|[from] item: Life Orb\n|\n|-heal|p2a: Blissey|366/572|[from] item: Leftovers\n|upkeep\n|turn|25\n|inactive|Time left: 300 sec this turn | 300 sec total\n|\n|t:|1783546685\n|move|p2a: Blissey|Thunder Wave|p1a: Hydrapple\n|-status|p1a: Hydrapple|par\n|move|p1a: Hydrapple|Fickle Beam|p2a: Blissey\n|-damage|p2a: Blissey|194/572\n|-damage|p1a: Hydrapple|81/100 par|[from] item: Life Orb\n|\n|-heal|p2a: Blissey|229/572|[from] item: Leftovers\n|upkeep\n|turn|26\n|inactive|Time left: 300 sec this turn | 300 sec total\n|\n|t:|1783546686\n|move|p2a: Blissey|Soft-Boiled|p2a: Blissey\n|-heal|p2a: Blissey|515/572\n|move|p1a: Hydrapple|Giga Drain|p2a: Blissey\n|-damage|p2a: Blissey|351/572\n|-heal|p1a: Hydrapple|100/100 par|[from] drain|[of] p2a: Blissey\n|-damage|p1a: Hydrapple|91/100 par|[from] item: Life Orb\n|\n|-heal|p2a: Blissey|386/572|[from] item: Leftovers\n|upkeep\n|turn|27\n|inactive|Time left: 300 sec this turn | 300 sec total\n|\n|t:|1783546687\n|move|p2a: Blissey|Soft-Boiled|p2a: Blissey\n|-heal|p2a: Blissey|572/572\n|move|p1a: Hydrapple|Fickle Beam|p2a: Blissey\n|-damage|p2a: Blissey|384/572\n|-damage|p1a: Hydrapple|81/100 par|[from] item: Life Orb\n|\n|-heal|p2a: Blissey|419/572|[from] item: Leftovers\n|upkeep\n|turn|28\n|inactive|Time left: 300 sec this turn | 300 sec total\n|\n|t:|1783546687\n|move|p2a: Blissey|Soft-Boiled|p2a: Blissey\n|-heal|p2a: Blissey|572/572\n|cant|p1a: Hydrapple|par\n|\n|upkeep\n|turn|29\n|inactive|Time left: 300 sec this turn | 300 sec total\n|\n|t:|1783546688\n|move|p2a: Blissey|Seismic Toss|p1a: Hydrapple\n|-damage|p1a: Hydrapple|53/100 par\n|move|p1a: Hydrapple|Giga Drain|p2a: Blissey\n|-damage|p2a: Blissey|387/572\n|-heal|p1a: Hydrapple|83/100 par|[from] drain|[of] p2a: Blissey\n|-damage|p1a: Hydrapple|73/100 par|[from] item: Life Orb\n|\n|-heal|p2a: Blissey|422/572|[from] item: Leftovers\n|upkeep\n|turn|30\n|inactive|Time left: 300 sec this turn | 300 sec total\n|\n|t:|1783546689\n|move|p2a: Blissey|Seismic Toss|p1a: Hydrapple\n|-damage|p1a: Hydrapple|46/100 par\n|move|p1a: Hydrapple|Fickle Beam|p2a: Blissey\n|-damage|p2a: Blissey|247/572\n|-damage|p1a: Hydrapple|36/100 par|[from] item: Life Orb\n|\n|-heal|p2a: Blissey|282/572|[from] item: Leftovers\n|upkeep\n|turn|31\n|inactive|Time left: 300 sec this turn | 300 sec total\n|\n|t:|1783546690\n|move|p2a: Blissey|Soft-Boiled|p2a: Blissey\n|-heal|p2a: Blissey|568/572\n|move|p1a: Hydrapple|Giga Drain|p2a: Blissey\n|-damage|p2a: Blissey|407/572\n|-heal|p1a: Hydrapple|62/100 par|[from] drain|[of] p2a: Blissey\n|-damage|p1a: Hydrapple|52/100 par|[from] item: Life Orb\n|\n|-heal|p2a: Blissey|442/572|[from] item: Leftovers\n|upkeep\n|turn|32\n|inactive|Time left: 300 sec this turn | 300 sec total\n|\n|t:|1783546690\n|move|p2a: Blissey|Seismic Toss|p1a: Hydrapple\n|-damage|p1a: Hydrapple|25/100 par\n|move|p1a: Hydrapple|Giga Drain|p2a: Blissey\n|-damage|p2a: Blissey|281/572\n|-heal|p1a: Hydrapple|51/100 par|[from] drain|[of] p2a: Blissey\n|-damage|p1a: Hydrapple|41/100 par|[from] item: Life Orb\n|\n|-heal|p2a: Blissey|316/572|[from] item: Leftovers\n|upkeep\n|turn|33\n|inactive|Time left: 300 sec this turn | 300 sec total\n|\n|t:|1783546691\n|move|p2a: Blissey|Soft-Boiled|p2a: Blissey\n|-heal|p2a: Blissey|572/572\n|move|p1a: Hydrapple|Giga Drain|p2a: Blissey\n|-damage|p2a: Blissey|391/572\n|-heal|p1a: Hydrapple|70/100 par|[from] drain|[of] p2a: Blissey\n|-damage|p1a: Hydrapple|60/100 par|[from] item: Life Orb\n|\n|-heal|p2a: Blissey|426/572|[from] item: Leftovers\n|upkeep\n|turn|34\n|inactive|Time left: 300 sec this turn | 300 sec total\n|\n|t:|1783546692\n|move|p2a: Blissey|Seismic Toss|p1a: Hydrapple\n|-damage|p1a: Hydrapple|33/100 par\n|move|p1a: Hydrapple|Giga Drain|p2a: Blissey\n|-damage|p2a: Blissey|241/572\n|-heal|p1a: Hydrapple|63/100 par|[from] drain|[of] p2a: Blissey\n|-damage|p1a: Hydrapple|53/100 par|[from] item: Life Orb\n|\n|-heal|p2a: Blissey|276/572|[from] item: Leftovers\n|upkeep\n|turn|35\n|inactive|Time left: 300 sec this turn | 300 sec total\n|\n|t:|1783546692\n|move|p2a: Blissey|Soft-Boiled|p2a: Blissey\n|-heal|p2a: Blissey|562/572\n|move|p1a: Hydrapple|Giga Drain|p2a: Blissey\n|-damage|p2a: Blissey|377/572\n|-heal|p1a: Hydrapple|83/100 par|[from] drain|[of] p2a: Blissey\n|-damage|p1a: Hydrapple|73/100 par|[from] item: Life Orb\n|\n|-heal|p2a: Blissey|412/572|[from] item: Leftovers\n|upkeep\n|turn|36\n|inactive|Time left: 300 sec this turn | 300 sec total\n|\n|t:|1783546693\n|move|p2a: Blissey|Seismic Toss|p1a: Hydrapple\n|-damage|p1a: Hydrapple|45/100 par\n|cant|p1a: Hydrapple|par\n|\n|-heal|p2a: Blissey|447/572|[from] item: Leftovers\n|upkeep\n|turn|37\n|inactive|Time left: 300 sec this turn | 300 sec total\n|\n|t:|1783546695\n|move|p2a: Blissey|Seismic Toss|p1a: Hydrapple\n|-damage|p1a: Hydrapple|18/100 par\n|move|p1a: Hydrapple|Giga Drain|p2a: Blissey\n|-damage|p2a: Blissey|264/572\n|-heal|p1a: Hydrapple|48/100 par|[from] drain|[of] p2a: Blissey\n|-damage|p1a: Hydrapple|38/100 par|[from] item: Life Orb\n|\n|-heal|p2a: Blissey|299/572|[from] item: Leftovers\n|upkeep\n|turn|38\n|inactive|Time left: 300 sec this turn | 300 sec total\n|\n|t:|1783546696\n|move|p2a: Blissey|Seismic Toss|p1a: Hydrapple\n|-damage|p1a: Hydrapple|10/100 par\n|cant|p1a: Hydrapple|par\n|\n|-heal|p2a: Blissey|334/572|[from] item: Leftovers\n|upkeep\n|turn|39\n|inactive|Time left: 300 sec this turn | 300 sec total\n|\n|t:|1783546697\n|switch|p1a: Dusknoir|Dusknoir, L89, F|45/100\n|-damage|p1a: Dusknoir|33/100|[from] Stealth Rock\n|-item|p2a: Blissey|Leftovers|[from] ability: Frisk|[of] p1a: Dusknoir\n|move|p2a: Blissey|Seismic Toss|p1a: Dusknoir\n|-immune|p1a: Dusknoir\n|\n|-heal|p2a: Blissey|369/572|[from] item: Leftovers\n|upkeep\n|turn|40\n|inactive|Time left: 300 sec this turn | 300 sec total\n|\n|t:|1783546698\n|move|p2a: Blissey|Thunder Wave|p1a: Dusknoir\n|-status|p1a: Dusknoir|par\n|move|p1a: Dusknoir|Earthquake|p2a: Blissey\n|-damage|p2a: Blissey|0 fnt\n|faint|p2a: Blissey\n|\n|upkeep\n|inactive|Time left: 300 sec this turn | 300 sec total | 5 sec grace\n|\n|t:|1783546699\n|switch|p2a: Minior|Minior-Yellow, L79|224/224\n|-formechange|p2a: Minior|Minior-Meteor||[from] ability: Shields Down\n|turn|41\n|inactive|Time left: 300 sec this turn | 300 sec total\n|\n|t:|1783546700\n|switch|p1a: Hydrapple|Hydrapple, L83, F, tera:Steel|44/100 par\n|-damage|p1a: Hydrapple|38/100 par|[from] Stealth Rock\n|move|p2a: Minior|Shell Smash|p2a: Minior\n|-unboost|p2a: Minior|def|1\n|-unboost|p2a: Minior|spd|1\n|-boost|p2a: Minior|atk|2\n|-boost|p2a: Minior|spa|2\n|-boost|p2a: Minior|spe|2\n|-enditem|p2a: Minior|White Herb\n|-clearnegativeboost|p2a: Minior|[silent]\n|\n|upkeep\n|turn|42\n|inactive|Time left: 300 sec this turn | 300 sec total\n|\n|t:|1783546701\n|switch|p1a: Stantler|Stantler, L92, F|56/100 psn\n|-damage|p1a: Stantler|44/100 psn|[from] Stealth Rock\n|-ability|p1a: Stantler|Intimidate|boost\n|-unboost|p2a: Minior|atk|1\n|move|p2a: Minior|Earthquake|p1a: Stantler\n|-damage|p1a: Stantler|26/100 psn\n|\n|-damage|p1a: Stantler|14/100 psn|[from] psn\n|upkeep\n|turn|43\n|inactive|Time left: 300 sec this turn | 300 sec total\n|\n|t:|1783546703\n|switch|p1a: Hydrapple|Hydrapple, L83, F, tera:Steel|71/100 par\n|-damage|p1a: Hydrapple|65/100 par|[from] Stealth Rock\n|move|p2a: Minior|Shell Smash|p2a: Minior\n|-unboost|p2a: Minior|def|1\n|-unboost|p2a: Minior|spd|1\n|-boost|p2a: Minior|atk|2\n|-boost|p2a: Minior|spa|2\n|-boost|p2a: Minior|spe|2\n|\n|upkeep\n|turn|44\n|inactive|Time left: 300 sec this turn | 300 sec total\n|\n|t:|1783546704\n|switch|p1a: Stantler|Stantler, L92, F|14/100 psn\n|-damage|p1a: Stantler|2/100 psn|[from] Stealth Rock\n|-ability|p1a: Stantler|Intimidate|boost\n|-unboost|p2a: Minior|atk|1\n|move|p2a: Minior|Earthquake|p1a: Stantler\n|-damage|p1a: Stantler|0 fnt\n|faint|p1a: Stantler\n|\n|upkeep\n|\n|t:|1783546705\n|switch|p1a: Probopass|Probopass, L91, F|100/100\n|-damage|p1a: Probopass|94/100|[from] Stealth Rock\n|turn|45\n|inactive|Time left: 300 sec this turn | 300 sec total\n|\n|t:|1783546706\n|move|p2a: Minior|Earthquake|p1a: Probopass\n|-supereffective|p1a: Probopass\n|-damage|p1a: Probopass|4/100\n|move|p1a: Probopass|Power Gem|p2a: Minior\n|-supereffective|p2a: Minior\n|-damage|p2a: Minior|0 fnt\n|faint|p2a: Minior\n|\n|upkeep\n|inactive|Time left: 300 sec this turn | 300 sec total | 5 sec grace\n|\n|t:|1783546707\n|switch|p2a: Azumarill|Azumarill, L82, M|298/298\n|turn|46\n|inactive|Time left: 300 sec this turn | 300 sec total\n|\n|t:|1783546708\n|move|p2a: Azumarill|Liquidation|p1a: Probopass\n|-supereffective|p1a: Probopass\n|-damage|p1a: Probopass|0 fnt\n|faint|p1a: Probopass\n|\n|upkeep\n|\n|t:|1783546709\n|switch|p1a: Hydrapple|Hydrapple, L83, F, tera:Steel|98/100 par\n|-damage|p1a: Hydrapple|92/100 par|[from] Stealth Rock\n|turn|47\n|inactive|Time left: 300 sec this turn | 300 sec total\n|\n|t:|1783546710\n|move|p2a: Azumarill|Liquidation|p1a: Hydrapple\n|-damage|p1a: Hydrapple|47/100 par\n|move|p1a: Hydrapple|Giga Drain|p2a: Azumarill\n|-supereffective|p2a: Azumarill\n|-damage|p2a: Azumarill|33/298\n|-heal|p1a: Hydrapple|89/100 par|[from] drain|[of] p2a: Azumarill\n|-damage|p1a: Hydrapple|79/100 par|[from] item: Life Orb\n|\n|upkeep\n|turn|48\n|inactive|Time left: 300 sec this turn | 300 sec total\n|\n|t:|1783546711\n|move|p2a: Azumarill|Liquidation|p1a: Hydrapple\n|-damage|p1a: Hydrapple|38/100 par\n|move|p1a: Hydrapple|Giga Drain|p2a: Azumarill\n|-supereffective|p2a: Azumarill\n|-damage|p2a: Azumarill|0 fnt\n|-heal|p1a: Hydrapple|43/100 par|[from] drain|[of] p2a: Azumarill\n|faint|p2a: Azumarill\n|-damage|p1a: Hydrapple|33/100 par|[from] item: Life Orb\n|\n|upkeep\n|inactive|Time left: 300 sec this turn | 300 sec total | 5 sec grace\n|\n|t:|1783546712\n|switch|p2a: Weavile|Weavile, L79, F|240/240\n|turn|49\n|inactive|Time left: 300 sec this turn | 300 sec total\n|\n|t:|1783546713\n|switch|p1a: Dusknoir|Dusknoir, L89, F|33/100 par\n|-damage|p1a: Dusknoir|20/100 par|[from] Stealth Rock\n|-item|p2a: Weavile|Heavy-Duty Boots|[from] ability: Frisk|[of] p1a: Dusknoir\n|move|p2a: Weavile|Swords Dance|p2a: Weavile\n|-boost|p2a: Weavile|atk|2\n|\n|upkeep\n|turn|50\n|inactive|Time left: 300 sec this turn | 300 sec total\n|\n|t:|1783546714\n|cant|p1a: Dusknoir|par\n|move|p2a: Weavile|Knock Off|p1a: Dusknoir\n|-supereffective|p1a: Dusknoir\n|-crit|p1a: Dusknoir\n|-damage|p1a: Dusknoir|0 fnt\n|-enditem|p1a: Dusknoir|Choice Band|[from] move: Knock Off|[of] p2a: Weavile\n|faint|p1a: Dusknoir\n|\n|upkeep\n|\n|t:|1783546715\n|switch|p1a: Ambipom|Ambipom, L84, M|100/100\n|-damage|p1a: Ambipom|88/100|[from] Stealth Rock\n|turn|51\n|inactive|Time left: 300 sec this turn | 300 sec total\n|\n|t:|1783546717\n|move|p1a: Ambipom|Fake Out|p2a: Weavile\n|-damage|p2a: Weavile|137/240\n|cant|p2a: Weavile|flinch\n|\n|upkeep\n|turn|52\n|inactive|Time left: 300 sec this turn | 300 sec total\n|\n|t:|1783546718\n|switch|p1a: Hydrapple|Hydrapple, L83, F, tera:Steel|67/100 par\n|-damage|p1a: Hydrapple|60/100 par|[from] Stealth Rock\n|move|p2a: Weavile|Knock Off|p1a: Hydrapple\n|-damage|p1a: Hydrapple|6/100 par\n|-enditem|p1a: Hydrapple|Life Orb|[from] move: Knock Off|[of] p2a: Weavile\n|\n|upkeep\n|turn|53\n|inactive|Time left: 300 sec this turn | 300 sec total\n|\n|t:|1783546719\n|move|p2a: Weavile|Triple Axel|p1a: Hydrapple\n|-resisted|p1a: Hydrapple\n|-damage|p1a: Hydrapple|0 fnt\n|faint|p1a: Hydrapple\n|-hitcount|p1: Hydrapple|1\n|\n|upkeep\n|\n|t:|1783546720\n|switch|p1a: Ambipom|Ambipom, L84, M|88/100\n|-damage|p1a: Ambipom|76/100|[from] Stealth Rock\n|turn|54\n|inactive|Time left: 300 sec this turn | 300 sec total\n|\n|t:|1783546721\n|move|p1a: Ambipom|Fake Out|p2a: Weavile\n|-damage|p2a: Weavile|43/240\n|cant|p2a: Weavile|flinch\n|\n|upkeep\n|turn|55\n|inactive|Time left: 300 sec this turn | 300 sec total\n|\n|t:|1783546722\n|switch|p1a: Illumise|Illumise, L91, F|100/100\n|move|p2a: Weavile|Knock Off|p1a: Illumise\n|-damage|p1a: Illumise|12/100\n|-enditem|p1a: Illumise|Heavy-Duty Boots|[from] move: Knock Off|[of] p2a: Weavile\n|\n|upkeep\n|turn|56\n|inactive|Time left: 300 sec this turn | 300 sec total\n|\n|t:|1783546723\n|move|p1a: Illumise|Roost|p1a: Illumise\n|-heal|p1a: Illumise|62/100\n|-singleturn|p1a: Illumise|move: Roost\n|move|p2a: Weavile|Knock Off|p1a: Illumise\n|-damage|p1a: Illumise|9/100\n|\n|upkeep\n|turn|57\n|inactive|Time left: 300 sec this turn | 300 sec total\n|\n|t:|1783546724\n|move|p1a: Illumise|Roost|p1a: Illumise\n|-heal|p1a: Illumise|59/100\n|-singleturn|p1a: Illumise|move: Roost\n|move|p2a: Weavile|Knock Off|p1a: Illumise\n|-damage|p1a: Illumise|6/100\n|\n|upkeep\n|turn|58\n|inactive|Time left: 300 sec this turn | 300 sec total\n|\n|t:|1783546725\n|move|p1a: Illumise|Roost|p1a: Illumise\n|-heal|p1a: Illumise|56/100\n|-singleturn|p1a: Illumise|move: Roost\n|move|p2a: Weavile|Knock Off|p1a: Illumise\n|-damage|p1a: Illumise|0 fnt\n|faint|p1a: Illumise\n|\n|upkeep\n|\n|t:|1783546726\n|switch|p1a: Ambipom|Ambipom, L84, M|76/100\n|-damage|p1a: Ambipom|64/100|[from] Stealth Rock\n|turn|59\n|inactive|Time left: 300 sec this turn | 300 sec total\n|\n|t:|1783546727\n|-terastallize|p2a: Weavile|Ice\n|move|p1a: Ambipom|Fake Out|p2a: Weavile\n|-damage|p2a: Weavile|0 fnt\n|faint|p2a: Weavile\n|\n|upkeep\n|inactive|Time left: 300 sec this turn | 300 sec total | 5 sec grace\n|\n|t:|1783546728\n|switch|p2a: Regirock|Regirock, L83|268/268\n|turn|60\n|inactive|Time left: 300 sec this turn | 300 sec total\n|\n|t:|1783546729\n|move|p1a: Ambipom|Low Kick|p2a: Regirock\n|-supereffective|p2a: Regirock\n|-damage|p2a: Regirock|182/268\n|move|p2a: Regirock|Body Press|p1a: Ambipom\n|-supereffective|p1a: Ambipom\n|-damage|p1a: Ambipom|0 fnt\n|faint|p1a: Ambipom\n|\n|win|p0y65286be", "uploadtime": 1783546729, "views": 0, "rating": 0, "private": 0, "password": null, "_winner": "p0y65286be", "_our_name": "p0y65286be"}