{"id": "battle-gen9randombattle-2480", "formatid": "gen9randombattle", "format": "[Gen 9] Random Battle", "players": ["p0x2480371b", "p0y2480a1dd"], "log": "|init|battle\n|title|p0x2480371b vs. p0y2480a1dd\n|j|\u2606p0x2480371b\n|j|\u2606p0y2480a1dd\n|t:|1783568753\n|gametype|singles\n|player|p1|p0x2480371b|265|\n|player|p2|p0y2480a1dd|265|\n|gen|9\n|tier|[Gen 9] Random Battle\n|rule|Species Clause: Limit one of each Pok\u00e9mon\n|rule|HP Percentage Mod: HP is shown in percentages\n|rule|Sleep Clause Mod: Limit one foe put to sleep\n|rule|Illusion Level Mod: Illusion disguises the Pok\u00e9mon's true level\n|\n|t:|1783568753\n|teamsize|p1|6\n|teamsize|p2|6\n|start\n|switch|p1a: Vigoroth|Vigoroth, L85, F|100/100\n|switch|p2a: Munkidori|Munkidori, L79, M|269/269\n|turn|1\n|inactive|Battle timer is ON: inactive players will automatically lose when time's up. (requested by p0y2480a1dd)\n|inactive|p0x2480371b also wants the timer to be on.\n|\n|t:|1783568755\n|move|p2a: Munkidori|Sludge Wave|p1a: Vigoroth\n|-damage|p1a: Vigoroth|63/100\n|move|p1a: Vigoroth|Bulk Up|p1a: Vigoroth\n|-boost|p1a: Vigoroth|atk|1\n|-boost|p1a: Vigoroth|def|1\n|\n|upkeep\n|turn|2\n|inactive|Time left: 300 sec this turn | 300 sec total\n|\n|t:|1783568756\n|move|p2a: Munkidori|Sludge Wave|p1a: Vigoroth\n|-damage|p1a: Vigoroth|28/100\n|move|p1a: Vigoroth|Body Slam|p2a: Munkidori\n|-damage|p2a: Munkidori|104/269\n|\n|upkeep\n|turn|3\n|inactive|Time left: 300 sec this turn | 300 sec total\n|\n|t:|1783568757\n|switch|p1a: Rhyperior|Rhyperior, L82, M|100/100\n|move|p2a: Munkidori|Psychic Noise|p1a: Rhyperior\n|-damage|p1a: Rhyperior|74/100\n|-start|p1a: Rhyperior|move: Heal Block\n|\n|upkeep\n|turn|4\n|inactive|Time left: 300 sec this turn | 300 sec total\n|\n|t:|1783568758\n|move|p2a: Munkidori|U-turn|p1a: Rhyperior\n|-damage|p1a: Rhyperior|66/100\n|-status|p1a: Rhyperior|tox|[from] ability: Toxic Chain|[of] p2a: Munkidori\n|inactive|Time left: 300 sec this turn | 300 sec total | 5 sec grace\n|\n|t:|1783568759\n|switch|p2a: Avalugg|Avalugg-Hisui, L90, F|317/317|[from] U-turn\n|move|p1a: Rhyperior|Earthquake|p2a: Avalugg\n|-supereffective|p2a: Avalugg\n|-damage|p2a: Avalugg|189/317\n|\n|-damage|p1a: Rhyperior|59/100 tox|[from] psn\n|-end|p1a: Rhyperior|move: Heal Block\n|upkeep\n|turn|5\n|inactive|Time left: 300 sec this turn | 300 sec total\n|\n|t:|1783568760\n|move|p2a: Avalugg|Recover|p2a: Avalugg\n|-heal|p2a: Avalugg|317/317\n|move|p1a: Rhyperior|Stone Edge|p2a: Avalugg\n|-supereffective|p2a: Avalugg\n|-damage|p2a: Avalugg|185/317\n|\n|-damage|p1a: Rhyperior|47/100 tox|[from] psn\n|upkeep\n|turn|6\n|inactive|Time left: 300 sec this turn | 300 sec total\n|\n|t:|1783568761\n|move|p2a: Avalugg|Recover|p2a: Avalugg\n|-heal|p2a: Avalugg|317/317\n|move|p1a: Rhyperior|Earthquake|p2a: Avalugg\n|-supereffective|p2a: Avalugg\n|-damage|p2a: Avalugg|165/317\n|\n|-damage|p1a: Rhyperior|28/100 tox|[from] psn\n|upkeep\n|turn|7\n|inactive|Time left: 300 sec this turn | 300 sec total\n|\n|t:|1783568762\n|move|p2a: Avalugg|Recover|p2a: Avalugg\n|-heal|p2a: Avalugg|317/317\n|move|p1a: Rhyperior|Earthquake|p2a: Avalugg\n|-supereffective|p2a: Avalugg\n|-damage|p2a: Avalugg|177/317\n|\n|-damage|p1a: Rhyperior|4/100 tox|[from] psn\n|upkeep\n|turn|8\n|inactive|Time left: 300 sec this turn | 300 sec total\n|\n|t:|1783568763\n|move|p2a: Avalugg|Recover|p2a: Avalugg\n|-heal|p2a: Avalugg|317/317\n|move|p1a: Rhyperior|Earthquake|p2a: Avalugg\n|-supereffective|p2a: Avalugg\n|-damage|p2a: Avalugg|189/317\n|\n|-damage|p1a: Rhyperior|0 fnt|[from] psn\n|faint|p1a: Rhyperior\n|upkeep\n|\n|t:|1783568764\n|switch|p1a: Armarouge|Armarouge, L80, M|100/100\n|turn|9\n|inactive|Time left: 300 sec this turn | 300 sec total\n|\n|t:|1783568765\n|switch|p2a: Blastoise|Blastoise, L80, M|258/258\n|move|p1a: Armarouge|Meteor Beam||[still]\n|-prepare|p1a: Armarouge|Meteor Beam\n|-boost|p1a: Armarouge|spa|1\n|-enditem|p1a: Armarouge|Power Herb\n|-anim|p1a: Armarouge|Meteor Beam|p2a: Blastoise\n|-damage|p2a: Blastoise|124/258\n|\n|upkeep\n|turn|10\n|inactive|Time left: 300 sec this turn | 300 sec total\n|\n|t:|1783568766\n|move|p2a: Blastoise|Hydro Pump|p1a: Armarouge\n|-supereffective|p1a: Armarouge\n|-damage|p1a: Armarouge|17/100\n|move|p1a: Armarouge|Psyshock|p2a: Blastoise\n|-damage|p2a: Blastoise|0 fnt\n|faint|p2a: Blastoise\n|\n|upkeep\n|inactive|Time left: 300 sec this turn | 300 sec total | 5 sec grace\n|\n|t:|1783568767\n|switch|p2a: Munkidori|Munkidori, L79, M|104/269\n|turn|11\n|inactive|Time left: 300 sec this turn | 300 sec total\n|\n|t:|1783568768\n|move|p2a: Munkidori|Psychic Noise|p1a: Armarouge\n|-resisted|p1a: Armarouge\n|-damage|p1a: Armarouge|0 fnt\n|faint|p1a: Armarouge\n|\n|upkeep\n|\n|t:|1783568769\n|switch|p1a: Dunsparce|Dunsparce, L86, M|100/100\n|turn|12\n|inactive|Time left: 300 sec this turn | 300 sec total\n|\n|t:|1783568770\n|move|p2a: Munkidori|U-turn|p1a: Dunsparce\n|-crit|p1a: Dunsparce\n|-damage|p1a: Dunsparce|87/100\n|-status|p1a: Dunsparce|tox|[from] ability: Toxic Chain|[of] p2a: Munkidori\n|inactive|Time left: 300 sec this turn | 300 sec total | 5 sec grace\n|\n|t:|1783568771\n|switch|p2a: Avalugg|Avalugg-Hisui, L90, F|189/317|[from] U-turn\n|move|p1a: Dunsparce|Coil|p1a: Dunsparce\n|-boost|p1a: Dunsparce|atk|1\n|-boost|p1a: Dunsparce|def|1\n|-boost|p1a: Dunsparce|accuracy|1\n|\n|-damage|p1a: Dunsparce|81/100 tox|[from] psn\n|upkeep\n|turn|13\n|inactive|Time left: 300 sec this turn | 300 sec total\n|\n|t:|1783568772\n|move|p1a: Dunsparce|Coil|p1a: Dunsparce\n|-boost|p1a: Dunsparce|atk|1\n|-boost|p1a: Dunsparce|def|1\n|-boost|p1a: Dunsparce|accuracy|1\n|move|p2a: Avalugg|Body Press|p1a: Dunsparce\n|-supereffective|p1a: Dunsparce\n|-damage|p1a: Dunsparce|55/100 tox\n|\n|-damage|p1a: Dunsparce|43/100 tox|[from] psn\n|upkeep\n|turn|14\n|inactive|Time left: 300 sec this turn | 300 sec total\n|\n|t:|1783568773\n|move|p1a: Dunsparce|Roost|p1a: Dunsparce\n|-heal|p1a: Dunsparce|93/100 tox\n|-singleturn|p1a: Dunsparce|move: Roost\n|move|p2a: Avalugg|Body Press|p1a: Dunsparce\n|-supereffective|p1a: Dunsparce\n|-damage|p1a: Dunsparce|67/100 tox\n|\n|-damage|p1a: Dunsparce|48/100 tox|[from] psn\n|upkeep\n|turn|15\n|inactive|Time left: 300 sec this turn | 300 sec total\n|\n|t:|1783568774\n|move|p1a: Dunsparce|Roost|p1a: Dunsparce\n|-heal|p1a: Dunsparce|98/100 tox\n|-singleturn|p1a: Dunsparce|move: Roost\n|move|p2a: Avalugg|Recover|p2a: Avalugg\n|-heal|p2a: Avalugg|317/317\n|\n|-damage|p1a: Dunsparce|74/100 tox|[from] psn\n|upkeep\n|turn|16\n|inactive|Time left: 300 sec this turn | 300 sec total\n|\n|t:|1783568775\n|move|p1a: Dunsparce|Roost|p1a: Dunsparce\n|-heal|p1a: Dunsparce|100/100 tox\n|-singleturn|p1a: Dunsparce|move: Roost\n|move|p2a: Avalugg|Body Press|p1a: Dunsparce\n|-supereffective|p1a: Dunsparce\n|-damage|p1a: Dunsparce|75/100 tox\n|\n|-damage|p1a: Dunsparce|44/100 tox|[from] psn\n|upkeep\n|turn|17\n|inactive|Time left: 300 sec this turn | 300 sec total\n|\n|t:|1783568776\n|move|p1a: Dunsparce|Roost|p1a: Dunsparce\n|-heal|p1a: Dunsparce|94/100 tox\n|-singleturn|p1a: Dunsparce|move: Roost\n|move|p2a: Avalugg|Avalanche|p1a: Dunsparce\n|-damage|p1a: Dunsparce|83/100 tox\n|\n|-damage|p1a: Dunsparce|46/100 tox|[from] psn\n|upkeep\n|turn|18\n|inactive|Time left: 300 sec this turn | 300 sec total\n|\n|t:|1783568777\n|move|p1a: Dunsparce|Roost|p1a: Dunsparce\n|-heal|p1a: Dunsparce|96/100 tox\n|-singleturn|p1a: Dunsparce|move: Roost\n|move|p2a: Avalugg|Body Press|p1a: Dunsparce\n|-supereffective|p1a: Dunsparce\n|-damage|p1a: Dunsparce|70/100 tox\n|\n|-damage|p1a: Dunsparce|28/100 tox|[from] psn\n|upkeep\n|turn|19\n|inactive|Time left: 300 sec this turn | 300 sec total\n|\n|t:|1783568778\n|move|p1a: Dunsparce|Body Slam|p2a: Avalugg\n|-resisted|p2a: Avalugg\n|-damage|p2a: Avalugg|278/317\n|move|p2a: Avalugg|Body Press|p1a: Dunsparce\n|-supereffective|p1a: Dunsparce\n|-damage|p1a: Dunsparce|1/100 tox\n|\n|-damage|p1a: Dunsparce|0 fnt|[from] psn\n|faint|p1a: Dunsparce\n|upkeep\n|\n|t:|1783568779\n|switch|p1a: Vigoroth|Vigoroth, L85, F|28/100\n|turn|20\n|inactive|Time left: 300 sec this turn | 300 sec total\n|\n|t:|1783568780\n|move|p1a: Vigoroth|Slack Off|p1a: Vigoroth\n|-heal|p1a: Vigoroth|78/100\n|move|p2a: Avalugg|Body Press|p1a: Vigoroth\n|-supereffective|p1a: Vigoroth\n|-crit|p1a: Vigoroth\n|-damage|p1a: Vigoroth|0 fnt\n|faint|p1a: Vigoroth\n|\n|upkeep\n|\n|t:|1783568781\n|switch|p1a: Dondozo|Dondozo, L78, F|100/100\n|turn|21\n|inactive|Time left: 300 sec this turn | 300 sec total\n|\n|t:|1783568782\n|switch|p2a: Arbok|Arbok, L87, M|246/246\n|-ability|p2a: Arbok|Intimidate|boost\n|-unboost|p1a: Dondozo|atk|1\n|move|p1a: Dondozo|Curse|p1a: Dondozo\n|-unboost|p1a: Dondozo|spe|1\n|-boost|p1a: Dondozo|atk|1\n|-boost|p1a: Dondozo|def|1\n|\n|upkeep\n|turn|22\n|inactive|Time left: 300 sec this turn | 300 sec total\n|\n|t:|1783568783\n|move|p2a: Arbok|Gunk Shot|p1a: Dondozo\n|-damage|p1a: Dondozo|80/100\n|move|p1a: Dondozo|Wave Crash|p2a: Arbok\n|-crit|p2a: Arbok\n|-damage|p2a: Arbok|57/246\n|-damage|p1a: Dondozo|63/100|[from] Recoil\n|\n|-heal|p2a: Arbok|72/246|[from] item: Leftovers\n|-heal|p1a: Dondozo|69/100|[from] item: Leftovers\n|upkeep\n|turn|23\n|inactive|Time left: 300 sec this turn | 300 sec total\n|\n|t:|1783568784\n|switch|p2a: Leafeon|Leafeon, L88, M|258/258\n|move|p1a: Dondozo|Wave Crash|p2a: Leafeon\n|-resisted|p2a: Leafeon\n|-damage|p2a: Leafeon|215/258\n|-damage|p1a: Dondozo|65/100|[from] Recoil\n|\n|-heal|p1a: Dondozo|71/100|[from] item: Leftovers\n|upkeep\n|turn|24\n|inactive|Time left: 300 sec this turn | 300 sec total\n|\n|t:|1783568785\n|move|p2a: Leafeon|Swords Dance|p2a: Leafeon\n|-boost|p2a: Leafeon|atk|2\n|move|p1a: Dondozo|Curse|p1a: Dondozo\n|-unboost|p1a: Dondozo|spe|1\n|-boost|p1a: Dondozo|atk|1\n|-boost|p1a: Dondozo|def|1\n|\n|-heal|p1a: Dondozo|77/100|[from] item: Leftovers\n|upkeep\n|turn|25\n|inactive|Time left: 300 sec this turn | 300 sec total\n|\n|t:|1783568786\n|move|p2a: Leafeon|Leaf Blade|p1a: Dondozo\n|-supereffective|p1a: Dondozo\n|-damage|p1a: Dondozo|40/100\n|-damage|p2a: Leafeon|190/258|[from] item: Life Orb\n|move|p1a: Dondozo|Curse|p1a: Dondozo\n|-unboost|p1a: Dondozo|spe|1\n|-boost|p1a: Dondozo|atk|1\n|-boost|p1a: Dondozo|def|1\n|\n|-heal|p1a: Dondozo|46/100|[from] item: Leftovers\n|upkeep\n|turn|26\n|inactive|Time left: 300 sec this turn | 300 sec total\n|\n|t:|1783568787\n|-terastallize|p1a: Dondozo|Dragon\n|move|p2a: Leafeon|Leaf Blade|p1a: Dondozo\n|-resisted|p1a: Dondozo\n|-damage|p1a: Dondozo|38/100\n|-damage|p2a: Leafeon|165/258|[from] item: Life Orb\n|move|p1a: Dondozo|Wave Crash|p2a: Leafeon\n|-resisted|p2a: Leafeon\n|-damage|p2a: Leafeon|87/258\n|-damage|p1a: Dondozo|31/100|[from] Recoil\n|\n|-heal|p1a: Dondozo|37/100|[from] item: Leftovers\n|upkeep\n|turn|27\n|inactive|Time left: 300 sec this turn | 300 sec total\n|\n|t:|1783568788\n|move|p2a: Leafeon|Synthesis|p2a: Leafeon\n|-heal|p2a: Leafeon|216/258\n|move|p1a: Dondozo|Wave Crash|p2a: Leafeon\n|-resisted|p2a: Leafeon\n|-damage|p2a: Leafeon|133/258\n|-damage|p1a: Dondozo|30/100|[from] Recoil\n|\n|-heal|p1a: Dondozo|36/100|[from] item: Leftovers\n|upkeep\n|turn|28\n|inactive|Time left: 300 sec this turn | 300 sec total\n|\n|t:|1783568789\n|move|p2a: Leafeon|Synthesis|p2a: Leafeon\n|-heal|p2a: Leafeon|258/258\n|move|p1a: Dondozo|Wave Crash|p2a: Leafeon\n|-resisted|p2a: Leafeon\n|-damage|p2a: Leafeon|174/258\n|-damage|p1a: Dondozo|28/100|[from] Recoil\n|\n|-heal|p1a: Dondozo|34/100|[from] item: Leftovers\n|upkeep\n|turn|29\n|inactive|Time left: 300 sec this turn | 300 sec total\n|\n|t:|1783568790\n|move|p2a: Leafeon|Synthesis|p2a: Leafeon\n|-heal|p2a: Leafeon|258/258\n|move|p1a: Dondozo|Wave Crash|p2a: Leafeon\n|-resisted|p2a: Leafeon\n|-damage|p2a: Leafeon|174/258\n|-damage|p1a: Dondozo|26/100|[from] Recoil\n|\n|-heal|p1a: Dondozo|33/100|[from] item: Leftovers\n|upkeep\n|turn|30\n|inactive|Time left: 300 sec this turn | 300 sec total\n|\n|t:|1783568791\n|move|p2a: Leafeon|Leaf Blade|p1a: Dondozo\n|-resisted|p1a: Dondozo\n|-damage|p1a: Dondozo|26/100\n|-damage|p2a: Leafeon|149/258|[from] item: Life Orb\n|move|p1a: Dondozo|Wave Crash|p2a: Leafeon\n|-resisted|p2a: Leafeon\n|-damage|p2a: Leafeon|62/258\n|-damage|p1a: Dondozo|18/100|[from] Recoil\n|\n|-heal|p1a: Dondozo|24/100|[from] item: Leftovers\n|upkeep\n|turn|31\n|inactive|Time left: 300 sec this turn | 300 sec total\n|\n|t:|1783568792\n|move|p2a: Leafeon|Synthesis|p2a: Leafeon\n|-heal|p2a: Leafeon|191/258\n|move|p1a: Dondozo|Wave Crash|p2a: Leafeon\n|-resisted|p2a: Leafeon\n|-damage|p2a: Leafeon|113/258\n|-damage|p1a: Dondozo|17/100|[from] Recoil\n|\n|-heal|p1a: Dondozo|23/100|[from] item: Leftovers\n|upkeep\n|turn|32\n|inactive|Time left: 300 sec this turn | 300 sec total\n|\n|t:|1783568793\n|move|p2a: Leafeon|Synthesis|p2a: Leafeon\n|-heal|p2a: Leafeon|242/258\n|move|p1a: Dondozo|Rest|p1a: Dondozo\n|-status|p1a: Dondozo|slp|[from] move: Rest\n|-heal|p1a: Dondozo|100/100 slp|[silent]\n|\n|upkeep\n|turn|33\n|inactive|Time left: 300 sec this turn | 300 sec total\n|\n|t:|1783568794\n|move|p2a: Leafeon|Leaf Blade|p1a: Dondozo\n|-resisted|p1a: Dondozo\n|-damage|p1a: Dondozo|93/100 slp\n|-damage|p2a: Leafeon|217/258|[from] item: Life Orb\n|cant|p1a: Dondozo|slp\n|move|p1a: Dondozo|Sleep Talk|p1a: Dondozo\n|move|p1a: Dondozo|Rest||[from] move: Sleep Talk|[still]\n|-fail|p1a: Dondozo\n|\n|-heal|p1a: Dondozo|99/100 slp|[from] item: Leftovers\n|upkeep\n|turn|34\n|inactive|Time left: 300 sec this turn | 300 sec total\n|\n|t:|1783568795\n|move|p2a: Leafeon|Synthesis|p2a: Leafeon\n|-heal|p2a: Leafeon|258/258\n|cant|p1a: Dondozo|slp\n|move|p1a: Dondozo|Sleep Talk|p1a: Dondozo\n|move|p1a: Dondozo|Rest||[from] move: Sleep Talk|[still]\n|-fail|p1a: Dondozo\n|\n|-heal|p1a: Dondozo|100/100 slp|[from] item: Leftovers\n|upkeep\n|turn|35\n|inactive|Time left: 300 sec this turn | 300 sec total\n|\n|t:|1783568796\n|move|p2a: Leafeon|Swords Dance|p2a: Leafeon\n|-boost|p2a: Leafeon|atk|2\n|-curestatus|p1a: Dondozo|slp|[msg]\n|move|p1a: Dondozo|Wave Crash|p2a: Leafeon\n|-resisted|p2a: Leafeon\n|-damage|p2a: Leafeon|182/258\n|-damage|p1a: Dondozo|94/100|[from] Recoil\n|\n|-heal|p1a: Dondozo|99/100|[from] item: Leftovers\n|upkeep\n|turn|36\n|inactive|Time left: 300 sec this turn | 300 sec total\n|\n|t:|1783568797\n|move|p2a: Leafeon|Synthesis|p2a: Leafeon\n|-heal|p2a: Leafeon|258/258\n|move|p1a: Dondozo|Wave Crash|p2a: Leafeon\n|-resisted|p2a: Leafeon\n|-damage|p2a: Leafeon|174/258\n|-damage|p1a: Dondozo|92/100|[from] Recoil\n|\n|-heal|p1a: Dondozo|98/100|[from] item: Leftovers\n|upkeep\n|turn|37\n|inactive|Time left: 300 sec this turn | 300 sec total\n|\n|t:|1783568797\n|move|p2a: Leafeon|Leaf Blade|p1a: Dondozo\n|-resisted|p1a: Dondozo\n|-damage|p1a: Dondozo|91/100\n|-damage|p2a: Leafeon|149/258|[from] item: Life Orb\n|move|p1a: Dondozo|Wave Crash|p2a: Leafeon\n|-resisted|p2a: Leafeon\n|-damage|p2a: Leafeon|67/258\n|-damage|p1a: Dondozo|84/100|[from] Recoil\n|\n|-heal|p1a: Dondozo|90/100|[from] item: Leftovers\n|upkeep\n|turn|38\n|inactive|Time left: 300 sec this turn | 300 sec total\n|\n|t:|1783568798\n|move|p2a: Leafeon|Synthesis|p2a: Leafeon\n|-heal|p2a: Leafeon|196/258\n|move|p1a: Dondozo|Wave Crash|p2a: Leafeon\n|-resisted|p2a: Leafeon\n|-damage|p2a: Leafeon|117/258\n|-damage|p1a: Dondozo|83/100|[from] Recoil\n|\n|-heal|p1a: Dondozo|89/100|[from] item: Leftovers\n|upkeep\n|turn|39\n|inactive|Time left: 300 sec this turn | 300 sec total\n|\n|t:|1783568799\n|move|p2a: Leafeon|Swords Dance|p2a: Leafeon\n|-boost|p2a: Leafeon|atk|2\n|move|p1a: Dondozo|Wave Crash|p2a: Leafeon\n|-resisted|p2a: Leafeon\n|-damage|p2a: Leafeon|42/258\n|-damage|p1a: Dondozo|82/100|[from] Recoil\n|\n|-heal|p1a: Dondozo|88/100|[from] item: Leftovers\n|upkeep\n|turn|40\n|inactive|Time left: 300 sec this turn | 300 sec total\n|\n|t:|1783568800\n|move|p2a: Leafeon|Leaf Blade|p1a: Dondozo\n|-resisted|p1a: Dondozo\n|-damage|p1a: Dondozo|80/100\n|-damage|p2a: Leafeon|17/258|[from] item: Life Orb\n|move|p1a: Dondozo|Wave Crash|p2a: Leafeon\n|-resisted|p2a: Leafeon\n|-damage|p2a: Leafeon|0 fnt\n|faint|p2a: Leafeon\n|-damage|p1a: Dondozo|79/100|[from] Recoil\n|\n|-heal|p1a: Dondozo|85/100|[from] item: Leftovers\n|upkeep\n|inactive|Time left: 300 sec this turn | 300 sec total | 5 sec grace\n|\n|t:|1783568801\n|switch|p2a: Munkidori|Munkidori, L79, M|104/269\n|turn|41\n|inactive|Time left: 300 sec this turn | 300 sec total\n|\n|t:|1783568802\n|move|p2a: Munkidori|Sludge Wave|p1a: Dondozo\n|-crit|p1a: Dondozo\n|-damage|p1a: Dondozo|20/100\n|move|p1a: Dondozo|Wave Crash|p2a: Munkidori\n|-damage|p2a: Munkidori|0 fnt\n|faint|p2a: Munkidori\n|-damage|p1a: Dondozo|11/100|[from] Recoil\n|\n|-heal|p1a: Dondozo|17/100|[from] item: Leftovers\n|upkeep\n|inactive|Time left: 300 sec this turn | 300 sec total | 5 sec grace\n|\n|t:|1783568803\n|switch|p2a: Vivillon|Vivillon-Icy Snow, L83, M|268/268\n|turn|42\n|inactive|Time left: 300 sec this turn | 300 sec total\n|\n|t:|1783568804\n|move|p2a: Vivillon|Bug Buzz|p1a: Dondozo\n|-damage|p1a: Dondozo|0 fnt\n|faint|p1a: Dondozo\n|\n|upkeep\n|\n|t:|1783568805\n|switch|p1a: Illumise|Illumise, L91, F|100/100\n|turn|43\n|inactive|Time left: 300 sec this turn | 300 sec total\n|\n|t:|1783568806\n|move|p1a: Illumise|Encore|p2a: Vivillon\n|-start|p2a: Vivillon|Encore\n|move|p2a: Vivillon|Bug Buzz|p1a: Illumise\n|-damage|p1a: Illumise|71/100\n|\n|upkeep\n|turn|44\n|inactive|Time left: 300 sec this turn | 300 sec total\n|\n|t:|1783568807\n|switch|p2a: Avalugg|Avalugg-Hisui, L90, F|278/317\n|move|p1a: Illumise|Bug Buzz|p2a: Avalugg\n|-damage|p2a: Avalugg|130/317\n|\n|upkeep\n|turn|45\n|inactive|Time left: 300 sec this turn | 300 sec total\n|\n|t:|1783568808\n|-terastallize|p2a: Avalugg|Flying\n|move|p1a: Illumise|Bug Buzz|p2a: Avalugg\n|-resisted|p2a: Avalugg\n|-damage|p2a: Avalugg|58/317\n|move|p2a: Avalugg|Stone Edge|p1a: Illumise\n|-supereffective|p1a: Illumise\n|-damage|p1a: Illumise|0 fnt\n|faint|p1a: Illumise\n|\n|win|p0y2480a1dd", "uploadtime": 1783568808, "views": 0, "rating": 0, "private": 0, "password": null, "_winner": "p0y2480a1dd", "_our_name": "p0y2480a1dd"}