{"id": "battle-gen9randombattle-257", "formatid": "gen9randombattle", "format": "[Gen 9] Random Battle", "players": ["p0x257b663", "p0y257b52f"], "log": "|init|battle\n|title|p0x257b663 vs. p0y257b52f\n|j|\u2606p0x257b663\n|j|\u2606p0y257b52f\n|t:|1783542553\n|gametype|singles\n|player|p1|p0x257b663|101|\n|player|p2|p0y257b52f|1|\n|gen|9\n|tier|[Gen 9] Random Battle\n|rule|Species Clause: Limit one of each Pok\u00e9mon\n|rule|HP Percentage Mod: HP is shown in percentages\n|rule|Sleep Clause Mod: Limit one foe put to sleep\n|rule|Illusion Level Mod: Illusion disguises the Pok\u00e9mon's true level\n|\n|t:|1783542553\n|teamsize|p1|6\n|teamsize|p2|6\n|start\n|switch|p1a: Cryogonal|Cryogonal, L89|100/100\n|switch|p2a: Camerupt|Camerupt, L91, F|275/275\n|turn|1\n|inactive|Battle timer is ON: inactive players will automatically lose when time's up. (requested by p0y257b52f)\n|inactive|p0x257b663 also wants the timer to be on.\n|\n|t:|1783542554\n|move|p1a: Cryogonal|Freeze-Dry|p2a: Camerupt\n|-damage|p2a: Camerupt|197/275\n|-status|p2a: Camerupt|frz\n|-curestatus|p2a: Camerupt|frz|[msg]\n|move|p2a: Camerupt|Overheat|p1a: Cryogonal\n|-supereffective|p1a: Cryogonal\n|-damage|p1a: Cryogonal|16/100\n|-unboost|p2a: Camerupt|spa|2\n|\n|-heal|p2a: Camerupt|214/275|[from] item: Leftovers\n|upkeep\n|turn|2\n|inactive|Time left: 300 sec this turn | 300 sec total\n|\n|t:|1783542556\n|switch|p2a: Morpeko|Morpeko, L88, F|245/245\n|move|p1a: Cryogonal|Recover|p1a: Cryogonal\n|-heal|p1a: Cryogonal|66/100\n|\n|-formechange|p2a: Morpeko|Morpeko-Hangry||[from] ability: Hunger Switch\n|upkeep\n|turn|3\n|inactive|Time left: 300 sec this turn | 300 sec total\n|\n|t:|1783542557\n|switch|p1a: Magcargo|Magcargo, L95, F|100/100\n|move|p2a: Morpeko|Aura Wheel|p1a: Magcargo\n|-damage|p1a: Magcargo|66/100\n|-boost|p2a: Morpeko|spe|1\n|\n|-formechange|p2a: Morpeko|Morpeko||[from] ability: Hunger Switch\n|upkeep\n|turn|4\n|inactive|Time left: 300 sec this turn | 300 sec total\n|\n|t:|1783542558\n|move|p2a: Morpeko|Aura Wheel|p1a: Magcargo\n|-damage|p1a: Magcargo|31/100\n|-boost|p2a: Morpeko|spe|1\n|move|p1a: Magcargo|Lava Plume|p2a: Morpeko\n|-damage|p2a: Morpeko|115/245\n|-status|p2a: Morpeko|brn\n|\n|-heal|p2a: Morpeko|130/245 brn|[from] item: Leftovers\n|-damage|p2a: Morpeko|115/245 brn|[from] brn\n|-formechange|p2a: Morpeko|Morpeko-Hangry||[from] ability: Hunger Switch\n|upkeep\n|turn|5\n|inactive|Time left: 300 sec this turn | 300 sec total\n|\n|t:|1783542559\n|move|p2a: Morpeko|Aura Wheel|p1a: Magcargo\n|-damage|p1a: Magcargo|14/100\n|-boost|p2a: Morpeko|spe|1\n|move|p1a: Magcargo|Recover|p1a: Magcargo\n|-heal|p1a: Magcargo|64/100\n|\n|-heal|p2a: Morpeko|130/245 brn|[from] item: Leftovers\n|-damage|p2a: Morpeko|115/245 brn|[from] brn\n|-formechange|p2a: Morpeko|Morpeko||[from] ability: Hunger Switch\n|upkeep\n|turn|6\n|inactive|Time left: 300 sec this turn | 300 sec total\n|\n|t:|1783542560\n|move|p2a: Morpeko|Knock Off|p1a: Magcargo\n|-damage|p1a: Magcargo|49/100\n|-enditem|p1a: Magcargo|Heavy-Duty Boots|[from] move: Knock Off|[of] p2a: Morpeko\n|move|p1a: Magcargo|Lava Plume|p2a: Morpeko\n|-damage|p2a: Morpeko|0 fnt\n|faint|p2a: Morpeko\n|\n|upkeep\n|inactive|Time left: 300 sec this turn | 300 sec total | 5 sec grace\n|\n|t:|1783542561\n|switch|p2a: Araquanid|Araquanid, L82, F|246/246\n|turn|7\n|inactive|Time left: 300 sec this turn | 300 sec total\n|\n|t:|1783542563\n|move|p2a: Araquanid|Liquidation|p1a: Magcargo\n|-supereffective|p1a: Magcargo\n|-damage|p1a: Magcargo|0 fnt\n|faint|p1a: Magcargo\n|\n|upkeep\n|\n|t:|1783542564\n|switch|p1a: Cryogonal|Cryogonal, L89|66/100\n|turn|8\n|inactive|Time left: 300 sec this turn | 300 sec total\n|\n|t:|1783542565\n|move|p1a: Cryogonal|Freeze-Dry|p2a: Araquanid\n|-supereffective|p2a: Araquanid\n|-damage|p2a: Araquanid|126/246\n|move|p2a: Araquanid|Sticky Web|p1a: Cryogonal\n|-sidestart|p1: p0x257b663|move: Sticky Web\n|\n|upkeep\n|turn|9\n|inactive|Time left: 300 sec this turn | 300 sec total\n|\n|t:|1783542566\n|move|p1a: Cryogonal|Rapid Spin|p2a: Araquanid\n|-damage|p2a: Araquanid|102/246\n|-boost|p1a: Cryogonal|spe|1\n|-sideend|p1: p0x257b663|Sticky Web|[from] move: Rapid Spin|[of] p1a: Cryogonal\n|move|p2a: Araquanid|Liquidation|p1a: Cryogonal\n|-damage|p1a: Cryogonal|2/100\n|\n|upkeep\n|turn|10\n|inactive|Time left: 300 sec this turn | 300 sec total\n|\n|t:|1783542567\n|switch|p2a: Camerupt|Camerupt, L91, F|214/275\n|move|p1a: Cryogonal|Freeze-Dry|p2a: Camerupt\n|-damage|p2a: Camerupt|130/275\n|\n|-heal|p2a: Camerupt|147/275|[from] item: Leftovers\n|upkeep\n|turn|11\n|inactive|Time left: 300 sec this turn | 300 sec total\n|\n|t:|1783542568\n|move|p1a: Cryogonal|Freeze-Dry|p2a: Camerupt\n|-damage|p2a: Camerupt|59/275\n|move|p2a: Camerupt|Overheat|p1a: Cryogonal\n|-supereffective|p1a: Cryogonal\n|-damage|p1a: Cryogonal|0 fnt\n|-unboost|p2a: Camerupt|spa|2\n|faint|p1a: Cryogonal\n|\n|-heal|p2a: Camerupt|76/275|[from] item: Leftovers\n|upkeep\n|\n|t:|1783542569\n|switch|p1a: Dachsbun|Dachsbun, L92, F|100/100\n|turn|12\n|inactive|Time left: 300 sec this turn | 300 sec total\n|\n|t:|1783542570\n|switch|p2a: Victreebel|Victreebel, L90, M|290/290\n|move|p1a: Dachsbun|Play Rough|p2a: Victreebel|[miss]\n|-miss|p1a: Dachsbun|p2a: Victreebel\n|\n|upkeep\n|turn|13\n|inactive|Time left: 300 sec this turn | 300 sec total\n|\n|t:|1783542571\n|switch|p1a: Toxapex|Toxapex, L82, M|100/100\n|move|p2a: Victreebel|Sludge Wave|p1a: Toxapex\n|-resisted|p1a: Toxapex\n|-damage|p1a: Toxapex|76/100\n|-damage|p2a: Victreebel|261/290|[from] item: Life Orb\n|\n|-heal|p1a: Toxapex|82/100|[from] item: Leftovers\n|upkeep\n|turn|14\n|inactive|Time left: 300 sec this turn | 300 sec total\n|\n|t:|1783542572\n|move|p2a: Victreebel|Sludge Wave|p1a: Toxapex\n|-resisted|p1a: Toxapex\n|-damage|p1a: Toxapex|59/100\n|-damage|p2a: Victreebel|232/290|[from] item: Life Orb\n|move|p1a: Toxapex|Recover|p1a: Toxapex\n|-heal|p1a: Toxapex|100/100\n|\n|upkeep\n|turn|15\n|inactive|Time left: 300 sec this turn | 300 sec total\n|\n|t:|1783542573\n|move|p2a: Victreebel|Sludge Wave|p1a: Toxapex\n|-resisted|p1a: Toxapex\n|-damage|p1a: Toxapex|74/100\n|-damage|p2a: Victreebel|203/290|[from] item: Life Orb\n|move|p1a: Toxapex|Toxic Spikes|p2a: Victreebel\n|-sidestart|p2: p0y257b52f|move: Toxic Spikes\n|\n|-heal|p1a: Toxapex|80/100|[from] item: Leftovers\n|upkeep\n|turn|16\n|inactive|Time left: 300 sec this turn | 300 sec total\n|\n|t:|1783542574\n|move|p2a: Victreebel|Power Whip|p1a: Toxapex|[miss]\n|-miss|p2a: Victreebel|p1a: Toxapex\n|move|p1a: Toxapex|Toxic Spikes|p2a: Victreebel\n|-sidestart|p2: p0y257b52f|move: Toxic Spikes\n|\n|-heal|p1a: Toxapex|86/100|[from] item: Leftovers\n|upkeep\n|turn|17\n|inactive|Time left: 300 sec this turn | 300 sec total\n|\n|t:|1783542575\n|move|p2a: Victreebel|Power Whip|p1a: Toxapex|[miss]\n|-miss|p2a: Victreebel|p1a: Toxapex\n|move|p1a: Toxapex|Recover|p1a: Toxapex\n|-heal|p1a: Toxapex|100/100\n|\n|upkeep\n|turn|18\n|inactive|Time left: 300 sec this turn | 300 sec total\n|\n|t:|1783542576\n|move|p2a: Victreebel|Sludge Wave|p1a: Toxapex\n|-resisted|p1a: Toxapex\n|-damage|p1a: Toxapex|75/100\n|-damage|p2a: Victreebel|174/290|[from] item: Life Orb\n|move|p1a: Toxapex|Liquidation|p2a: Victreebel\n|-resisted|p2a: Victreebel\n|-damage|p2a: Victreebel|141/290\n|\n|-heal|p1a: Toxapex|81/100|[from] item: Leftovers\n|upkeep\n|turn|19\n|inactive|Time left: 300 sec this turn | 300 sec total\n|\n|t:|1783542577\n|move|p2a: Victreebel|Sludge Wave|p1a: Toxapex\n|-resisted|p1a: Toxapex\n|-damage|p1a: Toxapex|55/100\n|-damage|p2a: Victreebel|112/290|[from] item: Life Orb\n|move|p1a: Toxapex|Recover|p1a: Toxapex\n|-heal|p1a: Toxapex|100/100\n|\n|upkeep\n|turn|20\n|inactive|Time left: 300 sec this turn | 300 sec total\n|\n|t:|1783542578\n|move|p2a: Victreebel|Power Whip|p1a: Toxapex\n|-damage|p1a: Toxapex|39/100\n|-damage|p2a: Victreebel|83/290|[from] item: Life Orb\n|move|p1a: Toxapex|Liquidation|p2a: Victreebel\n|-resisted|p2a: Victreebel\n|-damage|p2a: Victreebel|46/290\n|\n|-heal|p1a: Toxapex|45/100|[from] item: Leftovers\n|upkeep\n|turn|21\n|inactive|Time left: 300 sec this turn | 300 sec total\n|\n|t:|1783542579\n|switch|p1a: Scream Tail|Scream Tail, L84|100/100\n|move|p2a: Victreebel|Power Whip|p1a: Scream Tail\n|-damage|p1a: Scream Tail|47/100\n|-damage|p2a: Victreebel|17/290|[from] item: Life Orb\n|\n|-heal|p1a: Scream Tail|53/100|[from] item: Leftovers\n|upkeep\n|turn|22\n|inactive|Time left: 300 sec this turn | 300 sec total\n|\n|t:|1783542581\n|switch|p2a: Dodrio|Dodrio, L85, F|241/241\n|move|p1a: Scream Tail|Play Rough|p2a: Dodrio\n|-damage|p2a: Dodrio|160/241\n|\n|-heal|p1a: Scream Tail|59/100|[from] item: Leftovers\n|upkeep\n|turn|23\n|inactive|Time left: 300 sec this turn | 300 sec total\n|\n|t:|1783542582\n|move|p2a: Dodrio|Swords Dance|p2a: Dodrio\n|-boost|p2a: Dodrio|atk|2\n|move|p1a: Scream Tail|Play Rough|p2a: Dodrio\n|-damage|p2a: Dodrio|70/241\n|\n|-heal|p1a: Scream Tail|65/100|[from] item: Leftovers\n|upkeep\n|turn|24\n|inactive|Time left: 300 sec this turn | 300 sec total\n|\n|t:|1783542583\n|move|p1a: Scream Tail|Protect|p1a: Scream Tail\n|-singleturn|p1a: Scream Tail|Protect\n|move|p2a: Dodrio|Knock Off|p1a: Scream Tail\n|-activate|p1a: Scream Tail|move: Protect\n|\n|-heal|p1a: Scream Tail|71/100|[from] item: Leftovers\n|upkeep\n|turn|25\n|inactive|Time left: 300 sec this turn | 300 sec total\n|\n|t:|1783542584\n|move|p2a: Dodrio|Knock Off|p1a: Scream Tail\n|-damage|p1a: Scream Tail|24/100\n|-enditem|p1a: Scream Tail|Leftovers|[from] move: Knock Off|[of] p2a: Dodrio\n|move|p1a: Scream Tail|Play Rough|p2a: Dodrio\n|-damage|p2a: Dodrio|0 fnt\n|faint|p2a: Dodrio\n|\n|upkeep\n|inactive|Time left: 300 sec this turn | 300 sec total | 5 sec grace\n|\n|t:|1783542585\n|switch|p2a: Araquanid|Araquanid, L82, F|102/246\n|turn|26\n|inactive|Time left: 300 sec this turn | 300 sec total\n|\n|t:|1783542586\n|move|p1a: Scream Tail|Play Rough|p2a: Araquanid\n|-damage|p2a: Araquanid|30/246\n|move|p2a: Araquanid|Sticky Web|p1a: Scream Tail\n|-sidestart|p1: p0x257b663|move: Sticky Web\n|\n|upkeep\n|turn|27\n|inactive|Time left: 300 sec this turn | 300 sec total\n|\n|t:|1783542587\n|switch|p2a: Victreebel|Victreebel, L90, M|17/290\n|-sideend|p2: p0y257b52f|move: Toxic Spikes|[of] p2a: Victreebel\n|move|p1a: Scream Tail|Play Rough|p2a: Victreebel\n|-resisted|p2a: Victreebel\n|-damage|p2a: Victreebel|0 fnt\n|faint|p2a: Victreebel\n|\n|upkeep\n|inactive|Time left: 300 sec this turn | 300 sec total | 5 sec grace\n|\n|t:|1783542588\n|switch|p2a: Camerupt|Camerupt, L91, F|76/275\n|turn|28\n|inactive|Time left: 300 sec this turn | 300 sec total\n|\n|t:|1783542589\n|move|p1a: Scream Tail|Play Rough|p2a: Camerupt\n|-resisted|p2a: Camerupt\n|-damage|p2a: Camerupt|38/275\n|move|p2a: Camerupt|Stealth Rock|p1a: Scream Tail\n|-sidestart|p1: p0x257b663|move: Stealth Rock\n|\n|-heal|p2a: Camerupt|55/275|[from] item: Leftovers\n|upkeep\n|turn|29\n|inactive|Time left: 300 sec this turn | 300 sec total\n|\n|t:|1783542590\n|move|p1a: Scream Tail|Play Rough|p2a: Camerupt|[miss]\n|-miss|p1a: Scream Tail|p2a: Camerupt\n|move|p2a: Camerupt|Earthquake|p1a: Scream Tail\n|-damage|p1a: Scream Tail|0 fnt\n|faint|p1a: Scream Tail\n|-end|p1a: Scream Tail|Protosynthesis|[silent]\n|\n|-heal|p2a: Camerupt|72/275|[from] item: Leftovers\n|upkeep\n|\n|t:|1783542591\n|switch|p1a: Dachsbun|Dachsbun, L92, F|100/100\n|-activate|p1a: Dachsbun|move: Sticky Web\n|-unboost|p1a: Dachsbun|spe|1\n|-damage|p1a: Dachsbun|88/100|[from] Stealth Rock\n|turn|30\n|inactive|Time left: 300 sec this turn | 300 sec total\n|\n|t:|1783542592\n|move|p1a: Dachsbun|Play Rough|p2a: Camerupt\n|-resisted|p2a: Camerupt\n|-damage|p2a: Camerupt|20/275\n|move|p2a: Camerupt|Earthquake|p1a: Dachsbun\n|-damage|p1a: Dachsbun|51/100\n|\n|-heal|p1a: Dachsbun|57/100|[from] item: Leftovers\n|-heal|p2a: Camerupt|37/275|[from] item: Leftovers\n|upkeep\n|turn|31\n|inactive|Time left: 300 sec this turn | 300 sec total\n|\n|t:|1783542593\n|switch|p2a: Tropius|Tropius, L91, F|328/328\n|move|p1a: Dachsbun|Play Rough|p2a: Tropius\n|-damage|p2a: Tropius|241/328\n|\n|-heal|p1a: Dachsbun|63/100|[from] item: Leftovers\n|upkeep\n|turn|32\n|inactive|Time left: 300 sec this turn | 300 sec total\n|\n|t:|1783542595\n|move|p1a: Dachsbun|Wish|p1a: Dachsbun\n|move|p2a: Tropius|Leech Seed|p1a: Dachsbun\n|-start|p1a: Dachsbun|move: Leech Seed\n|\n|-heal|p1a: Dachsbun|69/100|[from] item: Leftovers\n|-damage|p1a: Dachsbun|57/100|[from] Leech Seed|[of] p2a: Tropius\n|-heal|p2a: Tropius|272/328|[silent]\n|upkeep\n|turn|33\n|inactive|Time left: 300 sec this turn | 300 sec total\n|\n|t:|1783542596\n|switch|p1a: Toxapex|Toxapex, L82, M|78/100\n|-activate|p1a: Toxapex|move: Sticky Web\n|-unboost|p1a: Toxapex|spe|1\n|-damage|p1a: Toxapex|66/100|[from] Stealth Rock\n|move|p2a: Tropius|Leech Seed|p1a: Toxapex\n|-start|p1a: Toxapex|move: Leech Seed\n|\n|-heal|p1a: Toxapex|100/100|[from] move: Wish|[wisher] Dachsbun\n|-damage|p1a: Toxapex|88/100|[from] Leech Seed|[of] p2a: Tropius\n|-heal|p2a: Tropius|299/328|[silent]\n|upkeep\n|turn|34\n|inactive|Time left: 300 sec this turn | 300 sec total\n|\n|t:|1783542596\n|switch|p1a: Dachsbun|Dachsbun, L92, F|57/100\n|-activate|p1a: Dachsbun|move: Sticky Web\n|-unboost|p1a: Dachsbun|spe|1\n|-damage|p1a: Dachsbun|45/100|[from] Stealth Rock\n|move|p2a: Tropius|Air Slash|p1a: Dachsbun|[miss]\n|-miss|p2a: Tropius|p1a: Dachsbun\n|\n|-heal|p1a: Dachsbun|50/100|[from] item: Leftovers\n|upkeep\n|turn|35\n|inactive|Time left: 300 sec this turn | 300 sec total\n|\n|t:|1783542597\n|move|p1a: Dachsbun|Wish|p1a: Dachsbun\n|move|p2a: Tropius|Leech Seed|p1a: Dachsbun\n|-start|p1a: Dachsbun|move: Leech Seed\n|\n|-heal|p1a: Dachsbun|56/100|[from] item: Leftovers\n|-damage|p1a: Dachsbun|44/100|[from] Leech Seed|[of] p2a: Tropius\n|-heal|p2a: Tropius|328/328|[silent]\n|upkeep\n|turn|36\n|inactive|Time left: 300 sec this turn | 300 sec total\n|\n|t:|1783542598\n|move|p1a: Dachsbun|Play Rough|p2a: Tropius\n|-damage|p2a: Tropius|238/328\n|move|p2a: Tropius|Air Slash|p1a: Dachsbun|[miss]\n|-miss|p2a: Tropius|p1a: Dachsbun\n|\n|-heal|p1a: Dachsbun|94/100|[from] move: Wish|[wisher] Dachsbun\n|-heal|p1a: Dachsbun|99/100|[from] item: Leftovers\n|-damage|p1a: Dachsbun|88/100|[from] Leech Seed|[of] p2a: Tropius\n|-heal|p2a: Tropius|269/328|[silent]\n|upkeep\n|turn|37\n|inactive|Time left: 300 sec this turn | 300 sec total\n|\n|t:|1783542600\n|switch|p1a: Toxapex|Toxapex, L82, M|100/100\n|-activate|p1a: Toxapex|move: Sticky Web\n|-unboost|p1a: Toxapex|spe|1\n|-damage|p1a: Toxapex|88/100|[from] Stealth Rock\n|move|p2a: Tropius|Leech Seed|p1a: Toxapex\n|-start|p1a: Toxapex|move: Leech Seed\n|\n|-heal|p1a: Toxapex|94/100|[from] item: Leftovers\n|-damage|p1a: Toxapex|82/100|[from] Leech Seed|[of] p2a: Tropius\n|-heal|p2a: Tropius|296/328|[silent]\n|upkeep\n|turn|38\n|inactive|Time left: 300 sec this turn | 300 sec total\n|\n|t:|1783542601\n|switch|p1a: Chansey|Chansey, L85, F|100/100\n|-activate|p1a: Chansey|move: Sticky Web\n|-unboost|p1a: Chansey|spe|1\n|-damage|p1a: Chansey|88/100|[from] Stealth Rock\n|move|p2a: Tropius|Air Slash|p1a: Chansey\n|-damage|p1a: Chansey|81/100\n|\n|upkeep\n|turn|39\n|inactive|Time left: 300 sec this turn | 300 sec total\n|\n|t:|1783542602\n|move|p2a: Tropius|Leech Seed|p1a: Chansey\n|-start|p1a: Chansey|move: Leech Seed\n|move|p1a: Chansey|Seismic Toss|p2a: Tropius\n|-damage|p2a: Tropius|211/328\n|\n|-damage|p1a: Chansey|69/100|[from] Leech Seed|[of] p2a: Tropius\n|-heal|p2a: Tropius|281/328|[silent]\n|upkeep\n|turn|40\n|inactive|Time left: 300 sec this turn | 300 sec total\n|\n|t:|1783542603\n|switch|p1a: Toxapex|Toxapex, L82, M|100/100\n|-activate|p1a: Toxapex|move: Sticky Web\n|-unboost|p1a: Toxapex|spe|1\n|-damage|p1a: Toxapex|88/100|[from] Stealth Rock\n|move|p2a: Tropius|Leech Seed|p1a: Toxapex\n|-start|p1a: Toxapex|move: Leech Seed\n|\n|-heal|p1a: Toxapex|94/100|[from] item: Leftovers\n|-damage|p1a: Toxapex|82/100|[from] Leech Seed|[of] p2a: Tropius\n|-heal|p2a: Tropius|308/328|[silent]\n|upkeep\n|turn|41\n|inactive|Time left: 300 sec this turn | 300 sec total\n|\n|t:|1783542604\n|switch|p1a: Chansey|Chansey, L85, F|69/100\n|-activate|p1a: Chansey|move: Sticky Web\n|-unboost|p1a: Chansey|spe|1\n|-damage|p1a: Chansey|56/100|[from] Stealth Rock\n|move|p2a: Tropius|Leech Seed|p1a: Chansey|[miss]\n|-miss|p2a: Tropius|p1a: Chansey\n|\n|upkeep\n|turn|42\n|inactive|Time left: 300 sec this turn | 300 sec total\n|\n|t:|1783542605\n|move|p2a: Tropius|Leech Seed|p1a: Chansey\n|-start|p1a: Chansey|move: Leech Seed\n|move|p1a: Chansey|Soft-Boiled|p1a: Chansey\n|-heal|p1a: Chansey|100/100\n|\n|-damage|p1a: Chansey|88/100|[from] Leech Seed|[of] p2a: Tropius\n|-heal|p2a: Tropius|328/328|[silent]\n|upkeep\n|turn|43\n|inactive|Time left: 300 sec this turn | 300 sec total\n|\n|t:|1783542606\n|switch|p1a: Toxapex|Toxapex, L82, M|100/100\n|-activate|p1a: Toxapex|move: Sticky Web\n|-unboost|p1a: Toxapex|spe|1\n|-damage|p1a: Toxapex|88/100|[from] Stealth Rock\n|move|p2a: Tropius|Leech Seed|p1a: Toxapex\n|-start|p1a: Toxapex|move: Leech Seed\n|\n|-heal|p1a: Toxapex|94/100|[from] item: Leftovers\n|-damage|p1a: Toxapex|82/100|[from] Leech Seed|[of] p2a: Tropius\n|upkeep\n|turn|44\n|inactive|Time left: 300 sec this turn | 300 sec total\n|\n|t:|1783542607\n|switch|p1a: Dachsbun|Dachsbun, L92, F|88/100\n|-activate|p1a: Dachsbun|move: Sticky Web\n|-unboost|p1a: Dachsbun|spe|1\n|-damage|p1a: Dachsbun|76/100|[from] Stealth Rock\n|move|p2a: Tropius|Substitute|p2a: Tropius\n|-start|p2a: Tropius|Substitute\n|-damage|p2a: Tropius|246/328\n|\n|-heal|p1a: Dachsbun|82/100|[from] item: Leftovers\n|upkeep\n|turn|45\n|inactive|Time left: 300 sec this turn | 300 sec total\n|\n|t:|1783542608\n|move|p1a: Dachsbun|Protect|p1a: Dachsbun\n|-singleturn|p1a: Dachsbun|Protect\n|move|p2a: Tropius|Leech Seed|p1a: Dachsbun\n|-activate|p1a: Dachsbun|move: Protect\n|\n|-heal|p1a: Dachsbun|88/100|[from] item: Leftovers\n|upkeep\n|turn|46\n|inactive|Time left: 300 sec this turn | 300 sec total\n|\n|t:|1783542609\n|move|p1a: Dachsbun|Play Rough|p2a: Tropius\n|-end|p2a: Tropius|Substitute\n|move|p2a: Tropius|Leech Seed|p1a: Dachsbun\n|-start|p1a: Dachsbun|move: Leech Seed\n|\n|-heal|p1a: Dachsbun|93/100|[from] item: Leftovers\n|-damage|p1a: Dachsbun|81/100|[from] Leech Seed|[of] p2a: Tropius\n|-heal|p2a: Tropius|277/328|[silent]\n|upkeep\n|turn|47\n|inactive|Time left: 300 sec this turn | 300 sec total\n|\n|t:|1783542610\n|switch|p1a: Toxapex|Toxapex, L82, M|100/100\n|-activate|p1a: Toxapex|move: Sticky Web\n|-unboost|p1a: Toxapex|spe|1\n|-damage|p1a: Toxapex|88/100|[from] Stealth Rock\n|move|p2a: Tropius|Leech Seed|p1a: Toxapex\n|-start|p1a: Toxapex|move: Leech Seed\n|\n|-heal|p1a: Toxapex|94/100|[from] item: Leftovers\n|-damage|p1a: Toxapex|82/100|[from] Leech Seed|[of] p2a: Tropius\n|-heal|p2a: Tropius|304/328|[silent]\n|upkeep\n|turn|48\n|inactive|Time left: 300 sec this turn | 300 sec total\n|\n|t:|1783542611\n|switch|p1a: Chansey|Chansey, L85, F|88/100\n|-activate|p1a: Chansey|move: Sticky Web\n|-unboost|p1a: Chansey|spe|1\n|-damage|p1a: Chansey|76/100|[from] Stealth Rock\n|move|p2a: Tropius|Air Slash|p1a: Chansey\n|-damage|p1a: Chansey|68/100\n|\n|upkeep\n|turn|49\n|inactive|Time left: 300 sec this turn | 300 sec total\n|\n|t:|1783542612\n|move|p2a: Tropius|Leech Seed|p1a: Chansey\n|-start|p1a: Chansey|move: Leech Seed\n|move|p1a: Chansey|Soft-Boiled|p1a: Chansey\n|-heal|p1a: Chansey|100/100\n|\n|-damage|p1a: Chansey|88/100|[from] Leech Seed|[of] p2a: Tropius\n|-heal|p2a: Tropius|328/328|[silent]\n|upkeep\n|turn|50\n|inactive|Time left: 300 sec this turn | 300 sec total\n|\n|t:|1783542613\n|switch|p1a: Toxapex|Toxapex, L82, M|100/100\n|-activate|p1a: Toxapex|move: Sticky Web\n|-unboost|p1a: Toxapex|spe|1\n|-damage|p1a: Toxapex|88/100|[from] Stealth Rock\n|move|p2a: Tropius|Leech Seed|p1a: Toxapex\n|-start|p1a: Toxapex|move: Leech Seed\n|\n|-heal|p1a: Toxapex|94/100|[from] item: Leftovers\n|-damage|p1a: Toxapex|82/100|[from] Leech Seed|[of] p2a: Tropius\n|upkeep\n|turn|51\n|inactive|Time left: 300 sec this turn | 300 sec total\n|\n|t:|1783542614\n|switch|p1a: Dachsbun|Dachsbun, L92, F|81/100\n|-activate|p1a: Dachsbun|move: Sticky Web\n|-unboost|p1a: Dachsbun|spe|1\n|-damage|p1a: Dachsbun|69/100|[from] Stealth Rock\n|move|p2a: Tropius|Substitute|p2a: Tropius\n|-start|p2a: Tropius|Substitute\n|-damage|p2a: Tropius|246/328\n|\n|-heal|p1a: Dachsbun|75/100|[from] item: Leftovers\n|upkeep\n|turn|52\n|inactive|Time left: 300 sec this turn | 300 sec total\n|\n|t:|1783542615\n|move|p1a: Dachsbun|Wish|p1a: Dachsbun\n|move|p2a: Tropius|Leech Seed|p1a: Dachsbun\n|-start|p1a: Dachsbun|move: Leech Seed\n|\n|-heal|p1a: Dachsbun|81/100|[from] item: Leftovers\n|-damage|p1a: Dachsbun|69/100|[from] Leech Seed|[of] p2a: Tropius\n|-heal|p2a: Tropius|277/328|[silent]\n|upkeep\n|turn|53\n|inactive|Time left: 300 sec this turn | 300 sec total\n|\n|t:|1783542616\n|move|p1a: Dachsbun|Play Rough|p2a: Tropius\n|-end|p2a: Tropius|Substitute\n|move|p2a: Tropius|Leech Seed||[still]\n|-fail|p2a: Tropius\n|\n|-heal|p1a: Dachsbun|100/100|[from] move: Wish|[wisher] Dachsbun\n|-damage|p1a: Dachsbun|88/100|[from] Leech Seed|[of] p2a: Tropius\n|-heal|p2a: Tropius|308/328|[silent]\n|upkeep\n|turn|54\n|inactive|Time left: 300 sec this turn | 300 sec total\n|\n|t:|1783542618\n|switch|p1a: Chansey|Chansey, L85, F|88/100\n|-activate|p1a: Chansey|move: Sticky Web\n|-unboost|p1a: Chansey|spe|1\n|-damage|p1a: Chansey|76/100|[from] Stealth Rock\n|move|p2a: Tropius|Air Slash|p1a: Chansey\n|-damage|p1a: Chansey|68/100\n|\n|upkeep\n|turn|55\n|inactive|Time left: 300 sec this turn | 300 sec total\n|\n|t:|1783542619\n|move|p2a: Tropius|Air Slash|p1a: Chansey\n|-damage|p1a: Chansey|59/100\n|move|p1a: Chansey|Seismic Toss|p2a: Tropius\n|-damage|p2a: Tropius|223/328\n|\n|upkeep\n|turn|56\n|inactive|Time left: 300 sec this turn | 300 sec total\n|\n|t:|1783542620\n|move|p2a: Tropius|Air Slash|p1a: Chansey\n|-crit|p1a: Chansey\n|-damage|p1a: Chansey|49/100\n|cant|p1a: Chansey|flinch\n|\n|upkeep\n|turn|57\n|inactive|Time left: 300 sec this turn | 300 sec total\n|\n|t:|1783542621\n|move|p2a: Tropius|Air Slash|p1a: Chansey\n|-damage|p1a: Chansey|41/100\n|move|p1a: Chansey|Soft-Boiled|p1a: Chansey\n|-heal|p1a: Chansey|91/100\n|\n|upkeep\n|turn|58\n|inactive|Time left: 300 sec this turn | 300 sec total\n|\n|t:|1783542622\n|move|p2a: Tropius|Air Slash|p1a: Chansey\n|-damage|p1a: Chansey|83/100\n|move|p1a: Chansey|Seismic Toss|p2a: Tropius\n|-damage|p2a: Tropius|138/328\n|-enditem|p2a: Tropius|Sitrus Berry|[eat]\n|-heal|p2a: Tropius|220/328|[from] item: Sitrus Berry\n|\n|-item|p2a: Tropius|Sitrus Berry|[from] ability: Harvest\n|upkeep\n|turn|59\n|inactive|Time left: 300 sec this turn | 300 sec total\n|\n|t:|1783542624\n|move|p2a: Tropius|Substitute|p2a: Tropius\n|-start|p2a: Tropius|Substitute\n|-damage|p2a: Tropius|138/328\n|-enditem|p2a: Tropius|Sitrus Berry|[eat]\n|-heal|p2a: Tropius|220/328|[from] item: Sitrus Berry\n|move|p1a: Chansey|Seismic Toss|p2a: Tropius\n|-end|p2a: Tropius|Substitute\n|\n|-item|p2a: Tropius|Sitrus Berry|[from] ability: Harvest\n|upkeep\n|turn|60\n|inactive|Time left: 300 sec this turn | 300 sec total\n|\n|t:|1783542625\n|move|p2a: Tropius|Substitute|p2a: Tropius\n|-start|p2a: Tropius|Substitute\n|-damage|p2a: Tropius|138/328\n|-enditem|p2a: Tropius|Sitrus Berry|[eat]\n|-heal|p2a: Tropius|220/328|[from] item: Sitrus Berry\n|move|p1a: Chansey|Seismic Toss|p2a: Tropius\n|-end|p2a: Tropius|Substitute\n|\n|upkeep\n|turn|61\n|inactive|Time left: 300 sec this turn | 300 sec total\n|\n|t:|1783542626\n|move|p2a: Tropius|Air Slash|p1a: Chansey\n|-damage|p1a: Chansey|75/100\n|move|p1a: Chansey|Seismic Toss|p2a: Tropius\n|-damage|p2a: Tropius|135/328\n|\n|-item|p2a: Tropius|Sitrus Berry|[from] ability: Harvest\n|upkeep\n|-enditem|p2a: Tropius|Sitrus Berry|[eat]\n|-heal|p2a: Tropius|217/328|[from] item: Sitrus Berry\n|turn|62\n|inactive|Time left: 300 sec this turn | 300 sec total\n|\n|t:|1783542627\n|move|p2a: Tropius|Air Slash|p1a: Chansey\n|-damage|p1a: Chansey|67/100\n|move|p1a: Chansey|Seismic Toss|p2a: Tropius\n|-damage|p2a: Tropius|132/328\n|\n|upkeep\n|turn|63\n|inactive|Time left: 300 sec this turn | 300 sec total\n|\n|t:|1783542628\n|move|p2a: Tropius|Air Slash|p1a: Chansey\n|-damage|p1a: Chansey|59/100\n|cant|p1a: Chansey|flinch\n|\n|-item|p2a: Tropius|Sitrus Berry|[from] ability: Harvest\n|upkeep\n|-enditem|p2a: Tropius|Sitrus Berry|[eat]\n|-heal|p2a: Tropius|214/328|[from] item: Sitrus Berry\n|turn|64\n|inactive|Time left: 300 sec this turn | 300 sec total\n|\n|t:|1783542629\n|move|p2a: Tropius|Air Slash|p1a: Chansey\n|-damage|p1a: Chansey|51/100\n|move|p1a: Chansey|Seismic Toss|p2a: Tropius\n|-damage|p2a: Tropius|129/328\n|\n|upkeep\n|turn|65\n|inactive|Time left: 300 sec this turn | 300 sec total\n|\n|t:|1783542630\n|switch|p2a: Camerupt|Camerupt, L91, F|37/275\n|move|p1a: Chansey|Seismic Toss|p2a: Camerupt\n|-damage|p2a: Camerupt|0 fnt\n|faint|p2a: Camerupt\n|\n|upkeep\n|inactive|Time left: 300 sec this turn | 300 sec total | 5 sec grace\n|\n|t:|1783542631\n|switch|p2a: Araquanid|Araquanid, L82, F|30/246\n|turn|66\n|inactive|Time left: 300 sec this turn | 300 sec total\n|\n|t:|1783542632\n|switch|p1a: Toxapex|Toxapex, L82, M|100/100\n|-activate|p1a: Toxapex|move: Sticky Web\n|-unboost|p1a: Toxapex|spe|1\n|-damage|p1a: Toxapex|88/100|[from] Stealth Rock\n|move|p2a: Araquanid|Liquidation|p1a: Toxapex\n|-resisted|p1a: Toxapex\n|-damage|p1a: Toxapex|69/100\n|\n|-heal|p1a: Toxapex|75/100|[from] item: Leftovers\n|upkeep\n|turn|67\n|inactive|Time left: 300 sec this turn | 300 sec total\n|\n|t:|1783542634\n|move|p2a: Araquanid|Leech Life|p1a: Toxapex\n|-resisted|p1a: Toxapex\n|-damage|p1a: Toxapex|66/100\n|-heal|p2a: Araquanid|40/246|[from] drain|[of] p1a: Toxapex\n|move|p1a: Toxapex|Liquidation|p2a: Araquanid\n|-resisted|p2a: Araquanid\n|-damage|p2a: Araquanid|8/246\n|\n|-heal|p1a: Toxapex|72/100|[from] item: Leftovers\n|upkeep\n|turn|68\n|inactive|Time left: 300 sec this turn | 300 sec total\n|\n|t:|1783542635\n|move|p2a: Araquanid|Liquidation|p1a: Toxapex\n|-resisted|p1a: Toxapex\n|-damage|p1a: Toxapex|50/100\n|move|p1a: Toxapex|Liquidation|p2a: Araquanid\n|-resisted|p2a: Araquanid\n|-damage|p2a: Araquanid|0 fnt\n|faint|p2a: Araquanid\n|\n|-heal|p1a: Toxapex|56/100|[from] item: Leftovers\n|upkeep\n|inactive|Time left: 300 sec this turn | 300 sec total | 5 sec grace\n|\n|t:|1783542636\n|switch|p2a: Tropius|Tropius, L91, F|129/328\n|turn|69\n|inactive|Time left: 300 sec this turn | 300 sec total\n|\n|t:|1783542637\n|switch|p1a: Chansey|Chansey, L85, F|51/100\n|-activate|p1a: Chansey|move: Sticky Web\n|-unboost|p1a: Chansey|spe|1\n|-damage|p1a: Chansey|39/100|[from] Stealth Rock\n|move|p2a: Tropius|Air Slash|p1a: Chansey\n|-damage|p1a: Chansey|32/100\n|\n|-item|p2a: Tropius|Sitrus Berry|[from] ability: Harvest\n|upkeep\n|-enditem|p2a: Tropius|Sitrus Berry|[eat]\n|-heal|p2a: Tropius|211/328|[from] item: Sitrus Berry\n|turn|70\n|inactive|Time left: 300 sec this turn | 300 sec total\n|\n|t:|1783542638\n|move|p2a: Tropius|Air Slash|p1a: Chansey\n|-damage|p1a: Chansey|24/100\n|move|p1a: Chansey|Seismic Toss|p2a: Tropius\n|-damage|p2a: Tropius|126/328\n|\n|upkeep\n|turn|71\n|inactive|Time left: 300 sec this turn | 300 sec total\n|\n|t:|1783542639\n|move|p2a: Tropius|Air Slash|p1a: Chansey\n|-damage|p1a: Chansey|16/100\n|move|p1a: Chansey|Seismic Toss|p2a: Tropius\n|-damage|p2a: Tropius|41/328\n|\n|-item|p2a: Tropius|Sitrus Berry|[from] ability: Harvest\n|upkeep\n|-enditem|p2a: Tropius|Sitrus Berry|[eat]\n|-heal|p2a: Tropius|123/328|[from] item: Sitrus Berry\n|turn|72\n|inactive|Time left: 300 sec this turn | 300 sec total\n|\n|t:|1783542640\n|move|p2a: Tropius|Air Slash|p1a: Chansey\n|-damage|p1a: Chansey|7/100\n|move|p1a: Chansey|Soft-Boiled|p1a: Chansey\n|-heal|p1a: Chansey|57/100\n|\n|upkeep\n|turn|73\n|inactive|Time left: 300 sec this turn | 300 sec total\n|\n|t:|1783542641\n|move|p2a: Tropius|Air Slash|p1a: Chansey\n|-damage|p1a: Chansey|49/100\n|move|p1a: Chansey|Seismic Toss|p2a: Tropius\n|-damage|p2a: Tropius|38/328\n|\n|upkeep\n|turn|74\n|inactive|Time left: 300 sec this turn | 300 sec total\n|\n|t:|1783542642\n|-terastallize|p2a: Tropius|Steel\n|-terastallize|p1a: Chansey|Ghost\n|move|p2a: Tropius|Air Slash|p1a: Chansey\n|-damage|p1a: Chansey|42/100\n|cant|p1a: Chansey|flinch\n|\n|upkeep\n|turn|75\n|inactive|Time left: 300 sec this turn | 300 sec total\n|\n|t:|1783542643\n|move|p2a: Tropius|Air Slash|p1a: Chansey\n|-damage|p1a: Chansey|34/100\n|cant|p1a: Chansey|flinch\n|\n|-item|p2a: Tropius|Sitrus Berry|[from] ability: Harvest\n|upkeep\n|-enditem|p2a: Tropius|Sitrus Berry|[eat]\n|-heal|p2a: Tropius|120/328|[from] item: Sitrus Berry\n|turn|76\n|inactive|Time left: 300 sec this turn | 300 sec total\n|\n|t:|1783542644\n|move|p2a: Tropius|Air Slash|p1a: Chansey\n|-damage|p1a: Chansey|26/100\n|move|p1a: Chansey|Seismic Toss|p2a: Tropius\n|-damage|p2a: Tropius|35/328\n|\n|upkeep\n|turn|77\n|inactive|Time left: 300 sec this turn | 300 sec total\n|\n|t:|1783542645\n|move|p2a: Tropius|Air Slash|p1a: Chansey\n|-damage|p1a: Chansey|18/100\n|move|p1a: Chansey|Seismic Toss|p2a: Tropius\n|-damage|p2a: Tropius|0 fnt\n|faint|p2a: Tropius\n|\n|win|p0x257b663", "uploadtime": 1783542645, "views": 0, "rating": 0, "private": 0, "password": null, "_winner": "p0x257b663", "_our_name": "p0y257b52f"}