{"id": "battle-gen9randombattle-2332", "formatid": "gen9randombattle", "format": "[Gen 9] Random Battle", "players": ["p0x2332d631", "p0y233296a1"], "log": "|init|battle\n|title|p0x2332d631 vs. p0y233296a1\n|j|\u2606p0x2332d631\n|j|\u2606p0y233296a1\n|t:|1783566072\n|gametype|singles\n|player|p1|p0x2332d631|2|\n|player|p2|p0y233296a1|170|\n|gen|9\n|tier|[Gen 9] Random Battle\n|rule|Species Clause: Limit one of each Pok\u00e9mon\n|rule|HP Percentage Mod: HP is shown in percentages\n|rule|Sleep Clause Mod: Limit one foe put to sleep\n|rule|Illusion Level Mod: Illusion disguises the Pok\u00e9mon's true level\n|\n|t:|1783566072\n|teamsize|p1|6\n|teamsize|p2|6\n|start\n|switch|p1a: Sandaconda|Sandaconda, L84, M|100/100\n|switch|p2a: Chandelure|Chandelure, L83, F|235/235\n|turn|1\n|inactive|Battle timer is ON: inactive players will automatically lose when time's up. (requested by p0y233296a1)\n|inactive|p0x2332d631 also wants the timer to be on.\n|\n|t:|1783566074\n|move|p2a: Chandelure|Energy Ball|p1a: Sandaconda\n|-supereffective|p1a: Sandaconda\n|-damage|p1a: Sandaconda|25/100\n|move|p1a: Sandaconda|Earthquake|p2a: Chandelure\n|-supereffective|p2a: Chandelure\n|-damage|p2a: Chandelure|23/235\n|\n|upkeep\n|turn|2\n|inactive|Time left: 300 sec this turn | 300 sec total\n|\n|t:|1783566076\n|switch|p1a: Espathra|Espathra, L80, F|100/100\n|move|p2a: Chandelure|Shadow Ball|p1a: Espathra\n|-supereffective|p1a: Espathra\n|-damage|p1a: Espathra|0 fnt\n|faint|p1a: Espathra\n|\n|upkeep\n|\n|t:|1783566077\n|switch|p1a: Kyogre|Kyogre, L71|100/100\n|-weather|RainDance|[from] ability: Drizzle|[of] p1a: Kyogre\n|turn|3\n|inactive|Time left: 300 sec this turn | 300 sec total\n|\n|t:|1783566078\n|move|p1a: Kyogre|Water Spout|p2a: Chandelure\n|-supereffective|p2a: Chandelure\n|-damage|p2a: Chandelure|0 fnt\n|faint|p2a: Chandelure\n|\n|-weather|RainDance|[upkeep]\n|upkeep\n|inactive|Time left: 300 sec this turn | 300 sec total | 5 sec grace\n|\n|t:|1783566078\n|switch|p2a: Serperior|Serperior, L79, M|248/248\n|turn|4\n|inactive|Time left: 300 sec this turn | 300 sec total\n|\n|t:|1783566080\n|move|p1a: Kyogre|Water Spout|p2a: Serperior\n|-resisted|p2a: Serperior\n|-damage|p2a: Serperior|125/248\n|move|p2a: Serperior|Leaf Storm|p1a: Kyogre\n|-supereffective|p1a: Kyogre\n|-damage|p1a: Kyogre|40/100\n|-boost|p2a: Serperior|spa|2\n|\n|-weather|RainDance|[upkeep]\n|-heal|p2a: Serperior|140/248|[from] item: Leftovers\n|upkeep\n|turn|5\n|inactive|Time left: 300 sec this turn | 300 sec total\n|\n|t:|1783566080\n|switch|p1a: Noivern|Noivern, L82, M|100/100\n|move|p2a: Serperior|Leaf Storm|p1a: Noivern|[miss]\n|-miss|p2a: Serperior|p1a: Noivern\n|\n|-weather|RainDance|[upkeep]\n|-heal|p2a: Serperior|155/248|[from] item: Leftovers\n|upkeep\n|turn|6\n|inactive|Time left: 300 sec this turn | 300 sec total\n|\n|t:|1783566081\n|switch|p2a: Oranguru|Oranguru, L92, F|315/315\n|move|p1a: Noivern|Hurricane|p2a: Oranguru\n|-damage|p2a: Oranguru|224/315\n|\n|-weather|RainDance|[upkeep]\n|upkeep\n|turn|7\n|inactive|Time left: 300 sec this turn | 300 sec total\n|\n|t:|1783566083\n|move|p1a: Noivern|Hurricane|p2a: Oranguru\n|-damage|p2a: Oranguru|136/315\n|move|p2a: Oranguru|Nasty Plot|p2a: Oranguru\n|-boost|p2a: Oranguru|spa|2\n|\n|-weather|none\n|upkeep\n|turn|8\n|inactive|Time left: 300 sec this turn | 300 sec total\n|\n|t:|1783566084\n|switch|p1a: Quagsire|Quagsire, L84, M|100/100\n|move|p2a: Oranguru|Hyper Voice|p1a: Quagsire\n|-damage|p1a: Quagsire|44/100\n|-damage|p2a: Oranguru|105/315|[from] item: Life Orb\n|\n|-heal|p1a: Quagsire|50/100|[from] item: Leftovers\n|upkeep\n|turn|9\n|inactive|Time left: 300 sec this turn | 300 sec total\n|\n|t:|1783566085\n|switch|p1a: Sandaconda|Sandaconda, L84, M|25/100\n|move|p2a: Oranguru|Hyper Voice|p1a: Sandaconda\n|-damage|p1a: Sandaconda|0 fnt\n|faint|p1a: Sandaconda\n|-damage|p2a: Oranguru|74/315|[from] item: Life Orb\n|\n|upkeep\n|\n|t:|1783566086\n|switch|p1a: Kyogre|Kyogre, L71|40/100\n|-weather|RainDance|[from] ability: Drizzle|[of] p1a: Kyogre\n|turn|10\n|inactive|Time left: 300 sec this turn | 300 sec total\n|\n|t:|1783566087\n|move|p1a: Kyogre|Origin Pulse|p2a: Oranguru\n|-damage|p2a: Oranguru|0 fnt\n|faint|p2a: Oranguru\n|\n|-weather|RainDance|[upkeep]\n|upkeep\n|inactive|Time left: 300 sec this turn | 300 sec total | 5 sec grace\n|\n|t:|1783566088\n|switch|p2a: Serperior|Serperior, L79, M|155/248\n|turn|11\n|inactive|Time left: 300 sec this turn | 300 sec total\n|\n|t:|1783566089\n|move|p1a: Kyogre|Origin Pulse|p2a: Serperior|[miss]\n|-miss|p1a: Kyogre|p2a: Serperior\n|move|p2a: Serperior|Leaf Storm|p1a: Kyogre\n|-supereffective|p1a: Kyogre\n|-damage|p1a: Kyogre|0 fnt\n|-boost|p2a: Serperior|spa|2\n|faint|p1a: Kyogre\n|\n|-weather|RainDance|[upkeep]\n|-heal|p2a: Serperior|170/248|[from] item: Leftovers\n|upkeep\n|\n|t:|1783566090\n|switch|p1a: Noivern|Noivern, L82, M|100/100\n|turn|12\n|inactive|Time left: 300 sec this turn | 300 sec total\n|\n|t:|1783566091\n|-terastallize|p2a: Serperior|Dragon\n|move|p1a: Noivern|Hurricane|p2a: Serperior\n|-damage|p2a: Serperior|55/248\n|move|p2a: Serperior|Dragon Pulse|p1a: Noivern\n|-supereffective|p1a: Noivern\n|-damage|p1a: Noivern|1/100\n|\n|-weather|RainDance|[upkeep]\n|-heal|p2a: Serperior|70/248|[from] item: Leftovers\n|upkeep\n|turn|13\n|inactive|Time left: 300 sec this turn | 300 sec total\n|\n|t:|1783566092\n|move|p1a: Noivern|Hurricane|p2a: Serperior\n|-damage|p2a: Serperior|0 fnt\n|faint|p2a: Serperior\n|\n|-weather|RainDance|[upkeep]\n|upkeep\n|inactive|Time left: 300 sec this turn | 300 sec total | 5 sec grace\n|\n|t:|1783566093\n|switch|p2a: Infernape|Infernape, L82, F|259/259\n|turn|14\n|inactive|Time left: 300 sec this turn | 300 sec total\n|\n|t:|1783566094\n|move|p2a: Infernape|U-turn|p1a: Noivern\n|-resisted|p1a: Noivern\n|-damage|p1a: Noivern|0 fnt\n|faint|p1a: Noivern\n|inactive|Time left: 300 sec this turn | 300 sec total | 5 sec grace\n|\n|t:|1783566094\n|switch|p2a: Maushold|Maushold, L76|238/238|[from] U-turn\n|\n|-weather|none\n|upkeep\n|\n|t:|1783566095\n|switch|p1a: Snorlax|Snorlax, L82, F|100/100\n|turn|15\n|inactive|Time left: 300 sec this turn | 300 sec total\n|\n|t:|1783566096\n|move|p2a: Maushold|Population Bomb|p1a: Snorlax\n|-damage|p1a: Snorlax|93/100\n|-damage|p1a: Snorlax|86/100\n|-damage|p1a: Snorlax|79/100\n|-damage|p1a: Snorlax|72/100\n|-damage|p1a: Snorlax|65/100\n|-damage|p1a: Snorlax|58/100\n|-damage|p1a: Snorlax|50/100\n|-damage|p1a: Snorlax|44/100\n|-damage|p1a: Snorlax|36/100\n|-damage|p1a: Snorlax|28/100\n|-hitcount|p1a: Snorlax|10\n|move|p1a: Snorlax|Body Slam|p2a: Maushold\n|-damage|p2a: Maushold|114/238\n|\n|-heal|p1a: Snorlax|34/100|[from] item: Leftovers\n|upkeep\n|turn|16\n|inactive|Time left: 300 sec this turn | 300 sec total\n|\n|t:|1783566097\n|move|p2a: Maushold|Population Bomb|p1a: Snorlax\n|-damage|p1a: Snorlax|27/100\n|-damage|p1a: Snorlax|20/100\n|-damage|p1a: Snorlax|13/100\n|-damage|p1a: Snorlax|6/100\n|-damage|p1a: Snorlax|0 fnt\n|faint|p1a: Snorlax\n|-hitcount|p1: Snorlax|5\n|\n|upkeep\n|\n|t:|1783566098\n|switch|p1a: Quagsire|Quagsire, L84, M|50/100\n|turn|17\n|inactive|Time left: 300 sec this turn | 300 sec total\n|\n|t:|1783566099\n|-terastallize|p1a: Quagsire|Fairy\n|move|p2a: Maushold|Population Bomb|p1a: Quagsire\n|-damage|p1a: Quagsire|41/100\n|-damage|p1a: Quagsire|33/100\n|-damage|p1a: Quagsire|24/100\n|-damage|p1a: Quagsire|17/100\n|-damage|p1a: Quagsire|10/100\n|-damage|p1a: Quagsire|1/100\n|-damage|p1a: Quagsire|0 fnt\n|faint|p1a: Quagsire\n|-hitcount|p1: Quagsire|7\n|\n|win|p0y233296a1", "uploadtime": 1783566099, "views": 0, "rating": 0, "private": 0, "password": null, "_winner": "p0y233296a1", "_our_name": "p0y233296a1"}