{"id": "battle-gen9randombattle-2901", "formatid": "gen9randombattle", "format": "[Gen 9] Random Battle", "players": ["p0x2901bfc7", "p0y29012c32"], "log": "|init|battle\n|title|p0x2901bfc7 vs. p0y29012c32\n|j|\u2606p0x2901bfc7\n|j|\u2606p0y29012c32\n|t:|1783573405\n|gametype|singles\n|player|p1|p0x2901bfc7|2|\n|player|p2|p0y29012c32|266|\n|gen|9\n|tier|[Gen 9] Random Battle\n|rule|Species Clause: Limit one of each Pok\u00e9mon\n|rule|HP Percentage Mod: HP is shown in percentages\n|rule|Sleep Clause Mod: Limit one foe put to sleep\n|rule|Illusion Level Mod: Illusion disguises the Pok\u00e9mon's true level\n|\n|t:|1783573405\n|teamsize|p1|6\n|teamsize|p2|6\n|start\n|switch|p1a: Ceruledge|Ceruledge, L78, M|100/100\n|switch|p2a: Leafeon|Leafeon, L88, M|258/258\n|turn|1\n|inactive|Battle timer is ON: inactive players will automatically lose when time's up. (requested by p0x2901bfc7)\n|inactive|Time left: 300 sec this turn | 300 sec total | 60 sec grace\n|inactive|p0y29012c32 also wants the timer to be on.\n|\n|t:|1783573407\n|-terastallize|p2a: Leafeon|Dark\n|-terastallize|p1a: Ceruledge|Fire\n|move|p2a: Leafeon|Knock Off|p1a: Ceruledge\n|-damage|p1a: Ceruledge|44/100\n|-ability|p1a: Ceruledge|Weak Armor|boost\n|-unboost|p1a: Ceruledge|def|1\n|-boost|p1a: Ceruledge|spe|2\n|-enditem|p1a: Ceruledge|Heavy-Duty Boots|[from] move: Knock Off|[of] p2a: Leafeon\n|move|p1a: Ceruledge|Bitter Blade|p2a: Leafeon\n|-damage|p2a: Leafeon|160/258\n|-heal|p1a: Ceruledge|64/100|[from] drain|[of] p2a: Leafeon\n|\n|-heal|p2a: Leafeon|176/258|[from] item: Leftovers\n|upkeep\n|turn|2\n|inactive|Time left: 300 sec this turn | 300 sec total\n|\n|t:|1783573408\n|move|p1a: Ceruledge|Bitter Blade|p2a: Leafeon\n|-damage|p2a: Leafeon|74/258\n|-heal|p1a: Ceruledge|85/100|[from] drain|[of] p2a: Leafeon\n|move|p2a: Leafeon|Knock Off|p1a: Ceruledge\n|-damage|p1a: Ceruledge|23/100\n|-ability|p1a: Ceruledge|Weak Armor|boost\n|-unboost|p1a: Ceruledge|def|1\n|-boost|p1a: Ceruledge|spe|2\n|\n|-heal|p2a: Leafeon|90/258|[from] item: Leftovers\n|upkeep\n|turn|3\n|inactive|Time left: 300 sec this turn | 300 sec total\n|\n|t:|1783573409\n|switch|p2a: Sandaconda|Sandaconda, L84, F|258/258\n|move|p1a: Ceruledge|Bitter Blade|p2a: Sandaconda\n|-damage|p2a: Sandaconda|148/258\n|-heal|p1a: Ceruledge|45/100|[from] drain|[of] p2a: Sandaconda\n|\n|-heal|p2a: Sandaconda|164/258|[from] item: Leftovers\n|upkeep\n|turn|4\n|inactive|Time left: 300 sec this turn | 300 sec total\n|\n|t:|1783573410\n|move|p1a: Ceruledge|Bitter Blade|p2a: Sandaconda\n|-damage|p2a: Sandaconda|60/258\n|-heal|p1a: Ceruledge|67/100|[from] drain|[of] p2a: Sandaconda\n|move|p2a: Sandaconda|Earthquake|p1a: Ceruledge\n|-supereffective|p1a: Ceruledge\n|-damage|p1a: Ceruledge|0 fnt\n|faint|p1a: Ceruledge\n|\n|-heal|p2a: Sandaconda|76/258|[from] item: Leftovers\n|upkeep\n|\n|t:|1783573411\n|switch|p1a: Rotom|Rotom-Fan, L86|100/100\n|turn|5\n|inactive|Time left: 300 sec this turn | 300 sec total\n|\n|t:|1783573412\n|switch|p2a: Necrozma|Necrozma-Dawn-Wings, L76|272/272\n|move|p1a: Rotom|Air Slash|p2a: Necrozma\n|-damage|p2a: Necrozma|202/272\n|\n|-heal|p2a: Necrozma|219/272|[from] item: Leftovers\n|upkeep\n|turn|6\n|inactive|Time left: 300 sec this turn | 300 sec total\n|\n|t:|1783573413\n|move|p1a: Rotom|Air Slash|p2a: Necrozma\n|-damage|p2a: Necrozma|147/272\n|move|p2a: Necrozma|Calm Mind|p2a: Necrozma\n|-boost|p2a: Necrozma|spa|1\n|-boost|p2a: Necrozma|spd|1\n|\n|-heal|p2a: Necrozma|164/272|[from] item: Leftovers\n|upkeep\n|turn|7\n|inactive|Time left: 300 sec this turn | 300 sec total\n|\n|t:|1783573414\n|move|p1a: Rotom|Thunder Wave|p2a: Necrozma|[miss]\n|-miss|p1a: Rotom|p2a: Necrozma\n|move|p2a: Necrozma|Moongeist Beam|p1a: Rotom\n|-damage|p1a: Rotom|28/100\n|\n|-heal|p2a: Necrozma|181/272|[from] item: Leftovers\n|upkeep\n|turn|8\n|inactive|Time left: 300 sec this turn | 300 sec total\n|\n|t:|1783573415\n|move|p1a: Rotom|Thunder Wave|p2a: Necrozma\n|-status|p2a: Necrozma|par\n|cant|p2a: Necrozma|par\n|\n|-heal|p2a: Necrozma|198/272 par|[from] item: Leftovers\n|upkeep\n|turn|9\n|inactive|Time left: 300 sec this turn | 300 sec total\n|\n|t:|1783573416\n|move|p1a: Rotom|Air Slash|p2a: Necrozma\n|-damage|p2a: Necrozma|150/272 par\n|move|p2a: Necrozma|Moongeist Beam|p1a: Rotom\n|-damage|p1a: Rotom|0 fnt\n|faint|p1a: Rotom\n|\n|-heal|p2a: Necrozma|167/272 par|[from] item: Leftovers\n|upkeep\n|\n|t:|1783573417\n|switch|p1a: Piloswine|Piloswine, L85, M|100/100\n|turn|10\n|inactive|Time left: 300 sec this turn | 300 sec total\n|\n|t:|1783573418\n|move|p1a: Piloswine|Earthquake|p2a: Necrozma\n|-damage|p2a: Necrozma|68/272 par\n|move|p2a: Necrozma|Moonlight|p2a: Necrozma\n|-heal|p2a: Necrozma|204/272 par\n|\n|-heal|p2a: Necrozma|221/272 par|[from] item: Leftovers\n|upkeep\n|turn|11\n|inactive|Time left: 300 sec this turn | 300 sec total\n|\n|t:|1783573419\n|move|p1a: Piloswine|Icicle Crash|p2a: Necrozma|[miss]\n|-miss|p1a: Piloswine|p2a: Necrozma\n|move|p2a: Necrozma|Photon Geyser|p1a: Piloswine\n|-damage|p1a: Piloswine|44/100\n|\n|-heal|p2a: Necrozma|238/272 par|[from] item: Leftovers\n|upkeep\n|turn|12\n|inactive|Time left: 300 sec this turn | 300 sec total\n|\n|t:|1783573420\n|move|p1a: Piloswine|Stealth Rock|p2a: Necrozma\n|-sidestart|p2: p0y29012c32|move: Stealth Rock\n|move|p2a: Necrozma|Photon Geyser|p1a: Piloswine\n|-damage|p1a: Piloswine|0 fnt\n|faint|p1a: Piloswine\n|\n|-heal|p2a: Necrozma|255/272 par|[from] item: Leftovers\n|upkeep\n|\n|t:|1783573421\n|switch|p1a: Appletun|Appletun, L92, M|100/100\n|turn|13\n|inactive|Time left: 300 sec this turn | 300 sec total\n|\n|t:|1783573422\n|move|p2a: Necrozma|Moongeist Beam|p1a: Appletun\n|-damage|p1a: Appletun|43/100\n|move|p1a: Appletun|Dragon Tail|p2a: Necrozma\n|-damage|p2a: Necrozma|195/272 par\n|drag|p2a: Mew|Mew, L82|298/298\n|-damage|p2a: Mew|261/298|[from] Stealth Rock\n|\n|-heal|p2a: Mew|279/298|[from] item: Leftovers\n|-heal|p1a: Appletun|50/100|[from] item: Leftovers\n|upkeep\n|turn|14\n|inactive|Time left: 300 sec this turn | 300 sec total\n|\n|t:|1783573423\n|move|p2a: Mew|Encore|p1a: Appletun\n|-start|p1a: Appletun|Encore\n|move|p1a: Appletun|Dragon Tail|p2a: Mew\n|-damage|p2a: Mew|213/298\n|drag|p2a: Mandibuzz|Mandibuzz, L85, F|326/326\n|\n|-heal|p1a: Appletun|56/100|[from] item: Leftovers\n|upkeep\n|turn|15\n|inactive|Time left: 300 sec this turn | 300 sec total\n|\n|t:|1783573425\n|move|p2a: Mandibuzz|Defog|p1a: Appletun\n|-unboost|p1a: Appletun|evasion|1\n|-sideend|p2: p0y29012c32|Stealth Rock|[from] move: Defog|[of] p2a: Mandibuzz\n|move|p1a: Appletun|Dragon Tail|p2a: Mandibuzz\n|-damage|p2a: Mandibuzz|269/326\n|drag|p2a: Leafeon|Leafeon, L88, M, tera:Dark|90/258\n|\n|-heal|p2a: Leafeon|106/258|[from] item: Leftovers\n|-heal|p1a: Appletun|62/100|[from] item: Leftovers\n|upkeep\n|turn|16\n|inactive|Time left: 300 sec this turn | 300 sec total\n|\n|t:|1783573426\n|move|p2a: Leafeon|Knock Off|p1a: Appletun\n|-damage|p1a: Appletun|29/100\n|-enditem|p1a: Appletun|Leftovers|[from] move: Knock Off|[of] p2a: Leafeon\n|move|p1a: Appletun|Dragon Tail|p2a: Leafeon\n|-damage|p2a: Leafeon|54/258\n|drag|p2a: Sandaconda|Sandaconda, L84, F|76/258\n|\n|-heal|p2a: Sandaconda|92/258|[from] item: Leftovers\n|-end|p1a: Appletun|Encore\n|upkeep\n|turn|17\n|inactive|Time left: 300 sec this turn | 300 sec total\n|\n|t:|1783573427\n|move|p2a: Sandaconda|Glare|p1a: Appletun\n|-status|p1a: Appletun|par\n|move|p1a: Appletun|Apple Acid|p2a: Sandaconda\n|-supereffective|p2a: Sandaconda\n|-damage|p2a: Sandaconda|0 fnt\n|faint|p2a: Sandaconda\n|\n|upkeep\n|inactive|Time left: 300 sec this turn | 300 sec total | 5 sec grace\n|\n|t:|1783573428\n|switch|p2a: Falinks|Falinks, L84|246/246\n|turn|18\n|inactive|Time left: 300 sec this turn | 300 sec total\n|\n|t:|1783573429\n|move|p2a: Falinks|No Retreat|p2a: Falinks\n|-boost|p2a: Falinks|atk|1\n|-boost|p2a: Falinks|def|1\n|-boost|p2a: Falinks|spa|1\n|-boost|p2a: Falinks|spd|1\n|-boost|p2a: Falinks|spe|1\n|-start|p2a: Falinks|move: No Retreat\n|move|p1a: Appletun|Dragon Tail|p2a: Falinks\n|-damage|p2a: Falinks|207/246\n|drag|p2a: Leafeon|Leafeon, L88, M, tera:Dark|54/258\n|\n|-heal|p2a: Leafeon|70/258|[from] item: Leftovers\n|upkeep\n|turn|19\n|inactive|Time left: 300 sec this turn | 300 sec total\n|\n|t:|1783573430\n|move|p2a: Leafeon|Knock Off|p1a: Appletun\n|-damage|p1a: Appletun|5/100 par\n|move|p1a: Appletun|Apple Acid|p2a: Leafeon\n|-damage|p2a: Leafeon|0 fnt\n|faint|p2a: Leafeon\n|\n|upkeep\n|inactive|Time left: 300 sec this turn | 300 sec total | 5 sec grace\n|\n|t:|1783573431\n|switch|p2a: Falinks|Falinks, L84|207/246\n|turn|20\n|inactive|Time left: 300 sec this turn | 300 sec total\n|\n|t:|1783573432\n|move|p2a: Falinks|No Retreat|p2a: Falinks\n|-boost|p2a: Falinks|atk|1\n|-boost|p2a: Falinks|def|1\n|-boost|p2a: Falinks|spa|1\n|-boost|p2a: Falinks|spd|1\n|-boost|p2a: Falinks|spe|1\n|-start|p2a: Falinks|move: No Retreat\n|move|p1a: Appletun|Dragon Tail|p2a: Falinks\n|-damage|p2a: Falinks|165/246\n|drag|p2a: Mew|Mew, L82|213/298\n|\n|-heal|p2a: Mew|231/298|[from] item: Leftovers\n|upkeep\n|turn|21\n|inactive|Time left: 300 sec this turn | 300 sec total\n|\n|t:|1783573433\n|move|p2a: Mew|Stealth Rock|p1a: Appletun\n|-sidestart|p1: p0x2901bfc7|move: Stealth Rock\n|cant|p1a: Appletun|par\n|\n|-heal|p2a: Mew|249/298|[from] item: Leftovers\n|upkeep\n|turn|22\n|inactive|Time left: 300 sec this turn | 300 sec total\n|\n|t:|1783573433\n|move|p2a: Mew|Psychic|p1a: Appletun\n|-damage|p1a: Appletun|0 fnt\n|faint|p1a: Appletun\n|\n|-heal|p2a: Mew|267/298|[from] item: Leftovers\n|upkeep\n|\n|t:|1783573435\n|switch|p1a: Vigoroth|Vigoroth, L85, F|100/100\n|-damage|p1a: Vigoroth|88/100|[from] Stealth Rock\n|turn|23\n|inactive|Time left: 300 sec this turn | 300 sec total\n|\n|t:|1783573436\n|switch|p2a: Necrozma|Necrozma-Dawn-Wings, L76|195/272 par\n|move|p1a: Vigoroth|Bulk Up|p1a: Vigoroth\n|-boost|p1a: Vigoroth|atk|1\n|-boost|p1a: Vigoroth|def|1\n|\n|-heal|p2a: Necrozma|212/272 par|[from] item: Leftovers\n|upkeep\n|turn|24\n|inactive|Time left: 300 sec this turn | 300 sec total\n|\n|t:|1783573437\n|move|p1a: Vigoroth|Bulk Up|p1a: Vigoroth\n|-boost|p1a: Vigoroth|atk|1\n|-boost|p1a: Vigoroth|def|1\n|move|p2a: Necrozma|Photon Geyser|p1a: Vigoroth\n|-damage|p1a: Vigoroth|42/100\n|\n|-heal|p2a: Necrozma|229/272 par|[from] item: Leftovers\n|upkeep\n|turn|25\n|inactive|Time left: 300 sec this turn | 300 sec total\n|\n|t:|1783573438\n|move|p1a: Vigoroth|Slack Off|p1a: Vigoroth\n|-heal|p1a: Vigoroth|92/100\n|move|p2a: Necrozma|Calm Mind|p2a: Necrozma\n|-boost|p2a: Necrozma|spa|1\n|-boost|p2a: Necrozma|spd|1\n|\n|-heal|p2a: Necrozma|246/272 par|[from] item: Leftovers\n|upkeep\n|turn|26\n|inactive|Time left: 300 sec this turn | 300 sec total\n|\n|t:|1783573439\n|move|p1a: Vigoroth|Earthquake|p2a: Necrozma\n|-damage|p2a: Necrozma|133/272 par\n|move|p2a: Necrozma|Photon Geyser|p1a: Vigoroth\n|-damage|p1a: Vigoroth|23/100\n|\n|-heal|p2a: Necrozma|150/272 par|[from] item: Leftovers\n|upkeep\n|turn|27\n|inactive|Time left: 300 sec this turn | 300 sec total\n|\n|t:|1783573440\n|move|p1a: Vigoroth|Slack Off|p1a: Vigoroth\n|-heal|p1a: Vigoroth|74/100\n|move|p2a: Necrozma|Photon Geyser|p1a: Vigoroth\n|-damage|p1a: Vigoroth|7/100\n|\n|-heal|p2a: Necrozma|167/272 par|[from] item: Leftovers\n|upkeep\n|turn|28\n|inactive|Time left: 300 sec this turn | 300 sec total\n|\n|t:|1783573441\n|move|p1a: Vigoroth|Earthquake|p2a: Necrozma\n|-damage|p2a: Necrozma|57/272 par\n|move|p2a: Necrozma|Photon Geyser|p1a: Vigoroth\n|-damage|p1a: Vigoroth|0 fnt\n|faint|p1a: Vigoroth\n|\n|-heal|p2a: Necrozma|74/272 par|[from] item: Leftovers\n|upkeep\n|\n|t:|1783573442\n|switch|p1a: Kingdra|Kingdra, L84, F|100/100\n|-damage|p1a: Kingdra|88/100|[from] Stealth Rock\n|turn|29\n|inactive|Time left: 300 sec this turn | 300 sec total\n|\n|t:|1783573443\n|move|p1a: Kingdra|Wave Crash|p2a: Necrozma\n|-damage|p2a: Necrozma|0 fnt\n|faint|p2a: Necrozma\n|-damage|p1a: Kingdra|79/100|[from] Recoil\n|-damage|p1a: Kingdra|69/100|[from] item: Life Orb\n|\n|upkeep\n|inactive|Time left: 300 sec this turn | 300 sec total | 5 sec grace\n|\n|t:|1783573444\n|switch|p2a: Mandibuzz|Mandibuzz, L85, F|269/326\n|turn|30\n|inactive|Time left: 300 sec this turn | 300 sec total\n|\n|t:|1783573444\n|move|p1a: Kingdra|Hurricane|p2a: Mandibuzz|[miss]\n|-miss|p1a: Kingdra|p2a: Mandibuzz\n|move|p2a: Mandibuzz|Brave Bird|p1a: Kingdra\n|-damage|p1a: Kingdra|36/100\n|-damage|p2a: Mandibuzz|240/326|[from] Recoil\n|\n|upkeep\n|turn|31\n|inactive|Time left: 300 sec this turn | 300 sec total\n|\n|t:|1783573445\n|move|p1a: Kingdra|Hurricane|p2a: Mandibuzz|[miss]\n|-miss|p1a: Kingdra|p2a: Mandibuzz\n|move|p2a: Mandibuzz|Brave Bird|p1a: Kingdra\n|-damage|p1a: Kingdra|0 fnt\n|faint|p1a: Kingdra\n|-damage|p2a: Mandibuzz|209/326|[from] Recoil\n|\n|win|p0y29012c32", "uploadtime": 1783573445, "views": 0, "rating": 0, "private": 0, "password": null, "_winner": "p0y29012c32", "_our_name": "p0y29012c32"}