{"id": "battle-gen9randombattle-691", "formatid": "gen9randombattle", "format": "[Gen 9] Random Battle", "players": ["p0x6911255", "p0y6916f23"], "log": "|init|battle\n|title|p0x6911255 vs. p0y6916f23\n|j|\u2606p0x6911255\n|j|\u2606p0y6916f23\n|t:|1783547828\n|gametype|singles\n|player|p1|p0x6911255|170|\n|player|p2|p0y6916f23|102|\n|gen|9\n|tier|[Gen 9] Random Battle\n|rule|Species Clause: Limit one of each Pok\u00e9mon\n|rule|HP Percentage Mod: HP is shown in percentages\n|rule|Sleep Clause Mod: Limit one foe put to sleep\n|rule|Illusion Level Mod: Illusion disguises the Pok\u00e9mon's true level\n|\n|t:|1783547828\n|teamsize|p1|6\n|teamsize|p2|6\n|start\n|switch|p1a: Azumarill|Azumarill, L82, M|100/100\n|switch|p2a: Zekrom|Zekrom, L71|259/259\n|-ability|p2a: Zekrom|Teravolt\n|turn|1\n|inactive|Battle timer is ON: inactive players will automatically lose when time's up. (requested by p0y6916f23)\n|inactive|p0x6911255 also wants the timer to be on.\n|\n|t:|1783547830\n|move|p2a: Zekrom|Bolt Strike|p1a: Azumarill|[miss]\n|-miss|p2a: Zekrom|p1a: Azumarill\n|move|p1a: Azumarill|Belly Drum|p1a: Azumarill\n|-damage|p1a: Azumarill|50/100\n|-setboost|p1a: Azumarill|atk|6|[from] move: Belly Drum\n|-enditem|p1a: Azumarill|Sitrus Berry|[eat]\n|-heal|p1a: Azumarill|75/100|[from] item: Sitrus Berry\n|\n|upkeep\n|turn|2\n|inactive|Time left: 300 sec this turn | 300 sec total\n|\n|t:|1783547831\n|move|p2a: Zekrom|Bolt Strike|p1a: Azumarill\n|-supereffective|p1a: Azumarill\n|-damage|p1a: Azumarill|0 fnt\n|faint|p1a: Azumarill\n|\n|upkeep\n|\n|t:|1783547832\n|switch|p1a: Baxcalibur|Baxcalibur, L75, F|100/100\n|turn|3\n|inactive|Time left: 300 sec this turn | 300 sec total\n|\n|t:|1783547833\n|-terastallize|p2a: Zekrom|Electric\n|move|p1a: Baxcalibur|Icicle Crash|p2a: Zekrom\n|-damage|p2a: Zekrom|130/259\n|move|p2a: Zekrom|Outrage|p1a: Baxcalibur\n|-supereffective|p1a: Baxcalibur\n|-damage|p1a: Baxcalibur|12/100\n|\n|-heal|p2a: Zekrom|146/259|[from] item: Leftovers\n|upkeep\n|turn|4\n|inactive|Time left: 300 sec this turn | 300 sec total\n|\n|t:|1783547835\n|move|p1a: Baxcalibur|Icicle Crash|p2a: Zekrom\n|-damage|p2a: Zekrom|10/259\n|cant|p2a: Zekrom|flinch\n|\n|-heal|p2a: Zekrom|26/259|[from] item: Leftovers\n|-start|p2a: Zekrom|confusion|[fatigue]\n|upkeep\n|turn|5\n|inactive|Time left: 300 sec this turn | 300 sec total\n|\n|t:|1783547836\n|switch|p2a: Carbink|Carbink, L90|236/236\n|move|p1a: Baxcalibur|Icicle Crash|p2a: Carbink\n|-damage|p2a: Carbink|140/236\n|\n|-heal|p2a: Carbink|154/236|[from] item: Leftovers\n|upkeep\n|turn|6\n|inactive|Time left: 300 sec this turn | 300 sec total\n|\n|t:|1783547837\n|move|p1a: Baxcalibur|Icicle Crash|p2a: Carbink\n|-damage|p2a: Carbink|55/236\n|move|p2a: Carbink|Body Press|p1a: Baxcalibur\n|-supereffective|p1a: Baxcalibur\n|-damage|p1a: Baxcalibur|0 fnt\n|faint|p1a: Baxcalibur\n|\n|-heal|p2a: Carbink|69/236|[from] item: Leftovers\n|upkeep\n|\n|t:|1783547838\n|switch|p1a: Oranguru|Oranguru, L92, F|100/100\n|turn|7\n|inactive|Time left: 300 sec this turn | 300 sec total\n|\n|t:|1783547839\n|move|p1a: Oranguru|Nasty Plot|p1a: Oranguru\n|-boost|p1a: Oranguru|spa|2\n|move|p2a: Carbink|Moonblast|p1a: Oranguru\n|-damage|p1a: Oranguru|83/100\n|\n|-heal|p1a: Oranguru|89/100|[from] item: Leftovers\n|-heal|p2a: Carbink|83/236|[from] item: Leftovers\n|upkeep\n|turn|8\n|inactive|Time left: 300 sec this turn | 300 sec total\n|\n|t:|1783547841\n|switch|p2a: Frosmoth|Frosmoth, L82, F|249/249\n|move|p1a: Oranguru|Psyshock|p2a: Frosmoth\n|-damage|p2a: Frosmoth|126/249\n|\n|-heal|p1a: Oranguru|95/100|[from] item: Leftovers\n|upkeep\n|turn|9\n|inactive|Time left: 300 sec this turn | 300 sec total\n|\n|t:|1783547842\n|move|p1a: Oranguru|Psyshock|p2a: Frosmoth\n|-damage|p2a: Frosmoth|9/249\n|move|p2a: Frosmoth|Bug Buzz|p1a: Oranguru\n|-supereffective|p1a: Oranguru\n|-damage|p1a: Oranguru|46/100\n|\n|-heal|p1a: Oranguru|52/100|[from] item: Leftovers\n|upkeep\n|turn|10\n|inactive|Time left: 300 sec this turn | 300 sec total\n|\n|t:|1783547843\n|move|p1a: Oranguru|Thunderbolt|p2a: Frosmoth\n|-damage|p2a: Frosmoth|0 fnt\n|faint|p2a: Frosmoth\n|\n|-heal|p1a: Oranguru|58/100|[from] item: Leftovers\n|upkeep\n|inactive|Time left: 300 sec this turn | 300 sec total | 5 sec grace\n|\n|t:|1783547844\n|switch|p2a: Zekrom|Zekrom, L71, tera:Electric|26/259\n|-ability|p2a: Zekrom|Teravolt\n|turn|11\n|inactive|Time left: 300 sec this turn | 300 sec total\n|\n|t:|1783547845\n|move|p2a: Zekrom|Bolt Strike|p1a: Oranguru\n|-damage|p1a: Oranguru|0 fnt\n|faint|p1a: Oranguru\n|\n|-heal|p2a: Zekrom|42/259|[from] item: Leftovers\n|upkeep\n|\n|t:|1783547846\n|switch|p1a: Lunala|Lunala, L70|100/100\n|turn|12\n|inactive|Time left: 300 sec this turn | 300 sec total\n|\n|t:|1783547847\n|switch|p2a: Porygon-Z|Porygon-Z, L83|277/277\n|move|p1a: Lunala|Calm Mind|p1a: Lunala\n|-boost|p1a: Lunala|spa|1\n|-boost|p1a: Lunala|spd|1\n|\n|upkeep\n|turn|13\n|inactive|Time left: 300 sec this turn | 300 sec total\n|\n|t:|1783547848\n|move|p2a: Porygon-Z|Shadow Ball|p1a: Lunala\n|-supereffective|p1a: Lunala\n|-damage|p1a: Lunala|57/100\n|-damage|p2a: Porygon-Z|250/277|[from] item: Life Orb\n|move|p1a: Lunala|Psyshock|p2a: Porygon-Z\n|-damage|p2a: Porygon-Z|97/277\n|\n|-heal|p1a: Lunala|63/100|[from] item: Leftovers\n|upkeep\n|turn|14\n|inactive|Time left: 300 sec this turn | 300 sec total\n|\n|t:|1783547849\n|-terastallize|p1a: Lunala|Fairy\n|move|p2a: Porygon-Z|Shadow Ball|p1a: Lunala\n|-damage|p1a: Lunala|40/100\n|-damage|p2a: Porygon-Z|70/277|[from] item: Life Orb\n|move|p1a: Lunala|Moonlight|p1a: Lunala\n|-heal|p1a: Lunala|90/100\n|\n|-heal|p1a: Lunala|96/100|[from] item: Leftovers\n|upkeep\n|turn|15\n|inactive|Time left: 300 sec this turn | 300 sec total\n|\n|t:|1783547850\n|move|p2a: Porygon-Z|Tera Blast|p1a: Lunala\n|-damage|p1a: Lunala|52/100\n|-damage|p2a: Porygon-Z|43/277|[from] item: Life Orb\n|move|p1a: Lunala|Psyshock|p2a: Porygon-Z\n|-damage|p2a: Porygon-Z|0 fnt\n|faint|p2a: Porygon-Z\n|\n|-heal|p1a: Lunala|59/100|[from] item: Leftovers\n|upkeep\n|inactive|Time left: 300 sec this turn | 300 sec total | 5 sec grace\n|\n|t:|1783547851\n|switch|p2a: Honchkrow|Honchkrow, L86, M|312/312\n|turn|16\n|inactive|Time left: 300 sec this turn | 300 sec total\n|\n|t:|1783547852\n|move|p1a: Lunala|Moonlight|p1a: Lunala\n|-heal|p1a: Lunala|100/100\n|move|p2a: Honchkrow|Brave Bird|p1a: Lunala\n|-damage|p1a: Lunala|68/100\n|-damage|p2a: Honchkrow|279/312|[from] Recoil\n|\n|-heal|p1a: Lunala|74/100|[from] item: Leftovers\n|upkeep\n|turn|17\n|inactive|Time left: 300 sec this turn | 300 sec total\n|\n|t:|1783547853\n|move|p1a: Lunala|Moonlight|p1a: Lunala\n|-heal|p1a: Lunala|100/100\n|move|p2a: Honchkrow|Brave Bird|p1a: Lunala\n|-damage|p1a: Lunala|68/100\n|-damage|p2a: Honchkrow|246/312|[from] Recoil\n|\n|-heal|p1a: Lunala|74/100|[from] item: Leftovers\n|upkeep\n|turn|18\n|inactive|Time left: 300 sec this turn | 300 sec total\n|\n|t:|1783547854\n|move|p1a: Lunala|Moonlight|p1a: Lunala\n|-heal|p1a: Lunala|100/100\n|move|p2a: Honchkrow|Brave Bird|p1a: Lunala\n|-damage|p1a: Lunala|71/100\n|-damage|p2a: Honchkrow|216/312|[from] Recoil\n|\n|-heal|p1a: Lunala|77/100|[from] item: Leftovers\n|upkeep\n|turn|19\n|inactive|Time left: 300 sec this turn | 300 sec total\n|\n|t:|1783547855\n|move|p1a: Lunala|Moongeist Beam|p2a: Honchkrow\n|-resisted|p2a: Honchkrow\n|-damage|p2a: Honchkrow|108/312\n|move|p2a: Honchkrow|Brave Bird|p1a: Lunala\n|-damage|p1a: Lunala|12/100\n|-damage|p2a: Honchkrow|42/312|[from] Recoil\n|\n|-heal|p1a: Lunala|18/100|[from] item: Leftovers\n|upkeep\n|turn|20\n|inactive|Time left: 300 sec this turn | 300 sec total\n|\n|t:|1783547856\n|move|p1a: Lunala|Moonlight|p1a: Lunala\n|-heal|p1a: Lunala|68/100\n|move|p2a: Honchkrow|Brave Bird|p1a: Lunala\n|-damage|p1a: Lunala|8/100\n|-damage|p2a: Honchkrow|0 fnt|[from] Recoil\n|faint|p2a: Honchkrow\n|\n|-heal|p1a: Lunala|14/100|[from] item: Leftovers\n|upkeep\n|inactive|Time left: 300 sec this turn | 300 sec total | 5 sec grace\n|\n|t:|1783547857\n|switch|p2a: Sandslash|Sandslash, L89, F|278/278\n|turn|21\n|inactive|Time left: 300 sec this turn | 300 sec total\n|\n|t:|1783547858\n|move|p1a: Lunala|Moongeist Beam|p2a: Sandslash\n|-damage|p2a: Sandslash|98/278\n|move|p2a: Sandslash|Earthquake|p1a: Lunala\n|-damage|p1a: Lunala|0 fnt\n|faint|p1a: Lunala\n|\n|-heal|p2a: Sandslash|115/278|[from] item: Leftovers\n|upkeep\n|\n|t:|1783547860\n|switch|p1a: Donphan|Donphan, L84, F|100/100\n|turn|22\n|inactive|Time left: 300 sec this turn | 300 sec total\n|\n|t:|1783547860\n|move|p2a: Sandslash|Earthquake|p1a: Donphan\n|-damage|p1a: Donphan|65/100\n|move|p1a: Donphan|Earthquake|p2a: Sandslash\n|-damage|p2a: Sandslash|9/278\n|\n|-heal|p2a: Sandslash|26/278|[from] item: Leftovers\n|upkeep\n|turn|23\n|inactive|Time left: 300 sec this turn | 300 sec total\n|\n|t:|1783547861\n|move|p2a: Sandslash|Earthquake|p1a: Donphan\n|-damage|p1a: Donphan|31/100\n|move|p1a: Donphan|Rapid Spin|p2a: Sandslash\n|-damage|p2a: Sandslash|0 fnt\n|-boost|p1a: Donphan|spe|1\n|faint|p2a: Sandslash\n|\n|upkeep\n|inactive|Time left: 300 sec this turn | 300 sec total | 5 sec grace\n|\n|t:|1783547862\n|switch|p2a: Zekrom|Zekrom, L71, tera:Electric|42/259\n|-ability|p2a: Zekrom|Teravolt\n|turn|24\n|inactive|Time left: 300 sec this turn | 300 sec total\n|\n|t:|1783547863\n|move|p1a: Donphan|Earthquake|p2a: Zekrom\n|-supereffective|p2a: Zekrom\n|-damage|p2a: Zekrom|0 fnt\n|faint|p2a: Zekrom\n|\n|upkeep\n|inactive|Time left: 300 sec this turn | 300 sec total | 5 sec grace\n|\n|t:|1783547864\n|switch|p2a: Carbink|Carbink, L90|83/236\n|turn|25\n|inactive|Time left: 300 sec this turn | 300 sec total\n|\n|t:|1783547865\n|move|p1a: Donphan|Earthquake|p2a: Carbink\n|-supereffective|p2a: Carbink\n|-damage|p2a: Carbink|0 fnt\n|faint|p2a: Carbink\n|\n|win|p0x6911255", "uploadtime": 1783547865, "views": 0, "rating": 0, "private": 0, "password": null, "_winner": "p0x6911255", "_our_name": "p0y6916f23"}