{"id": "battle-gen9randombattle-531", "formatid": "gen9randombattle", "format": "[Gen 9] Random Battle", "players": ["p0x5316e09", "p0y5313325"], "log": "|init|battle\n|title|p0x5316e09 vs. p0y5313325\n|j|\u2606p0x5316e09\n|j|\u2606p0y5313325\n|t:|1783545206\n|gametype|singles\n|player|p1|p0x5316e09|102|\n|player|p2|p0y5313325|102|\n|gen|9\n|tier|[Gen 9] Random Battle\n|rule|Species Clause: Limit one of each Pok\u00e9mon\n|rule|HP Percentage Mod: HP is shown in percentages\n|rule|Sleep Clause Mod: Limit one foe put to sleep\n|rule|Illusion Level Mod: Illusion disguises the Pok\u00e9mon's true level\n|\n|t:|1783545206\n|teamsize|p1|6\n|teamsize|p2|6\n|start\n|switch|p1a: Zarude|Zarude-Dada, L77|288/288\n|switch|p2a: Skuntank|Skuntank, L84, M|100/100\n|turn|1\n|inactive|Battle timer is ON: inactive players will automatically lose when time's up. (requested by p0x5316e09)\n|inactive|p0y5313325 also wants the timer to be on.\n|\n|t:|1783545208\n|move|p1a: Zarude|Swords Dance|p1a: Zarude\n|-boost|p1a: Zarude|atk|2\n|move|p2a: Skuntank|Gunk Shot|p1a: Zarude\n|-supereffective|p1a: Zarude\n|-damage|p1a: Zarude|54/288\n|\n|-heal|p1a: Zarude|72/288|[from] item: Leftovers\n|upkeep\n|turn|2\n|inactive|Time left: 300 sec this turn | 300 sec total\n|\n|t:|1783545209\n|move|p1a: Zarude|Knock Off|p2a: Skuntank\n|-resisted|p2a: Skuntank\n|-damage|p2a: Skuntank|62/100\n|-enditem|p2a: Skuntank|Focus Sash|[from] move: Knock Off|[of] p1a: Zarude\n|move|p2a: Skuntank|Gunk Shot|p1a: Zarude|[miss]\n|-miss|p2a: Skuntank|p1a: Zarude\n|\n|-heal|p1a: Zarude|90/288|[from] item: Leftovers\n|upkeep\n|turn|3\n|inactive|Time left: 300 sec this turn | 300 sec total\n|\n|t:|1783545210\n|move|p1a: Zarude|Power Whip|p2a: Skuntank\n|-resisted|p2a: Skuntank\n|-damage|p2a: Skuntank|16/100\n|move|p2a: Skuntank|Gunk Shot|p1a: Zarude\n|-supereffective|p1a: Zarude\n|-damage|p1a: Zarude|0 fnt\n|faint|p1a: Zarude\n|\n|upkeep\n|inactive|Time left: 300 sec this turn | 300 sec total | 5 sec grace\n|\n|t:|1783545211\n|switch|p1a: Ribombee|Ribombee, L83, M|235/235\n|turn|4\n|inactive|Time left: 300 sec this turn | 300 sec total\n|\n|t:|1783545212\n|move|p1a: Ribombee|Sticky Web|p2a: Skuntank\n|-sidestart|p2: p0y5313325|move: Sticky Web\n|move|p2a: Skuntank|Gunk Shot|p1a: Ribombee\n|-supereffective|p1a: Ribombee\n|-damage|p1a: Ribombee|0 fnt\n|faint|p1a: Ribombee\n|\n|upkeep\n|inactive|Time left: 300 sec this turn | 300 sec total | 5 sec grace\n|\n|t:|1783545213\n|switch|p1a: Espathra|Espathra, L80, M|283/283\n|turn|5\n|inactive|Time left: 300 sec this turn | 300 sec total\n|\n|t:|1783545215\n|move|p1a: Espathra|Dazzling Gleam|p2a: Skuntank\n|-damage|p2a: Skuntank|0 fnt\n|faint|p2a: Skuntank\n|\n|-ability|p1a: Espathra|Speed Boost|boost\n|-boost|p1a: Espathra|spe|1\n|upkeep\n|\n|t:|1783545215\n|switch|p2a: Sandslash|Sandslash, L89, M|100/100\n|-activate|p2a: Sandslash|move: Sticky Web\n|-unboost|p2a: Sandslash|spe|1\n|turn|6\n|inactive|Time left: 300 sec this turn | 300 sec total\n|\n|t:|1783545216\n|move|p1a: Espathra|Calm Mind|p1a: Espathra\n|-boost|p1a: Espathra|spa|1\n|-boost|p1a: Espathra|spd|1\n|move|p2a: Sandslash|Rapid Spin|p1a: Espathra\n|-damage|p1a: Espathra|232/283\n|-boost|p2a: Sandslash|spe|1\n|-sideend|p2: p0y5313325|Sticky Web|[from] move: Rapid Spin|[of] p2a: Sandslash\n|\n|-heal|p1a: Espathra|249/283|[from] item: Leftovers\n|-ability|p1a: Espathra|Speed Boost|boost\n|-boost|p1a: Espathra|spe|1\n|upkeep\n|turn|7\n|inactive|Time left: 300 sec this turn | 300 sec total\n|\n|t:|1783545217\n|move|p1a: Espathra|Stored Power|p2a: Sandslash\n|-damage|p2a: Sandslash|23/100\n|move|p2a: Sandslash|Knock Off|p1a: Espathra\n|-supereffective|p1a: Espathra\n|-damage|p1a: Espathra|35/283\n|-enditem|p1a: Espathra|Leftovers|[from] move: Knock Off|[of] p2a: Sandslash\n|\n|-heal|p2a: Sandslash|29/100|[from] item: Leftovers\n|-ability|p1a: Espathra|Speed Boost|boost\n|-boost|p1a: Espathra|spe|1\n|upkeep\n|turn|8\n|inactive|Time left: 300 sec this turn | 300 sec total\n|\n|t:|1783545218\n|switch|p2a: Dewgong|Dewgong, L94, M|100/100\n|move|p1a: Espathra|Stored Power|p2a: Dewgong\n|-damage|p2a: Dewgong|68/100\n|\n|-ability|p1a: Espathra|Speed Boost|boost\n|-boost|p1a: Espathra|spe|1\n|upkeep\n|turn|9\n|inactive|Time left: 300 sec this turn | 300 sec total\n|\n|t:|1783545220\n|move|p1a: Espathra|Roost|p1a: Espathra\n|-heal|p1a: Espathra|177/283\n|-singleturn|p1a: Espathra|move: Roost\n|move|p2a: Dewgong|Triple Axel|p1a: Espathra\n|-damage|p1a: Espathra|147/283\n|-hitcount|p1a: Espathra|1\n|\n|-ability|p1a: Espathra|Speed Boost|boost\n|-boost|p1a: Espathra|spe|1\n|upkeep\n|turn|10\n|inactive|Time left: 300 sec this turn | 300 sec total\n|\n|t:|1783545221\n|move|p1a: Espathra|Roost|p1a: Espathra\n|-heal|p1a: Espathra|283/283\n|-singleturn|p1a: Espathra|move: Roost\n|move|p2a: Dewgong|Triple Axel|p1a: Espathra\n|-damage|p1a: Espathra|252/283\n|-damage|p1a: Espathra|189/283\n|-damage|p1a: Espathra|110/283\n|-hitcount|p1a: Espathra|3\n|\n|-ability|p1a: Espathra|Speed Boost|boost\n|-boost|p1a: Espathra|spe|1\n|upkeep\n|turn|11\n|inactive|Time left: 300 sec this turn | 300 sec total\n|\n|t:|1783545222\n|move|p1a: Espathra|Roost|p1a: Espathra\n|-heal|p1a: Espathra|252/283\n|-singleturn|p1a: Espathra|move: Roost\n|move|p2a: Dewgong|Triple Axel|p1a: Espathra\n|-crit|p1a: Espathra\n|-damage|p1a: Espathra|209/283\n|-damage|p1a: Espathra|149/283\n|-hitcount|p1a: Espathra|2\n|\n|upkeep\n|turn|12\n|inactive|Time left: 300 sec this turn | 300 sec total\n|\n|t:|1783545222\n|move|p1a: Espathra|Stored Power|p2a: Dewgong\n|-damage|p2a: Dewgong|18/100\n|move|p2a: Dewgong|Triple Axel|p1a: Espathra|[miss]\n|-miss|p2a: Dewgong|p1a: Espathra\n|\n|upkeep\n|turn|13\n|inactive|Time left: 300 sec this turn | 300 sec total\n|\n|t:|1783545223\n|move|p1a: Espathra|Stored Power|p2a: Dewgong\n|-damage|p2a: Dewgong|0 fnt\n|faint|p2a: Dewgong\n|\n|upkeep\n|\n|t:|1783545224\n|switch|p2a: Palossand|Palossand, L89, F|100/100\n|turn|14\n|inactive|Time left: 300 sec this turn | 300 sec total\n|\n|t:|1783545225\n|move|p1a: Espathra|Stored Power|p2a: Palossand\n|-damage|p2a: Palossand|2/100\n|move|p2a: Palossand|Shadow Ball|p1a: Espathra\n|-supereffective|p1a: Espathra\n|-damage|p1a: Espathra|0 fnt\n|faint|p1a: Espathra\n|\n|-heal|p2a: Palossand|8/100|[from] item: Leftovers\n|upkeep\n|inactive|Time left: 300 sec this turn | 300 sec total | 5 sec grace\n|\n|t:|1783545226\n|switch|p1a: Indeedee|Indeedee-F, L90, F|272/272\n|-fieldstart|move: Psychic Terrain|[from] ability: Psychic Surge|[of] p1a: Indeedee\n|turn|15\n|inactive|Time left: 300 sec this turn | 300 sec total\n|\n|t:|1783545227\n|move|p1a: Indeedee|Psychic|p2a: Palossand\n|-damage|p2a: Palossand|0 fnt\n|faint|p2a: Palossand\n|\n|upkeep\n|\n|t:|1783545228\n|switch|p2a: Gurdurr|Gurdurr, L85, F|100/100\n|turn|16\n|inactive|Time left: 300 sec this turn | 300 sec total\n|\n|t:|1783545229\n|-terastallize|p2a: Gurdurr|Steel\n|move|p1a: Indeedee|Psychic|p2a: Gurdurr\n|-resisted|p2a: Gurdurr\n|-damage|p2a: Gurdurr|75/100\n|-unboost|p2a: Gurdurr|spd|1\n|move|p2a: Gurdurr|Knock Off|p1a: Indeedee\n|-supereffective|p1a: Indeedee\n|-damage|p1a: Indeedee|94/272\n|-enditem|p1a: Indeedee|Choice Scarf|[from] move: Knock Off|[of] p2a: Gurdurr\n|\n|upkeep\n|turn|17\n|inactive|Time left: 300 sec this turn | 300 sec total\n|\n|t:|1783545231\n|-terastallize|p1a: Indeedee|Psychic\n|move|p1a: Indeedee|Psychic|p2a: Gurdurr\n|-resisted|p2a: Gurdurr\n|-damage|p2a: Gurdurr|29/100\n|move|p2a: Gurdurr|Drain Punch|p1a: Indeedee\n|-resisted|p1a: Indeedee\n|-damage|p1a: Indeedee|45/272\n|-heal|p2a: Gurdurr|38/100|[from] drain|[of] p1a: Indeedee\n|\n|upkeep\n|turn|18\n|inactive|Time left: 300 sec this turn | 300 sec total\n|\n|t:|1783545232\n|move|p1a: Indeedee|Psychic|p2a: Gurdurr\n|-resisted|p2a: Gurdurr\n|-crit|p2a: Gurdurr\n|-damage|p2a: Gurdurr|0 fnt\n|faint|p2a: Gurdurr\n|\n|upkeep\n|\n|t:|1783545233\n|switch|p2a: Passimian|Passimian, L83, F|100/100\n|turn|19\n|inactive|Time left: 300 sec this turn | 300 sec total\n|\n|t:|1783545234\n|move|p2a: Passimian|Rock Slide|p1a: Indeedee\n|-damage|p1a: Indeedee|0 fnt\n|faint|p1a: Indeedee\n|\n|-fieldend|move: Psychic Terrain\n|upkeep\n|inactive|Time left: 300 sec this turn | 300 sec total | 5 sec grace\n|\n|t:|1783545235\n|switch|p1a: Giratina|Giratina-Origin, L72|335/335\n|turn|20\n|inactive|Time left: 300 sec this turn | 300 sec total\n|\n|t:|1783545236\n|move|p2a: Passimian|Rock Slide|p1a: Giratina|[miss]\n|-miss|p2a: Passimian|p1a: Giratina\n|move|p1a: Giratina|Poltergeist|p2a: Passimian\n|-activate|p2a: Passimian|move: Poltergeist|Choice Scarf\n|-damage|p2a: Passimian|57/100\n|\n|upkeep\n|turn|21\n|inactive|Time left: 300 sec this turn | 300 sec total\n|\n|t:|1783545237\n|move|p2a: Passimian|Rock Slide|p1a: Giratina\n|-damage|p1a: Giratina|274/335\n|move|p1a: Giratina|Draco Meteor|p2a: Passimian|[miss]\n|-miss|p1a: Giratina|p2a: Passimian\n|\n|upkeep\n|turn|22\n|inactive|Time left: 300 sec this turn | 300 sec total\n|\n|t:|1783545238\n|move|p2a: Passimian|Rock Slide|p1a: Giratina\n|-damage|p1a: Giratina|214/335\n|move|p1a: Giratina|Draco Meteor|p2a: Passimian\n|-damage|p2a: Passimian|0 fnt\n|-unboost|p1a: Giratina|spa|2\n|faint|p2a: Passimian\n|\n|upkeep\n|\n|t:|1783545239\n|switch|p2a: Sandslash|Sandslash, L89, M|29/100\n|turn|23\n|inactive|Time left: 300 sec this turn | 300 sec total\n|\n|t:|1783545240\n|move|p1a: Giratina|Poltergeist|p2a: Sandslash\n|-activate|p2a: Sandslash|move: Poltergeist|Leftovers\n|-damage|p2a: Sandslash|0 fnt\n|faint|p2a: Sandslash\n|\n|win|p0x5316e09", "uploadtime": 1783545240, "views": 0, "rating": 0, "private": 0, "password": null, "_winner": "p0x5316e09", "_our_name": "p0x5316e09"}