{"id": "battle-gen9randombattle-582", "formatid": "gen9randombattle", "format": "[Gen 9] Random Battle", "players": ["p0x582a0b3", "p0y5824503"], "log": "|init|battle\n|title|p0x582a0b3 vs. p0y5824503\n|j|\u2606p0x582a0b3\n|j|\u2606p0y5824503\n|t:|1783546538\n|gametype|singles\n|player|p1|p0x582a0b3|169|\n|player|p2|p0y5824503|101|\n|gen|9\n|tier|[Gen 9] Random Battle\n|rule|Species Clause: Limit one of each Pok\u00e9mon\n|rule|HP Percentage Mod: HP is shown in percentages\n|rule|Sleep Clause Mod: Limit one foe put to sleep\n|rule|Illusion Level Mod: Illusion disguises the Pok\u00e9mon's true level\n|\n|t:|1783546538\n|teamsize|p1|6\n|teamsize|p2|6\n|start\n|switch|p1a: Bronzong|Bronzong, L88|100/100\n|switch|p2a: Volbeat|Volbeat, L90, M|263/263\n|turn|1\n|inactive|Battle timer is ON: inactive players will automatically lose when time's up. (requested by p0x582a0b3)\n|inactive|Time left: 300 sec this turn | 300 sec total | 60 sec grace\n|inactive|p0y5824503 also wants the timer to be on.\n|\n|t:|1783546540\n|move|p2a: Volbeat|Lunge|p1a: Bronzong\n|-damage|p1a: Bronzong|77/100\n|-unboost|p1a: Bronzong|atk|1\n|move|p1a: Bronzong|Psychic Noise|p2a: Volbeat\n|-damage|p2a: Volbeat|196/263\n|-start|p2a: Volbeat|move: Heal Block\n|\n|-heal|p1a: Bronzong|83/100|[from] item: Leftovers\n|upkeep\n|turn|2\n|inactive|Time left: 300 sec this turn | 300 sec total\n|\n|t:|1783546541\n|move|p2a: Volbeat|Lunge|p1a: Bronzong\n|-damage|p1a: Bronzong|60/100\n|-unboost|p1a: Bronzong|atk|1\n|move|p1a: Bronzong|Body Press|p2a: Volbeat\n|-resisted|p2a: Volbeat\n|-damage|p2a: Volbeat|157/263\n|\n|-heal|p1a: Bronzong|66/100|[from] item: Leftovers\n|-end|p2a: Volbeat|move: Heal Block\n|upkeep\n|turn|3\n|inactive|Time left: 300 sec this turn | 300 sec total\n|\n|t:|1783546542\n|switch|p1a: Bisharp|Bisharp, L79, M|100/100\n|move|p2a: Volbeat|Roost|p2a: Volbeat\n|-heal|p2a: Volbeat|263/263\n|-singleturn|p2a: Volbeat|move: Roost\n|\n|upkeep\n|turn|4\n|inactive|Time left: 300 sec this turn | 300 sec total\n|\n|t:|1783546543\n|switch|p2a: Thundurus|Thundurus-Therian, L80, M|258/258\n|move|p1a: Bisharp|Stealth Rock|p2a: Thundurus\n|-sidestart|p2: p0y5824503|move: Stealth Rock\n|\n|upkeep\n|turn|5\n|inactive|Time left: 300 sec this turn | 300 sec total\n|\n|t:|1783546545\n|move|p2a: Thundurus|Nasty Plot|p2a: Thundurus\n|-boost|p2a: Thundurus|spa|2\n|move|p1a: Bisharp|Throat Chop|p2a: Thundurus\n|-damage|p2a: Thundurus|152/258\n|-start|p2a: Thundurus|Throat Chop|[silent]\n|\n|upkeep\n|turn|6\n|inactive|Time left: 300 sec this turn | 300 sec total\n|\n|t:|1783546546\n|move|p2a: Thundurus|Thunderbolt|p1a: Bisharp\n|-damage|p1a: Bisharp|15/100\n|move|p1a: Bisharp|Throat Chop|p2a: Thundurus\n|-damage|p2a: Thundurus|38/258\n|\n|-end|p2a: Thundurus|Throat Chop|[silent]\n|upkeep\n|turn|7\n|inactive|Time left: 300 sec this turn | 300 sec total\n|\n|t:|1783546547\n|move|p1a: Bisharp|Sucker Punch|p2a: Thundurus\n|-crit|p2a: Thundurus\n|-damage|p2a: Thundurus|0 fnt\n|faint|p2a: Thundurus\n|\n|upkeep\n|inactive|Time left: 300 sec this turn | 300 sec total | 5 sec grace\n|\n|t:|1783546548\n|switch|p2a: Cresselia|Cresselia, L80, F|323/323\n|-damage|p2a: Cresselia|283/323|[from] Stealth Rock\n|turn|8\n|inactive|Time left: 300 sec this turn | 300 sec total\n|\n|t:|1783546549\n|move|p2a: Cresselia|Calm Mind|p2a: Cresselia\n|-boost|p2a: Cresselia|spa|1\n|-boost|p2a: Cresselia|spd|1\n|move|p1a: Bisharp|Throat Chop|p2a: Cresselia\n|-supereffective|p2a: Cresselia\n|-damage|p2a: Cresselia|131/323\n|-start|p2a: Cresselia|Throat Chop|[silent]\n|\n|-heal|p2a: Cresselia|151/323|[from] item: Leftovers\n|upkeep\n|turn|9\n|inactive|Time left: 300 sec this turn | 300 sec total\n|\n|t:|1783546550\n|move|p2a: Cresselia|Moonlight|p2a: Cresselia\n|-heal|p2a: Cresselia|312/323\n|move|p1a: Bisharp|Throat Chop|p2a: Cresselia\n|-supereffective|p2a: Cresselia\n|-damage|p2a: Cresselia|138/323\n|\n|-heal|p2a: Cresselia|158/323|[from] item: Leftovers\n|-end|p2a: Cresselia|Throat Chop|[silent]\n|upkeep\n|turn|10\n|inactive|Time left: 300 sec this turn | 300 sec total\n|\n|t:|1783546552\n|move|p2a: Cresselia|Moonlight|p2a: Cresselia\n|-heal|p2a: Cresselia|319/323\n|move|p1a: Bisharp|Throat Chop|p2a: Cresselia\n|-supereffective|p2a: Cresselia\n|-damage|p2a: Cresselia|145/323\n|-start|p2a: Cresselia|Throat Chop|[silent]\n|\n|-heal|p2a: Cresselia|165/323|[from] item: Leftovers\n|upkeep\n|turn|11\n|inactive|Time left: 300 sec this turn | 300 sec total\n|\n|t:|1783546553\n|move|p2a: Cresselia|Moonlight|p2a: Cresselia\n|-heal|p2a: Cresselia|323/323\n|move|p1a: Bisharp|Throat Chop|p2a: Cresselia\n|-supereffective|p2a: Cresselia\n|-damage|p2a: Cresselia|167/323\n|\n|-heal|p2a: Cresselia|187/323|[from] item: Leftovers\n|-end|p2a: Cresselia|Throat Chop|[silent]\n|upkeep\n|turn|12\n|inactive|Time left: 300 sec this turn | 300 sec total\n|\n|t:|1783546554\n|move|p2a: Cresselia|Thunderbolt|p1a: Bisharp\n|-damage|p1a: Bisharp|0 fnt\n|faint|p1a: Bisharp\n|\n|-heal|p2a: Cresselia|207/323|[from] item: Leftovers\n|upkeep\n|\n|t:|1783546555\n|switch|p1a: Espeon|Espeon, L84, F|100/100\n|turn|13\n|inactive|Time left: 300 sec this turn | 300 sec total\n|\n|t:|1783546556\n|move|p1a: Espeon|Calm Mind|p1a: Espeon\n|-boost|p1a: Espeon|spa|1\n|-boost|p1a: Espeon|spd|1\n|move|p2a: Cresselia|Calm Mind|p2a: Cresselia\n|-boost|p2a: Cresselia|spa|1\n|-boost|p2a: Cresselia|spd|1\n|\n|-heal|p2a: Cresselia|227/323|[from] item: Leftovers\n|upkeep\n|turn|14\n|inactive|Time left: 300 sec this turn | 300 sec total\n|\n|t:|1783546557\n|move|p1a: Espeon|Calm Mind|p1a: Espeon\n|-boost|p1a: Espeon|spa|1\n|-boost|p1a: Espeon|spd|1\n|move|p2a: Cresselia|Calm Mind|p2a: Cresselia\n|-boost|p2a: Cresselia|spa|1\n|-boost|p2a: Cresselia|spd|1\n|\n|-heal|p2a: Cresselia|247/323|[from] item: Leftovers\n|upkeep\n|turn|15\n|inactive|Time left: 300 sec this turn | 300 sec total\n|\n|t:|1783546558\n|move|p1a: Espeon|Calm Mind|p1a: Espeon\n|-boost|p1a: Espeon|spa|1\n|-boost|p1a: Espeon|spd|1\n|move|p2a: Cresselia|Psyshock|p1a: Espeon\n|-resisted|p1a: Espeon\n|-damage|p1a: Espeon|57/100\n|\n|-heal|p2a: Cresselia|267/323|[from] item: Leftovers\n|upkeep\n|turn|16\n|inactive|Time left: 300 sec this turn | 300 sec total\n|\n|t:|1783546559\n|move|p1a: Espeon|Morning Sun|p1a: Espeon\n|-heal|p1a: Espeon|100/100\n|move|p2a: Cresselia|Psyshock|p1a: Espeon\n|-resisted|p1a: Espeon\n|-damage|p1a: Espeon|59/100\n|\n|-heal|p2a: Cresselia|287/323|[from] item: Leftovers\n|upkeep\n|turn|17\n|inactive|Time left: 300 sec this turn | 300 sec total\n|\n|t:|1783546561\n|move|p1a: Espeon|Morning Sun|p1a: Espeon\n|-heal|p1a: Espeon|100/100\n|move|p2a: Cresselia|Psyshock|p1a: Espeon\n|-resisted|p1a: Espeon\n|-damage|p1a: Espeon|58/100\n|\n|-heal|p2a: Cresselia|307/323|[from] item: Leftovers\n|upkeep\n|turn|18\n|inactive|Time left: 300 sec this turn | 300 sec total\n|\n|t:|1783546562\n|move|p1a: Espeon|Morning Sun|p1a: Espeon\n|-heal|p1a: Espeon|100/100\n|move|p2a: Cresselia|Psyshock|p1a: Espeon\n|-resisted|p1a: Espeon\n|-damage|p1a: Espeon|61/100\n|\n|-heal|p2a: Cresselia|323/323|[from] item: Leftovers\n|upkeep\n|turn|19\n|inactive|Time left: 300 sec this turn | 300 sec total\n|\n|t:|1783546563\n|move|p1a: Espeon|Morning Sun|p1a: Espeon\n|-heal|p1a: Espeon|100/100\n|move|p2a: Cresselia|Psyshock|p1a: Espeon\n|-resisted|p1a: Espeon\n|-damage|p1a: Espeon|55/100\n|\n|upkeep\n|turn|20\n|inactive|Time left: 300 sec this turn | 300 sec total\n|\n|t:|1783546564\n|move|p1a: Espeon|Morning Sun|p1a: Espeon\n|-heal|p1a: Espeon|100/100\n|move|p2a: Cresselia|Psyshock|p1a: Espeon\n|-resisted|p1a: Espeon\n|-damage|p1a: Espeon|57/100\n|\n|upkeep\n|turn|21\n|inactive|Time left: 300 sec this turn | 300 sec total\n|\n|t:|1783546565\n|move|p1a: Espeon|Morning Sun|p1a: Espeon\n|-heal|p1a: Espeon|100/100\n|move|p2a: Cresselia|Psyshock|p1a: Espeon\n|-resisted|p1a: Espeon\n|-damage|p1a: Espeon|58/100\n|\n|upkeep\n|turn|22\n|inactive|Time left: 300 sec this turn | 300 sec total\n|\n|t:|1783546566\n|move|p1a: Espeon|Morning Sun|p1a: Espeon\n|-heal|p1a: Espeon|100/100\n|move|p2a: Cresselia|Psyshock|p1a: Espeon\n|-resisted|p1a: Espeon\n|-damage|p1a: Espeon|59/100\n|\n|upkeep\n|turn|23\n|inactive|Time left: 300 sec this turn | 300 sec total\n|\n|t:|1783546567\n|move|p1a: Espeon|Morning Sun|p1a: Espeon\n|-heal|p1a: Espeon|100/100\n|move|p2a: Cresselia|Psyshock|p1a: Espeon\n|-resisted|p1a: Espeon\n|-damage|p1a: Espeon|56/100\n|\n|upkeep\n|turn|24\n|inactive|Time left: 300 sec this turn | 300 sec total\n|\n|t:|1783546568\n|move|p1a: Espeon|Shadow Ball|p2a: Cresselia\n|-supereffective|p2a: Cresselia\n|-damage|p2a: Cresselia|177/323\n|-unboost|p2a: Cresselia|spd|1\n|-damage|p1a: Espeon|46/100|[from] item: Life Orb\n|move|p2a: Cresselia|Psyshock|p1a: Espeon\n|-resisted|p1a: Espeon\n|-damage|p1a: Espeon|0 fnt\n|faint|p1a: Espeon\n|\n|-heal|p2a: Cresselia|197/323|[from] item: Leftovers\n|upkeep\n|\n|t:|1783546569\n|switch|p1a: Oinkologne|Oinkologne, L92, M|100/100\n|turn|25\n|inactive|Time left: 300 sec this turn | 300 sec total\n|\n|t:|1783546570\n|move|p2a: Cresselia|Psyshock|p1a: Oinkologne\n|-damage|p1a: Oinkologne|57/100\n|move|p1a: Oinkologne|Double-Edge|p2a: Cresselia\n|-damage|p2a: Cresselia|67/323\n|-damage|p1a: Oinkologne|45/100|[from] Recoil\n|\n|-heal|p2a: Cresselia|87/323|[from] item: Leftovers\n|-heal|p1a: Oinkologne|51/100|[from] item: Leftovers\n|upkeep\n|turn|26\n|inactive|Time left: 300 sec this turn | 300 sec total\n|\n|t:|1783546572\n|move|p2a: Cresselia|Moonlight|p2a: Cresselia\n|-heal|p2a: Cresselia|248/323\n|move|p1a: Oinkologne|Lash Out|p2a: Cresselia\n|-supereffective|p2a: Cresselia\n|-damage|p2a: Cresselia|142/323\n|\n|-heal|p2a: Cresselia|162/323|[from] item: Leftovers\n|-heal|p1a: Oinkologne|57/100|[from] item: Leftovers\n|upkeep\n|turn|27\n|inactive|Time left: 300 sec this turn | 300 sec total\n|\n|t:|1783546573\n|move|p2a: Cresselia|Moonlight|p2a: Cresselia\n|-heal|p2a: Cresselia|323/323\n|move|p1a: Oinkologne|Lash Out|p2a: Cresselia\n|-supereffective|p2a: Cresselia\n|-crit|p2a: Cresselia\n|-damage|p2a: Cresselia|143/323\n|\n|-heal|p2a: Cresselia|163/323|[from] item: Leftovers\n|-heal|p1a: Oinkologne|63/100|[from] item: Leftovers\n|upkeep\n|turn|28\n|inactive|Time left: 300 sec this turn | 300 sec total\n|\n|t:|1783546574\n|move|p2a: Cresselia|Psyshock|p1a: Oinkologne\n|-damage|p1a: Oinkologne|15/100\n|move|p1a: Oinkologne|Lash Out|p2a: Cresselia\n|-supereffective|p2a: Cresselia\n|-damage|p2a: Cresselia|55/323\n|\n|-heal|p2a: Cresselia|75/323|[from] item: Leftovers\n|-heal|p1a: Oinkologne|21/100|[from] item: Leftovers\n|upkeep\n|turn|29\n|inactive|Time left: 300 sec this turn | 300 sec total\n|\n|t:|1783546575\n|switch|p1a: Bronzong|Bronzong, L88|66/100\n|move|p2a: Cresselia|Moonlight|p2a: Cresselia\n|-heal|p2a: Cresselia|236/323\n|\n|-heal|p2a: Cresselia|256/323|[from] item: Leftovers\n|-heal|p1a: Bronzong|73/100|[from] item: Leftovers\n|upkeep\n|turn|30\n|inactive|Time left: 300 sec this turn | 300 sec total\n|\n|t:|1783546576\n|move|p2a: Cresselia|Thunderbolt|p1a: Bronzong\n|-damage|p1a: Bronzong|38/100\n|move|p1a: Bronzong|Iron Defense|p1a: Bronzong\n|-boost|p1a: Bronzong|def|2\n|\n|-heal|p2a: Cresselia|276/323|[from] item: Leftovers\n|-heal|p1a: Bronzong|44/100|[from] item: Leftovers\n|upkeep\n|turn|31\n|inactive|Time left: 300 sec this turn | 300 sec total\n|\n|t:|1783546577\n|move|p2a: Cresselia|Thunderbolt|p1a: Bronzong\n|-damage|p1a: Bronzong|10/100\n|move|p1a: Bronzong|Iron Head|p2a: Cresselia\n|-damage|p2a: Cresselia|200/323\n|\n|-heal|p2a: Cresselia|220/323|[from] item: Leftovers\n|-heal|p1a: Bronzong|17/100|[from] item: Leftovers\n|upkeep\n|turn|32\n|inactive|Time left: 300 sec this turn | 300 sec total\n|\n|t:|1783546578\n|switch|p1a: Raikou|Raikou, L81|100/100\n|-ability|p1a: Raikou|Pressure\n|move|p2a: Cresselia|Thunderbolt|p1a: Raikou\n|-resisted|p1a: Raikou\n|-damage|p1a: Raikou|81/100\n|\n|-heal|p2a: Cresselia|240/323|[from] item: Leftovers\n|upkeep\n|turn|33\n|inactive|Time left: 300 sec this turn | 300 sec total\n|\n|t:|1783546579\n|move|p1a: Raikou|Calm Mind|p1a: Raikou\n|-boost|p1a: Raikou|spa|1\n|-boost|p1a: Raikou|spd|1\n|move|p2a: Cresselia|Psyshock|p1a: Raikou\n|-crit|p1a: Raikou\n|-damage|p1a: Raikou|0 fnt\n|faint|p1a: Raikou\n|\n|-heal|p2a: Cresselia|260/323|[from] item: Leftovers\n|upkeep\n|\n|t:|1783546580\n|switch|p1a: Glaceon|Glaceon, L94, M|100/100\n|turn|34\n|inactive|Time left: 300 sec this turn | 300 sec total\n|\n|t:|1783546581\n|move|p2a: Cresselia|Thunderbolt|p1a: Glaceon\n|-damage|p1a: Glaceon|66/100\n|move|p1a: Glaceon|Wish|p1a: Glaceon\n|\n|-heal|p2a: Cresselia|280/323|[from] item: Leftovers\n|upkeep\n|turn|35\n|inactive|Time left: 300 sec this turn | 300 sec total\n|\n|t:|1783546582\n|move|p1a: Glaceon|Protect|p1a: Glaceon\n|-singleturn|p1a: Glaceon|Protect\n|move|p2a: Cresselia|Thunderbolt|p1a: Glaceon\n|-activate|p1a: Glaceon|move: Protect\n|\n|-heal|p1a: Glaceon|100/100|[from] move: Wish|[wisher] Glaceon\n|-heal|p2a: Cresselia|300/323|[from] item: Leftovers\n|upkeep\n|turn|36\n|inactive|Time left: 300 sec this turn | 300 sec total\n|\n|t:|1783546583\n|move|p2a: Cresselia|Psyshock|p1a: Glaceon\n|-damage|p1a: Glaceon|54/100\n|move|p1a: Glaceon|Wish|p1a: Glaceon\n|\n|-heal|p2a: Cresselia|320/323|[from] item: Leftovers\n|upkeep\n|turn|37\n|inactive|Time left: 300 sec this turn | 300 sec total\n|\n|t:|1783546584\n|move|p1a: Glaceon|Protect|p1a: Glaceon\n|-singleturn|p1a: Glaceon|Protect\n|move|p2a: Cresselia|Thunderbolt|p1a: Glaceon\n|-activate|p1a: Glaceon|move: Protect\n|\n|-heal|p1a: Glaceon|100/100|[from] move: Wish|[wisher] Glaceon\n|-heal|p2a: Cresselia|323/323|[from] item: Leftovers\n|upkeep\n|turn|38\n|inactive|Time left: 300 sec this turn | 300 sec total\n|\n|t:|1783546584\n|move|p2a: Cresselia|Thunderbolt|p1a: Glaceon\n|-damage|p1a: Glaceon|62/100\n|move|p1a: Glaceon|Wish|p1a: Glaceon\n|\n|upkeep\n|turn|39\n|inactive|Time left: 300 sec this turn | 300 sec total\n|\n|t:|1783546585\n|move|p1a: Glaceon|Protect|p1a: Glaceon\n|-singleturn|p1a: Glaceon|Protect\n|move|p2a: Cresselia|Thunderbolt|p1a: Glaceon\n|-activate|p1a: Glaceon|move: Protect\n|\n|-heal|p1a: Glaceon|100/100|[from] move: Wish|[wisher] Glaceon\n|upkeep\n|turn|40\n|inactive|Time left: 300 sec this turn | 300 sec total\n|\n|t:|1783546586\n|move|p2a: Cresselia|Thunderbolt|p1a: Glaceon\n|-damage|p1a: Glaceon|62/100\n|move|p1a: Glaceon|Wish|p1a: Glaceon\n|\n|upkeep\n|turn|41\n|inactive|Time left: 300 sec this turn | 300 sec total\n|\n|t:|1783546587\n|move|p1a: Glaceon|Protect|p1a: Glaceon\n|-singleturn|p1a: Glaceon|Protect\n|move|p2a: Cresselia|Thunderbolt|p1a: Glaceon\n|-activate|p1a: Glaceon|move: Protect\n|\n|-heal|p1a: Glaceon|100/100|[from] move: Wish|[wisher] Glaceon\n|upkeep\n|turn|42\n|inactive|Time left: 300 sec this turn | 300 sec total\n|\n|t:|1783546588\n|move|p2a: Cresselia|Thunderbolt|p1a: Glaceon\n|-damage|p1a: Glaceon|65/100\n|move|p1a: Glaceon|Wish|p1a: Glaceon\n|\n|upkeep\n|turn|43\n|inactive|Time left: 300 sec this turn | 300 sec total\n|\n|t:|1783546589\n|move|p1a: Glaceon|Protect|p1a: Glaceon\n|-singleturn|p1a: Glaceon|Protect\n|move|p2a: Cresselia|Thunderbolt|p1a: Glaceon\n|-activate|p1a: Glaceon|move: Protect\n|\n|-heal|p1a: Glaceon|100/100|[from] move: Wish|[wisher] Glaceon\n|upkeep\n|turn|44\n|inactive|Time left: 300 sec this turn | 300 sec total\n|\n|t:|1783546590\n|move|p2a: Cresselia|Thunderbolt|p1a: Glaceon\n|-damage|p1a: Glaceon|65/100\n|move|p1a: Glaceon|Wish|p1a: Glaceon\n|\n|upkeep\n|turn|45\n|inactive|Time left: 300 sec this turn | 300 sec total\n|\n|t:|1783546590\n|move|p1a: Glaceon|Protect|p1a: Glaceon\n|-singleturn|p1a: Glaceon|Protect\n|move|p2a: Cresselia|Thunderbolt|p1a: Glaceon\n|-activate|p1a: Glaceon|move: Protect\n|\n|-heal|p1a: Glaceon|100/100|[from] move: Wish|[wisher] Glaceon\n|upkeep\n|turn|46\n|inactive|Time left: 300 sec this turn | 300 sec total\n|\n|t:|1783546591\n|move|p2a: Cresselia|Thunderbolt|p1a: Glaceon\n|-damage|p1a: Glaceon|62/100\n|move|p1a: Glaceon|Wish|p1a: Glaceon\n|\n|upkeep\n|turn|47\n|inactive|Time left: 300 sec this turn | 300 sec total\n|\n|t:|1783546592\n|move|p1a: Glaceon|Protect|p1a: Glaceon\n|-singleturn|p1a: Glaceon|Protect\n|move|p2a: Cresselia|Thunderbolt|p1a: Glaceon\n|-activate|p1a: Glaceon|move: Protect\n|\n|-heal|p1a: Glaceon|100/100|[from] move: Wish|[wisher] Glaceon\n|upkeep\n|turn|48\n|inactive|Time left: 300 sec this turn | 300 sec total\n|\n|t:|1783546594\n|move|p2a: Cresselia|Thunderbolt|p1a: Glaceon\n|-damage|p1a: Glaceon|62/100\n|move|p1a: Glaceon|Wish|p1a: Glaceon\n|\n|upkeep\n|turn|49\n|inactive|Time left: 300 sec this turn | 300 sec total\n|\n|t:|1783546595\n|move|p1a: Glaceon|Protect|p1a: Glaceon\n|-singleturn|p1a: Glaceon|Protect\n|move|p2a: Cresselia|Thunderbolt|p1a: Glaceon\n|-activate|p1a: Glaceon|move: Protect\n|\n|-heal|p1a: Glaceon|100/100|[from] move: Wish|[wisher] Glaceon\n|upkeep\n|turn|50\n|inactive|Time left: 300 sec this turn | 300 sec total\n|\n|t:|1783546596\n|move|p2a: Cresselia|Thunderbolt|p1a: Glaceon\n|-damage|p1a: Glaceon|62/100\n|move|p1a: Glaceon|Wish|p1a: Glaceon\n|\n|upkeep\n|turn|51\n|inactive|Time left: 300 sec this turn | 300 sec total\n|\n|t:|1783546597\n|move|p1a: Glaceon|Protect|p1a: Glaceon\n|-singleturn|p1a: Glaceon|Protect\n|move|p2a: Cresselia|Thunderbolt|p1a: Glaceon\n|-activate|p1a: Glaceon|move: Protect\n|\n|-heal|p1a: Glaceon|100/100|[from] move: Wish|[wisher] Glaceon\n|upkeep\n|turn|52\n|inactive|Time left: 300 sec this turn | 300 sec total\n|\n|t:|1783546598\n|move|p2a: Cresselia|Thunderbolt|p1a: Glaceon\n|-damage|p1a: Glaceon|65/100\n|move|p1a: Glaceon|Wish|p1a: Glaceon\n|\n|upkeep\n|turn|53\n|inactive|Time left: 300 sec this turn | 300 sec total\n|\n|t:|1783546599\n|move|p1a: Glaceon|Protect|p1a: Glaceon\n|-singleturn|p1a: Glaceon|Protect\n|move|p2a: Cresselia|Calm Mind|p2a: Cresselia\n|-boost|p2a: Cresselia|spa|1\n|-boost|p2a: Cresselia|spd|1\n|\n|-heal|p1a: Glaceon|100/100|[from] move: Wish|[wisher] Glaceon\n|upkeep\n|turn|54\n|inactive|Time left: 300 sec this turn | 300 sec total\n|\n|t:|1783546600\n|move|p2a: Cresselia|Psyshock|p1a: Glaceon\n|-damage|p1a: Glaceon|51/100\n|move|p1a: Glaceon|Wish|p1a: Glaceon\n|\n|upkeep\n|turn|55\n|inactive|Time left: 300 sec this turn | 300 sec total\n|\n|t:|1783546601\n|move|p1a: Glaceon|Protect|p1a: Glaceon\n|-singleturn|p1a: Glaceon|Protect\n|move|p2a: Cresselia|Thunderbolt|p1a: Glaceon\n|-activate|p1a: Glaceon|move: Protect\n|\n|-heal|p1a: Glaceon|100/100|[from] move: Wish|[wisher] Glaceon\n|upkeep\n|turn|56\n|inactive|Time left: 300 sec this turn | 300 sec total\n|\n|t:|1783546602\n|switch|p1a: Oinkologne|Oinkologne, L92, M|21/100\n|move|p2a: Cresselia|Calm Mind|p2a: Cresselia\n|-boost|p2a: Cresselia|spa|1\n|-boost|p2a: Cresselia|spd|1\n|\n|-heal|p1a: Oinkologne|27/100|[from] item: Leftovers\n|upkeep\n|turn|57\n|inactive|Time left: 300 sec this turn | 300 sec total\n|\n|t:|1783546603\n|move|p2a: Cresselia|Calm Mind|p2a: Cresselia\n|-boost|p2a: Cresselia|spa|1\n|-boost|p2a: Cresselia|spd|1\n|move|p1a: Oinkologne|Curse|p1a: Oinkologne\n|-unboost|p1a: Oinkologne|spe|1\n|-boost|p1a: Oinkologne|atk|1\n|-boost|p1a: Oinkologne|def|1\n|\n|-heal|p1a: Oinkologne|33/100|[from] item: Leftovers\n|upkeep\n|turn|58\n|inactive|Time left: 300 sec this turn | 300 sec total\n|\n|t:|1783546604\n|move|p2a: Cresselia|Calm Mind|p2a: Cresselia\n|-boost|p2a: Cresselia|spa|0\n|-boost|p2a: Cresselia|spd|1\n|move|p1a: Oinkologne|Curse|p1a: Oinkologne\n|-unboost|p1a: Oinkologne|spe|1\n|-boost|p1a: Oinkologne|atk|1\n|-boost|p1a: Oinkologne|def|1\n|\n|-heal|p1a: Oinkologne|40/100|[from] item: Leftovers\n|upkeep\n|turn|59\n|inactive|Time left: 300 sec this turn | 300 sec total\n|\n|t:|1783546605\n|move|p2a: Cresselia|Calm Mind|p2a: Cresselia\n|-boost|p2a: Cresselia|spa|0\n|-boost|p2a: Cresselia|spd|0\n|move|p1a: Oinkologne|Lash Out|p2a: Cresselia\n|-supereffective|p2a: Cresselia\n|-damage|p2a: Cresselia|109/323\n|\n|-heal|p2a: Cresselia|129/323|[from] item: Leftovers\n|-heal|p1a: Oinkologne|46/100|[from] item: Leftovers\n|upkeep\n|turn|60\n|inactive|Time left: 300 sec this turn | 300 sec total\n|\n|t:|1783546606\n|move|p2a: Cresselia|Moonlight|p2a: Cresselia\n|-heal|p2a: Cresselia|290/323\n|move|p1a: Oinkologne|Double-Edge|p2a: Cresselia\n|-damage|p2a: Cresselia|25/323\n|-damage|p1a: Oinkologne|21/100|[from] Recoil\n|\n|-heal|p2a: Cresselia|45/323|[from] item: Leftovers\n|-heal|p1a: Oinkologne|27/100|[from] item: Leftovers\n|upkeep\n|turn|61\n|inactive|Time left: 300 sec this turn | 300 sec total\n|\n|t:|1783546607\n|move|p2a: Cresselia|Moonlight|p2a: Cresselia\n|-heal|p2a: Cresselia|206/323\n|move|p1a: Oinkologne|Lash Out|p2a: Cresselia\n|-supereffective|p2a: Cresselia\n|-damage|p2a: Cresselia|0 fnt\n|faint|p2a: Cresselia\n|\n|-heal|p1a: Oinkologne|34/100|[from] item: Leftovers\n|upkeep\n|inactive|Time left: 300 sec this turn | 300 sec total | 5 sec grace\n|\n|t:|1783546608\n|switch|p2a: Pikachu|Pikachu-World, L93, F|216/216\n|-damage|p2a: Pikachu|189/216|[from] Stealth Rock\n|turn|62\n|inactive|Time left: 300 sec this turn | 300 sec total\n|\n|t:|1783546609\n|-terastallize|p2a: Pikachu|Water\n|move|p2a: Pikachu|Surf|p1a: Oinkologne\n|-damage|p1a: Oinkologne|0 fnt\n|faint|p1a: Oinkologne\n|\n|upkeep\n|\n|t:|1783546610\n|switch|p1a: Glaceon|Glaceon, L94, M|100/100\n|turn|63\n|inactive|Time left: 300 sec this turn | 300 sec total\n|\n|t:|1783546611\n|move|p2a: Pikachu|Volt Tackle|p1a: Glaceon\n|-damage|p1a: Glaceon|48/100\n|-damage|p2a: Pikachu|141/216|[from] Recoil\n|move|p1a: Glaceon|Freeze-Dry|p2a: Pikachu\n|-supereffective|p2a: Pikachu\n|-damage|p2a: Pikachu|0 fnt\n|faint|p2a: Pikachu\n|\n|upkeep\n|inactive|Time left: 300 sec this turn | 300 sec total | 5 sec grace\n|\n|t:|1783546612\n|switch|p2a: Cinccino|Cinccino, L83, M|260/260\n|-damage|p2a: Cinccino|228/260|[from] Stealth Rock\n|turn|64\n|inactive|Time left: 300 sec this turn | 300 sec total\n|\n|t:|1783546613\n|move|p2a: Cinccino|Tail Slap|p1a: Glaceon\n|-damage|p1a: Glaceon|37/100\n|-damage|p1a: Glaceon|27/100\n|-damage|p1a: Glaceon|16/100\n|-damage|p1a: Glaceon|5/100\n|-damage|p1a: Glaceon|0 fnt\n|faint|p1a: Glaceon\n|-hitcount|p1: Glaceon|5\n|\n|upkeep\n|\n|t:|1783546614\n|switch|p1a: Bronzong|Bronzong, L88|17/100\n|turn|65\n|inactive|Time left: 300 sec this turn | 300 sec total\n|\n|t:|1783546615\n|move|p2a: Cinccino|Triple Axel|p1a: Bronzong\n|-resisted|p1a: Bronzong\n|-damage|p1a: Bronzong|14/100\n|-resisted|p1a: Bronzong\n|-damage|p1a: Bronzong|8/100\n|-resisted|p1a: Bronzong\n|-damage|p1a: Bronzong|0 fnt\n|faint|p1a: Bronzong\n|-hitcount|p1: Bronzong|3\n|\n|win|p0y5824503", "uploadtime": 1783546615, "views": 0, "rating": 0, "private": 0, "password": null, "_winner": "p0y5824503", "_our_name": "p0y5824503"}