{"id": "battle-gen9randombattle-2404", "formatid": "gen9randombattle", "format": "[Gen 9] Random Battle", "players": ["p0x2404a7d6", "p0y240466ed"], "log": "|init|battle\n|title|p0x2404a7d6 vs. p0y240466ed\n|j|\u2606p0x2404a7d6\n|j|\u2606p0y240466ed\n|t:|1783567886\n|gametype|singles\n|player|p1|p0x2404a7d6|169|\n|player|p2|p0y240466ed|1|\n|gen|9\n|tier|[Gen 9] Random Battle\n|rule|Species Clause: Limit one of each Pok\u00e9mon\n|rule|HP Percentage Mod: HP is shown in percentages\n|rule|Sleep Clause Mod: Limit one foe put to sleep\n|rule|Illusion Level Mod: Illusion disguises the Pok\u00e9mon's true level\n|\n|t:|1783567886\n|teamsize|p1|6\n|teamsize|p2|6\n|start\n|switch|p1a: Hariyama|Hariyama, L87, F|100/100\n|switch|p2a: Grumpig|Grumpig, L92, M|297/297\n|turn|1\n|inactive|Battle timer is ON: inactive players will automatically lose when time's up. (requested by p0y240466ed)\n|inactive|p0x2404a7d6 also wants the timer to be on.\n|\n|t:|1783567888\n|move|p2a: Grumpig|Psychic|p1a: Hariyama\n|-supereffective|p1a: Hariyama\n|-damage|p1a: Hariyama|56/100\n|-unboost|p1a: Hariyama|spd|1\n|move|p1a: Hariyama|Knock Off|p2a: Grumpig\n|-supereffective|p2a: Grumpig\n|-damage|p2a: Grumpig|117/297\n|-enditem|p2a: Grumpig|Leftovers|[from] move: Knock Off|[of] p1a: Hariyama\n|\n|upkeep\n|turn|2\n|inactive|Time left: 300 sec this turn | 300 sec total\n|\n|t:|1783567889\n|switch|p1a: Volbeat|Volbeat, L90, M|100/100\n|move|p2a: Grumpig|Psychic|p1a: Volbeat\n|-damage|p1a: Volbeat|59/100\n|\n|upkeep\n|turn|3\n|inactive|Time left: 300 sec this turn | 300 sec total\n|\n|t:|1783567890\n|move|p1a: Volbeat|Lunge|p2a: Grumpig\n|-supereffective|p2a: Grumpig\n|-damage|p2a: Grumpig|0 fnt\n|faint|p2a: Grumpig\n|\n|upkeep\n|inactive|Time left: 300 sec this turn | 300 sec total | 5 sec grace\n|\n|t:|1783567891\n|switch|p2a: Urshifu|Urshifu-Rapid-Strike, L75, M|274/274\n|turn|4\n|inactive|Time left: 300 sec this turn | 300 sec total\n|\n|t:|1783567893\n|move|p1a: Volbeat|Thunder Wave|p2a: Urshifu\n|-status|p2a: Urshifu|par\n|move|p2a: Urshifu|Surging Strikes|p1a: Volbeat\n|-crit|p1a: Volbeat\n|-damage|p1a: Volbeat|34/100\n|-crit|p1a: Volbeat\n|-damage|p1a: Volbeat|10/100\n|-crit|p1a: Volbeat\n|-damage|p1a: Volbeat|0 fnt\n|faint|p1a: Volbeat\n|-hitcount|p1: Volbeat|3\n|\n|upkeep\n|\n|t:|1783567894\n|switch|p1a: Zebstrika|Zebstrika, L87, F|100/100\n|turn|5\n|inactive|Time left: 300 sec this turn | 300 sec total\n|\n|t:|1783567895\n|switch|p2a: Hippowdon|Hippowdon, L82, F|311/311\n|-weather|Sandstorm|[from] ability: Sand Stream|[of] p2a: Hippowdon\n|move|p1a: Zebstrika|Supercell Slam|p2a: Hippowdon\n|-immune|p2a: Hippowdon\n|-damage|p1a: Zebstrika|50/100|[from] supercellslam\n|\n|-weather|Sandstorm|[upkeep]\n|-damage|p1a: Zebstrika|44/100|[from] Sandstorm\n|upkeep\n|turn|6\n|inactive|Time left: 300 sec this turn | 300 sec total\n|\n|t:|1783567896\n|switch|p1a: Quagsire|Quagsire, L84, M|100/100\n|move|p2a: Hippowdon|Earthquake|p1a: Quagsire\n|-damage|p1a: Quagsire|59/100\n|\n|-weather|Sandstorm|[upkeep]\n|-heal|p1a: Quagsire|65/100|[from] item: Leftovers\n|upkeep\n|turn|7\n|inactive|Time left: 300 sec this turn | 300 sec total\n|\n|t:|1783567897\n|move|p2a: Hippowdon|Earthquake|p1a: Quagsire\n|-damage|p1a: Quagsire|23/100\n|move|p1a: Quagsire|Recover|p1a: Quagsire\n|-heal|p1a: Quagsire|73/100\n|\n|-weather|Sandstorm|[upkeep]\n|-heal|p1a: Quagsire|79/100|[from] item: Leftovers\n|upkeep\n|turn|8\n|inactive|Time left: 300 sec this turn | 300 sec total\n|\n|t:|1783567898\n|move|p2a: Hippowdon|Earthquake|p1a: Quagsire\n|-damage|p1a: Quagsire|37/100\n|move|p1a: Quagsire|Toxic|p2a: Hippowdon\n|-status|p2a: Hippowdon|tox\n|\n|-weather|Sandstorm|[upkeep]\n|-heal|p1a: Quagsire|43/100|[from] item: Leftovers\n|-damage|p2a: Hippowdon|292/311 tox|[from] psn\n|upkeep\n|turn|9\n|inactive|Time left: 300 sec this turn | 300 sec total\n|\n|t:|1783567899\n|move|p2a: Hippowdon|Earthquake|p1a: Quagsire\n|-damage|p1a: Quagsire|2/100\n|move|p1a: Quagsire|Recover|p1a: Quagsire\n|-heal|p1a: Quagsire|52/100\n|\n|-weather|none\n|-heal|p2a: Hippowdon|311/311 tox|[from] item: Leftovers\n|-heal|p1a: Quagsire|58/100|[from] item: Leftovers\n|-damage|p2a: Hippowdon|273/311 tox|[from] psn\n|upkeep\n|turn|10\n|inactive|Time left: 300 sec this turn | 300 sec total\n|\n|t:|1783567900\n|move|p2a: Hippowdon|Earthquake|p1a: Quagsire\n|-damage|p1a: Quagsire|18/100\n|move|p1a: Quagsire|Recover|p1a: Quagsire\n|-heal|p1a: Quagsire|68/100\n|\n|-heal|p2a: Hippowdon|292/311 tox|[from] item: Leftovers\n|-heal|p1a: Quagsire|74/100|[from] item: Leftovers\n|-damage|p2a: Hippowdon|235/311 tox|[from] psn\n|upkeep\n|turn|11\n|inactive|Time left: 300 sec this turn | 300 sec total\n|\n|t:|1783567901\n|move|p2a: Hippowdon|Earthquake|p1a: Quagsire\n|-damage|p1a: Quagsire|37/100\n|move|p1a: Quagsire|Recover|p1a: Quagsire\n|-heal|p1a: Quagsire|87/100\n|\n|-heal|p2a: Hippowdon|254/311 tox|[from] item: Leftovers\n|-heal|p1a: Quagsire|93/100|[from] item: Leftovers\n|-damage|p2a: Hippowdon|178/311 tox|[from] psn\n|upkeep\n|turn|12\n|inactive|Time left: 300 sec this turn | 300 sec total\n|\n|t:|1783567903\n|move|p2a: Hippowdon|Slack Off|p2a: Hippowdon\n|-heal|p2a: Hippowdon|311/311 tox\n|move|p1a: Quagsire|Spikes|p2a: Hippowdon\n|-sidestart|p2: p0y240466ed|Spikes\n|\n|-heal|p1a: Quagsire|99/100|[from] item: Leftovers\n|-damage|p2a: Hippowdon|216/311 tox|[from] psn\n|upkeep\n|turn|13\n|inactive|Time left: 300 sec this turn | 300 sec total\n|\n|t:|1783567904\n|switch|p2a: Eelektross|Eelektross, L87, M|290/290\n|move|p1a: Quagsire|Spikes|p2a: Eelektross\n|-sidestart|p2: p0y240466ed|Spikes\n|\n|-heal|p1a: Quagsire|100/100|[from] item: Leftovers\n|upkeep\n|turn|14\n|inactive|Time left: 300 sec this turn | 300 sec total\n|\n|t:|1783567905\n|move|p2a: Eelektross|Knock Off|p1a: Quagsire\n|-damage|p1a: Quagsire|73/100\n|-enditem|p1a: Quagsire|Leftovers|[from] move: Knock Off|[of] p2a: Eelektross\n|move|p1a: Quagsire|Spikes|p2a: Eelektross\n|-sidestart|p2: p0y240466ed|Spikes\n|\n|upkeep\n|turn|15\n|inactive|Time left: 300 sec this turn | 300 sec total\n|\n|t:|1783567906\n|move|p2a: Eelektross|Knock Off|p1a: Quagsire\n|-damage|p1a: Quagsire|54/100\n|move|p1a: Quagsire|Recover|p1a: Quagsire\n|-heal|p1a: Quagsire|100/100\n|\n|upkeep\n|turn|16\n|inactive|Time left: 300 sec this turn | 300 sec total\n|\n|t:|1783567907\n|move|p2a: Eelektross|Knock Off|p1a: Quagsire\n|-damage|p1a: Quagsire|80/100\n|move|p1a: Quagsire|Toxic|p2a: Eelektross\n|-status|p2a: Eelektross|tox\n|\n|-damage|p2a: Eelektross|272/290 tox|[from] psn\n|upkeep\n|turn|17\n|inactive|Time left: 300 sec this turn | 300 sec total\n|\n|t:|1783567908\n|move|p2a: Eelektross|Flamethrower|p1a: Quagsire\n|-resisted|p1a: Quagsire\n|-damage|p1a: Quagsire|65/100\n|move|p1a: Quagsire|Recover|p1a: Quagsire\n|-heal|p1a: Quagsire|100/100\n|\n|-damage|p2a: Eelektross|236/290 tox|[from] psn\n|upkeep\n|turn|18\n|inactive|Time left: 300 sec this turn | 300 sec total\n|\n|t:|1783567909\n|move|p2a: Eelektross|Knock Off|p1a: Quagsire\n|-damage|p1a: Quagsire|82/100\n|move|p1a: Quagsire|Earthquake|p2a: Eelektross\n|-immune|p2a: Eelektross|[from] ability: Levitate\n|\n|-damage|p2a: Eelektross|182/290 tox|[from] psn\n|upkeep\n|turn|19\n|inactive|Time left: 300 sec this turn | 300 sec total\n|\n|t:|1783567910\n|move|p2a: Eelektross|Discharge|p1a: Quagsire\n|-immune|p1a: Quagsire\n|move|p1a: Quagsire|Recover|p1a: Quagsire\n|-heal|p1a: Quagsire|100/100\n|\n|-damage|p2a: Eelektross|110/290 tox|[from] psn\n|upkeep\n|turn|20\n|inactive|Time left: 300 sec this turn | 300 sec total\n|\n|t:|1783567911\n|move|p2a: Eelektross|Knock Off|p1a: Quagsire\n|-damage|p1a: Quagsire|81/100\n|move|p1a: Quagsire|Earthquake|p2a: Eelektross\n|-immune|p2a: Eelektross|[from] ability: Levitate\n|\n|-damage|p2a: Eelektross|20/290 tox|[from] psn\n|upkeep\n|turn|21\n|inactive|Time left: 300 sec this turn | 300 sec total\n|\n|t:|1783567912\n|switch|p2a: Hippowdon|Hippowdon, L82, F|216/311 tox\n|-damage|p2a: Hippowdon|139/311 tox|[from] Spikes\n|-weather|Sandstorm|[from] ability: Sand Stream|[of] p2a: Hippowdon\n|move|p1a: Quagsire|Recover|p1a: Quagsire\n|-heal|p1a: Quagsire|100/100\n|\n|-weather|Sandstorm|[upkeep]\n|-heal|p2a: Hippowdon|158/311 tox|[from] item: Leftovers\n|-damage|p2a: Hippowdon|139/311 tox|[from] psn\n|upkeep\n|turn|22\n|inactive|Time left: 300 sec this turn | 300 sec total\n|\n|t:|1783567913\n|move|p2a: Hippowdon|Slack Off|p2a: Hippowdon\n|-heal|p2a: Hippowdon|295/311 tox\n|move|p1a: Quagsire|Earthquake|p2a: Hippowdon\n|-damage|p2a: Hippowdon|213/311 tox\n|\n|-weather|Sandstorm|[upkeep]\n|-heal|p2a: Hippowdon|232/311 tox|[from] item: Leftovers\n|-damage|p2a: Hippowdon|194/311 tox|[from] psn\n|upkeep\n|turn|23\n|inactive|Time left: 300 sec this turn | 300 sec total\n|\n|t:|1783567913\n|move|p2a: Hippowdon|Earthquake|p1a: Quagsire\n|-damage|p1a: Quagsire|62/100\n|move|p1a: Quagsire|Earthquake|p2a: Hippowdon\n|-damage|p2a: Hippowdon|112/311 tox\n|\n|-weather|Sandstorm|[upkeep]\n|-heal|p2a: Hippowdon|131/311 tox|[from] item: Leftovers\n|-damage|p2a: Hippowdon|74/311 tox|[from] psn\n|upkeep\n|turn|24\n|inactive|Time left: 300 sec this turn | 300 sec total\n|\n|t:|1783567914\n|move|p2a: Hippowdon|Slack Off|p2a: Hippowdon\n|-heal|p2a: Hippowdon|230/311 tox\n|move|p1a: Quagsire|Earthquake|p2a: Hippowdon\n|-damage|p2a: Hippowdon|148/311 tox\n|\n|-weather|Sandstorm|[upkeep]\n|-heal|p2a: Hippowdon|167/311 tox|[from] item: Leftovers\n|-damage|p2a: Hippowdon|91/311 tox|[from] psn\n|upkeep\n|turn|25\n|inactive|Time left: 300 sec this turn | 300 sec total\n|\n|t:|1783567915\n|move|p2a: Hippowdon|Earthquake|p1a: Quagsire\n|-damage|p1a: Quagsire|25/100\n|move|p1a: Quagsire|Earthquake|p2a: Hippowdon\n|-damage|p2a: Hippowdon|7/311 tox\n|\n|-weather|none\n|-heal|p2a: Hippowdon|26/311 tox|[from] item: Leftovers\n|-damage|p2a: Hippowdon|0 fnt|[from] psn\n|faint|p2a: Hippowdon\n|upkeep\n|inactive|Time left: 300 sec this turn | 300 sec total | 5 sec grace\n|\n|t:|1783567916\n|switch|p2a: Eelektross|Eelektross, L87, M|20/290 tox\n|turn|26\n|inactive|Time left: 300 sec this turn | 300 sec total\n|\n|t:|1783567917\n|switch|p1a: Hariyama|Hariyama, L87, F|56/100\n|move|p2a: Eelektross|Knock Off|p1a: Hariyama\n|-resisted|p1a: Hariyama\n|-damage|p1a: Hariyama|42/100\n|-enditem|p1a: Hariyama|Assault Vest|[from] move: Knock Off|[of] p2a: Eelektross\n|\n|-damage|p2a: Eelektross|2/290 tox|[from] psn\n|upkeep\n|turn|27\n|inactive|Time left: 300 sec this turn | 300 sec total\n|\n|t:|1783567918\n|move|p1a: Hariyama|Bullet Punch|p2a: Eelektross\n|-resisted|p2a: Eelektross\n|-damage|p2a: Eelektross|0 fnt\n|faint|p2a: Eelektross\n|\n|upkeep\n|inactive|Time left: 300 sec this turn | 300 sec total | 5 sec grace\n|\n|t:|1783567919\n|switch|p2a: Kingdra|Kingdra, L84, M|263/263\n|-damage|p2a: Kingdra|198/263|[from] Spikes\n|turn|28\n|inactive|Time left: 300 sec this turn | 300 sec total\n|\n|t:|1783567920\n|move|p2a: Kingdra|Wave Crash|p1a: Hariyama\n|-damage|p1a: Hariyama|0 fnt\n|faint|p1a: Hariyama\n|-damage|p2a: Kingdra|145/263|[from] Recoil\n|-damage|p2a: Kingdra|119/263|[from] item: Life Orb\n|\n|upkeep\n|\n|t:|1783567921\n|switch|p1a: Arceus|Arceus-Poison, L70|100/100\n|turn|29\n|inactive|Time left: 300 sec this turn | 300 sec total\n|\n|t:|1783567922\n|move|p1a: Arceus|Gunk Shot|p2a: Kingdra\n|-damage|p2a: Kingdra|8/263\n|move|p2a: Kingdra|Wave Crash|p1a: Arceus\n|-damage|p1a: Arceus|50/100\n|-damage|p2a: Kingdra|0 fnt|[from] Recoil\n|faint|p2a: Kingdra\n|\n|upkeep\n|inactive|Time left: 300 sec this turn | 300 sec total | 5 sec grace\n|\n|t:|1783567923\n|switch|p2a: Urshifu|Urshifu-Rapid-Strike, L75, M|274/274 par\n|-damage|p2a: Urshifu|206/274 par|[from] Spikes\n|turn|30\n|inactive|Time left: 300 sec this turn | 300 sec total\n|\n|t:|1783567924\n|move|p1a: Arceus|Gunk Shot|p2a: Urshifu|[miss]\n|-miss|p1a: Arceus|p2a: Urshifu\n|cant|p2a: Urshifu|par\n|\n|upkeep\n|turn|31\n|inactive|Time left: 300 sec this turn | 300 sec total\n|\n|t:|1783567925\n|move|p1a: Arceus|Earthquake|p2a: Urshifu\n|-damage|p2a: Urshifu|148/274 par\n|move|p2a: Urshifu|Surging Strikes|p1a: Arceus\n|-crit|p1a: Arceus\n|-damage|p1a: Arceus|30/100\n|-crit|p1a: Arceus\n|-damage|p1a: Arceus|10/100\n|-crit|p1a: Arceus\n|-damage|p1a: Arceus|0 fnt\n|faint|p1a: Arceus\n|-hitcount|p1: Arceus|3\n|\n|upkeep\n|\n|t:|1783567925\n|switch|p1a: Zebstrika|Zebstrika, L87, F|44/100\n|turn|32\n|inactive|Time left: 300 sec this turn | 300 sec total\n|\n|t:|1783567926\n|move|p1a: Zebstrika|Supercell Slam|p2a: Urshifu\n|-supereffective|p2a: Urshifu\n|-damage|p2a: Urshifu|0 fnt\n|faint|p2a: Urshifu\n|-damage|p1a: Zebstrika|34/100|[from] item: Life Orb\n|\n|upkeep\n|inactive|Time left: 300 sec this turn | 300 sec total | 5 sec grace\n|\n|t:|1783567927\n|switch|p2a: Zamazenta|Zamazenta-Crowned, L68|238/238\n|-damage|p2a: Zamazenta|179/238|[from] Spikes\n|-ability|p2a: Zamazenta|Dauntless Shield|boost\n|-boost|p2a: Zamazenta|def|1\n|turn|33\n|inactive|Time left: 300 sec this turn | 300 sec total\n|\n|t:|1783567928\n|-terastallize|p2a: Zamazenta|Ghost\n|move|p1a: Zebstrika|Overheat|p2a: Zamazenta\n|-damage|p2a: Zamazenta|91/238\n|-unboost|p1a: Zebstrika|spa|2\n|-damage|p1a: Zebstrika|24/100|[from] item: Life Orb\n|move|p2a: Zamazenta|Iron Defense|p2a: Zamazenta\n|-boost|p2a: Zamazenta|def|2\n|\n|upkeep\n|turn|34\n|inactive|Time left: 300 sec this turn | 300 sec total\n|\n|t:|1783567929\n|move|p1a: Zebstrika|Supercell Slam|p2a: Zamazenta\n|-damage|p2a: Zamazenta|36/238\n|-damage|p1a: Zebstrika|14/100|[from] item: Life Orb\n|move|p2a: Zamazenta|Heavy Slam|p1a: Zebstrika\n|-resisted|p1a: Zebstrika\n|-damage|p1a: Zebstrika|0 fnt\n|faint|p1a: Zebstrika\n|\n|upkeep\n|\n|t:|1783567930\n|switch|p1a: Quagsire|Quagsire, L84, M|25/100\n|turn|35\n|inactive|Time left: 300 sec this turn | 300 sec total\n|\n|t:|1783567931\n|move|p2a: Zamazenta|Body Press|p1a: Quagsire\n|-damage|p1a: Quagsire|0 fnt\n|faint|p1a: Quagsire\n|\n|upkeep\n|\n|t:|1783567931\n|switch|p1a: Sneasler|Sneasler, L74, M|100/100\n|turn|36\n|inactive|Time left: 300 sec this turn | 300 sec total\n|\n|t:|1783567932\n|-terastallize|p1a: Sneasler|Flying\n|move|p1a: Sneasler|Acrobatics|p2a: Zamazenta\n|-damage|p2a: Zamazenta|14/238\n|move|p2a: Zamazenta|Stone Edge|p1a: Sneasler\n|-supereffective|p1a: Sneasler\n|-crit|p1a: Sneasler\n|-damage|p1a: Sneasler|0 fnt\n|faint|p1a: Sneasler\n|\n|win|p0y240466ed", "uploadtime": 1783567932, "views": 0, "rating": 0, "private": 0, "password": null, "_winner": "p0y240466ed", "_our_name": "p0y240466ed"}