{"id": "battle-gen9randombattle-224", "formatid": "gen9randombattle", "format": "[Gen 9] Random Battle", "players": ["p0x224a79d", "p0y224baaf"], "log": "|init|battle\n|title|p0x224a79d vs. p0y224baaf\n|j|\u2606p0x224a79d\n|j|\u2606p0y224baaf\n|t:|1783541696\n|gametype|singles\n|player|p1|p0x224a79d|266|\n|player|p2|p0y224baaf|1|\n|gen|9\n|tier|[Gen 9] Random Battle\n|rule|Species Clause: Limit one of each Pok\u00e9mon\n|rule|HP Percentage Mod: HP is shown in percentages\n|rule|Sleep Clause Mod: Limit one foe put to sleep\n|rule|Illusion Level Mod: Illusion disguises the Pok\u00e9mon's true level\n|\n|t:|1783541696\n|teamsize|p1|6\n|teamsize|p2|6\n|start\n|switch|p1a: Altaria|Altaria, L89, M|100/100\n|switch|p2a: Staraptor|Staraptor, L79, M|263/263\n|turn|1\n|inactive|Battle timer is ON: inactive players will automatically lose when time's up. (requested by p0y224baaf)\n|inactive|p0x224a79d also wants the timer to be on.\n|\n|t:|1783541698\n|move|p2a: Staraptor|Brave Bird|p1a: Altaria\n|-damage|p1a: Altaria|18/100\n|-damage|p2a: Staraptor|187/263|[from] Recoil\n|move|p1a: Altaria|Brave Bird|p2a: Staraptor\n|-damage|p2a: Staraptor|40/263\n|-damage|p1a: Altaria|0 fnt|[from] Recoil\n|faint|p1a: Altaria\n|\n|upkeep\n|\n|t:|1783541699\n|switch|p1a: Weavile|Weavile, L79, F|100/100\n|turn|2\n|inactive|Time left: 300 sec this turn | 300 sec total\n|\n|t:|1783541700\n|switch|p2a: Torkoal|Torkoal, L88, M|266/266\n|-weather|SunnyDay|[from] ability: Drought|[of] p2a: Torkoal\n|move|p1a: Weavile|Knock Off|p2a: Torkoal\n|-damage|p2a: Torkoal|157/266\n|-enditem|p2a: Torkoal|Heavy-Duty Boots|[from] move: Knock Off|[of] p1a: Weavile\n|\n|-weather|SunnyDay|[upkeep]\n|upkeep\n|turn|3\n|inactive|Time left: 300 sec this turn | 300 sec total\n|\n|t:|1783541702\n|switch|p1a: Articuno|Articuno-Galar, L84|100/100\n|move|p2a: Torkoal|Fire Blast|p1a: Articuno\n|-damage|p1a: Articuno|45/100\n|\n|-weather|SunnyDay|[upkeep]\n|upkeep\n|turn|4\n|inactive|Time left: 300 sec this turn | 300 sec total\n|\n|t:|1783541703\n|move|p1a: Articuno|Calm Mind|p1a: Articuno\n|-boost|p1a: Articuno|spa|1\n|-boost|p1a: Articuno|spd|1\n|move|p2a: Torkoal|Fire Blast|p1a: Articuno|[miss]\n|-miss|p2a: Torkoal|p1a: Articuno\n|\n|-weather|SunnyDay|[upkeep]\n|upkeep\n|turn|5\n|inactive|Time left: 300 sec this turn | 300 sec total\n|\n|t:|1783541704\n|switch|p2a: Tyranitar|Tyranitar, L78, M|284/284\n|-weather|Sandstorm|[from] ability: Sand Stream|[of] p2a: Tyranitar\n|move|p1a: Articuno|Freezing Glare|p2a: Tyranitar\n|-immune|p2a: Tyranitar\n|\n|-weather|Sandstorm|[upkeep]\n|-damage|p1a: Articuno|39/100|[from] Sandstorm\n|upkeep\n|turn|6\n|inactive|Time left: 300 sec this turn | 300 sec total\n|\n|t:|1783541705\n|move|p1a: Articuno|Freezing Glare|p2a: Tyranitar\n|-immune|p2a: Tyranitar\n|move|p2a: Tyranitar|Knock Off|p1a: Articuno\n|-supereffective|p1a: Articuno\n|-damage|p1a: Articuno|0 fnt\n|-enditem|p1a: Articuno|Heavy-Duty Boots|[from] move: Knock Off|[of] p2a: Tyranitar\n|faint|p1a: Articuno\n|\n|-weather|Sandstorm|[upkeep]\n|upkeep\n|\n|t:|1783541706\n|switch|p1a: Trevenant|Trevenant, L89, M|100/100\n|turn|7\n|inactive|Time left: 300 sec this turn | 300 sec total\n|\n|t:|1783541707\n|switch|p2a: Torkoal|Torkoal, L88, M|157/266\n|-weather|SunnyDay|[from] ability: Drought|[of] p2a: Torkoal\n|move|p1a: Trevenant|Wood Hammer|p2a: Torkoal\n|-resisted|p2a: Torkoal\n|-damage|p2a: Torkoal|73/266\n|-damage|p1a: Trevenant|91/100|[from] Recoil\n|\n|-weather|SunnyDay|[upkeep]\n|upkeep\n|turn|8\n|inactive|Time left: 300 sec this turn | 300 sec total\n|\n|t:|1783541708\n|switch|p2a: Vivillon|Vivillon-High Plains, L83, F|268/268\n|move|p1a: Trevenant|Wood Hammer|p2a: Vivillon\n|-resisted|p2a: Vivillon\n|-damage|p2a: Vivillon|176/268\n|-damage|p1a: Trevenant|81/100|[from] Recoil\n|\n|-weather|SunnyDay|[upkeep]\n|upkeep\n|turn|9\n|inactive|Time left: 300 sec this turn | 300 sec total\n|\n|t:|1783541709\n|move|p2a: Vivillon|Hurricane|p1a: Trevenant\n|-supereffective|p1a: Trevenant\n|-damage|p1a: Trevenant|11/100\n|move|p1a: Trevenant|Wood Hammer|p2a: Vivillon\n|-resisted|p2a: Vivillon\n|-damage|p2a: Vivillon|86/268\n|-damage|p1a: Trevenant|1/100|[from] Recoil\n|\n|-weather|SunnyDay|[upkeep]\n|upkeep\n|turn|10\n|inactive|Time left: 300 sec this turn | 300 sec total\n|\n|t:|1783541710\n|move|p2a: Vivillon|Hurricane|p1a: Trevenant|[miss]\n|-miss|p2a: Vivillon|p1a: Trevenant\n|move|p1a: Trevenant|Wood Hammer|p2a: Vivillon\n|-resisted|p2a: Vivillon\n|-damage|p2a: Vivillon|4/268\n|-damage|p1a: Trevenant|0 fnt|[from] Recoil\n|faint|p1a: Trevenant\n|\n|-weather|SunnyDay|[upkeep]\n|upkeep\n|\n|t:|1783541711\n|switch|p1a: Weavile|Weavile, L79, F|100/100\n|turn|11\n|inactive|Time left: 300 sec this turn | 300 sec total\n|\n|t:|1783541712\n|move|p1a: Weavile|Triple Axel|p2a: Vivillon|[miss]\n|-miss|p1a: Weavile|p2a: Vivillon\n|move|p2a: Vivillon|Sleep Powder|p1a: Weavile\n|-status|p1a: Weavile|slp|[from] move: Sleep Powder\n|\n|-weather|none\n|upkeep\n|turn|12\n|inactive|Time left: 300 sec this turn | 300 sec total\n|\n|t:|1783541713\n|switch|p1a: Espeon|Espeon, L84, F|100/100\n|move|p2a: Vivillon|Hurricane|p1a: Espeon\n|-damage|p1a: Espeon|57/100\n|\n|upkeep\n|turn|13\n|inactive|Time left: 300 sec this turn | 300 sec total\n|\n|t:|1783541715\n|switch|p2a: Tyranitar|Tyranitar, L78, M|284/284\n|-weather|Sandstorm|[from] ability: Sand Stream|[of] p2a: Tyranitar\n|move|p1a: Espeon|Alluring Voice|p2a: Tyranitar\n|-supereffective|p2a: Tyranitar\n|-damage|p2a: Tyranitar|154/284\n|-enditem|p2a: Tyranitar|Weakness Policy\n|-boost|p2a: Tyranitar|atk|2|[from] item: Weakness Policy\n|-boost|p2a: Tyranitar|spa|2|[from] item: Weakness Policy\n|\n|-weather|Sandstorm|[upkeep]\n|-damage|p1a: Espeon|50/100|[from] Sandstorm\n|upkeep\n|turn|14\n|inactive|Time left: 300 sec this turn | 300 sec total\n|\n|t:|1783541716\n|-terastallize|p1a: Espeon|Fairy\n|move|p1a: Espeon|Alluring Voice|p2a: Tyranitar\n|-supereffective|p2a: Tyranitar\n|-damage|p2a: Tyranitar|0 fnt\n|faint|p2a: Tyranitar\n|\n|-weather|Sandstorm|[upkeep]\n|-damage|p1a: Espeon|44/100|[from] Sandstorm\n|upkeep\n|inactive|Time left: 300 sec this turn | 300 sec total | 5 sec grace\n|\n|t:|1783541717\n|switch|p2a: Rotom|Rotom-Wash, L82|216/216\n|turn|15\n|inactive|Time left: 300 sec this turn | 300 sec total\n|\n|t:|1783541718\n|move|p2a: Rotom|Hydro Pump|p1a: Espeon\n|-damage|p1a: Espeon|3/100\n|move|p1a: Espeon|Alluring Voice|p2a: Rotom\n|-damage|p2a: Rotom|74/216\n|\n|-weather|Sandstorm|[upkeep]\n|-damage|p2a: Rotom|61/216|[from] Sandstorm\n|-damage|p1a: Espeon|0 fnt|[from] Sandstorm\n|faint|p1a: Espeon\n|upkeep\n|\n|t:|1783541719\n|switch|p1a: Cobalion|Cobalion, L80|100/100\n|turn|16\n|inactive|Time left: 300 sec this turn | 300 sec total\n|\n|t:|1783541720\n|move|p2a: Rotom|Hydro Pump|p1a: Cobalion\n|-damage|p1a: Cobalion|51/100\n|move|p1a: Cobalion|Swords Dance|p1a: Cobalion\n|-boost|p1a: Cobalion|atk|2\n|\n|-weather|Sandstorm|[upkeep]\n|-damage|p2a: Rotom|48/216|[from] Sandstorm\n|-heal|p1a: Cobalion|57/100|[from] item: Leftovers\n|upkeep\n|turn|17\n|inactive|Time left: 300 sec this turn | 300 sec total\n|\n|t:|1783541721\n|move|p2a: Rotom|Hydro Pump|p1a: Cobalion|[miss]\n|-miss|p2a: Rotom|p1a: Cobalion\n|move|p1a: Cobalion|Close Combat|p2a: Rotom\n|-damage|p2a: Rotom|0 fnt\n|-unboost|p1a: Cobalion|def|1\n|-unboost|p1a: Cobalion|spd|1\n|faint|p2a: Rotom\n|\n|-weather|none\n|-heal|p1a: Cobalion|63/100|[from] item: Leftovers\n|upkeep\n|inactive|Time left: 300 sec this turn | 300 sec total | 5 sec grace\n|\n|t:|1783541722\n|switch|p2a: Feraligatr|Feraligatr, L79, F|264/264\n|turn|18\n|inactive|Time left: 300 sec this turn | 300 sec total\n|\n|t:|1783541723\n|move|p1a: Cobalion|Iron Head|p2a: Feraligatr\n|-resisted|p2a: Feraligatr\n|-damage|p2a: Feraligatr|190/264\n|cant|p2a: Feraligatr|flinch\n|\n|-heal|p1a: Cobalion|69/100|[from] item: Leftovers\n|upkeep\n|turn|19\n|inactive|Time left: 300 sec this turn | 300 sec total\n|\n|t:|1783541725\n|switch|p2a: Vivillon|Vivillon-High Plains, L83, F|4/268\n|move|p1a: Cobalion|Close Combat|p2a: Vivillon\n|-resisted|p2a: Vivillon\n|-damage|p2a: Vivillon|0 fnt\n|-unboost|p1a: Cobalion|def|1\n|-unboost|p1a: Cobalion|spd|1\n|faint|p2a: Vivillon\n|\n|-heal|p1a: Cobalion|75/100|[from] item: Leftovers\n|upkeep\n|inactive|Time left: 300 sec this turn | 300 sec total | 5 sec grace\n|\n|t:|1783541726\n|switch|p2a: Staraptor|Staraptor, L79, M|40/263\n|turn|20\n|inactive|Time left: 300 sec this turn | 300 sec total\n|\n|t:|1783541727\n|switch|p2a: Torkoal|Torkoal, L88, M|73/266\n|-weather|SunnyDay|[from] ability: Drought|[of] p2a: Torkoal\n|move|p1a: Cobalion|Iron Head|p2a: Torkoal\n|-resisted|p2a: Torkoal\n|-damage|p2a: Torkoal|22/266\n|\n|-weather|SunnyDay|[upkeep]\n|-heal|p1a: Cobalion|81/100|[from] item: Leftovers\n|upkeep\n|turn|21\n|inactive|Time left: 300 sec this turn | 300 sec total\n|\n|t:|1783541728\n|move|p1a: Cobalion|Iron Head|p2a: Torkoal\n|-resisted|p2a: Torkoal\n|-crit|p2a: Torkoal\n|-damage|p2a: Torkoal|0 fnt\n|faint|p2a: Torkoal\n|\n|-weather|SunnyDay|[upkeep]\n|-heal|p1a: Cobalion|88/100|[from] item: Leftovers\n|upkeep\n|inactive|Time left: 300 sec this turn | 300 sec total | 5 sec grace\n|\n|t:|1783541729\n|switch|p2a: Staraptor|Staraptor, L79, M|40/263\n|turn|22\n|inactive|Time left: 300 sec this turn | 300 sec total\n|\n|t:|1783541730\n|move|p1a: Cobalion|Close Combat|p2a: Staraptor\n|-damage|p2a: Staraptor|0 fnt\n|-unboost|p1a: Cobalion|def|1\n|-unboost|p1a: Cobalion|spd|1\n|faint|p2a: Staraptor\n|\n|-weather|SunnyDay|[upkeep]\n|-heal|p1a: Cobalion|94/100|[from] item: Leftovers\n|upkeep\n|inactive|Time left: 300 sec this turn | 300 sec total | 5 sec grace\n|\n|t:|1783541731\n|switch|p2a: Feraligatr|Feraligatr, L79, F|190/264\n|turn|23\n|inactive|Time left: 300 sec this turn | 300 sec total\n|\n|t:|1783541731\n|move|p1a: Cobalion|Close Combat|p2a: Feraligatr\n|-damage|p2a: Feraligatr|0 fnt\n|-unboost|p1a: Cobalion|def|1\n|-unboost|p1a: Cobalion|spd|1\n|faint|p2a: Feraligatr\n|\n|win|p0x224a79d", "uploadtime": 1783541731, "views": 0, "rating": 0, "private": 0, "password": null, "_winner": "p0x224a79d", "_our_name": "p0y224baaf"}