{"id": "battle-gen9randombattle-1838", "formatid": "gen9randombattle", "format": "[Gen 9] Random Battle", "players": ["p0x1838c504", "p0y183866d4"], "log": "|init|battle\n|title|p0x1838c504 vs. p0y183866d4\n|j|\u2606p0x1838c504\n|j|\u2606p0y183866d4\n|t:|1783561251\n|gametype|singles\n|player|p1|p0x1838c504|265|\n|player|p2|p0y183866d4|102|\n|gen|9\n|tier|[Gen 9] Random Battle\n|rule|Species Clause: Limit one of each Pok\u00e9mon\n|rule|HP Percentage Mod: HP is shown in percentages\n|rule|Sleep Clause Mod: Limit one foe put to sleep\n|rule|Illusion Level Mod: Illusion disguises the Pok\u00e9mon's true level\n|\n|t:|1783561251\n|teamsize|p1|6\n|teamsize|p2|6\n|start\n|switch|p1a: Empoleon|Empoleon, L84, M|100/100\n|switch|p2a: Morpeko|Morpeko, L88, F|245/245\n|turn|1\n|inactive|Battle timer is ON: inactive players will automatically lose when time's up. (requested by p0x1838c504)\n|inactive|Time left: 300 sec this turn | 300 sec total | 60 sec grace\n|inactive|p0y183866d4 also wants the timer to be on.\n|\n|t:|1783561253\n|switch|p1a: Dragalge|Dragalge, L88, F|100/100\n|move|p2a: Morpeko|Aura Wheel|p1a: Dragalge\n|-resisted|p1a: Dragalge\n|-damage|p1a: Dragalge|80/100\n|-boost|p2a: Morpeko|spe|1\n|\n|-heal|p1a: Dragalge|86/100|[from] item: Leftovers\n|-formechange|p2a: Morpeko|Morpeko-Hangry||[from] ability: Hunger Switch\n|upkeep\n|turn|2\n|inactive|Time left: 300 sec this turn | 300 sec total\n|\n|t:|1783561254\n|move|p2a: Morpeko|Knock Off|p1a: Dragalge\n|-damage|p1a: Dragalge|45/100\n|-enditem|p1a: Dragalge|Leftovers|[from] move: Knock Off|[of] p2a: Morpeko\n|move|p1a: Dragalge|Draco Meteor|p2a: Morpeko\n|-damage|p2a: Morpeko|7/245\n|-unboost|p1a: Dragalge|spa|2\n|\n|-heal|p2a: Morpeko|22/245|[from] item: Leftovers\n|-formechange|p2a: Morpeko|Morpeko||[from] ability: Hunger Switch\n|upkeep\n|turn|3\n|inactive|Time left: 300 sec this turn | 300 sec total\n|\n|t:|1783561255\n|move|p2a: Morpeko|Aura Wheel|p1a: Dragalge\n|-resisted|p1a: Dragalge\n|-damage|p1a: Dragalge|21/100\n|-boost|p2a: Morpeko|spe|1\n|move|p1a: Dragalge|Toxic|p2a: Morpeko\n|-status|p2a: Morpeko|tox\n|\n|-heal|p2a: Morpeko|37/245 tox|[from] item: Leftovers\n|-damage|p2a: Morpeko|22/245 tox|[from] psn\n|-formechange|p2a: Morpeko|Morpeko-Hangry||[from] ability: Hunger Switch\n|upkeep\n|turn|4\n|inactive|Time left: 300 sec this turn | 300 sec total\n|\n|t:|1783561256\n|switch|p1a: Salamence|Salamence, L77, M|100/100\n|move|p2a: Morpeko|Knock Off|p1a: Salamence\n|-damage|p1a: Salamence|49/100\n|-enditem|p1a: Salamence|Heavy-Duty Boots|[from] move: Knock Off|[of] p2a: Morpeko\n|\n|-heal|p2a: Morpeko|37/245 tox|[from] item: Leftovers\n|-damage|p2a: Morpeko|7/245 tox|[from] psn\n|-formechange|p2a: Morpeko|Morpeko||[from] ability: Hunger Switch\n|upkeep\n|turn|5\n|inactive|Time left: 300 sec this turn | 300 sec total\n|\n|t:|1783561257\n|move|p2a: Morpeko|Aura Wheel|p1a: Salamence\n|-damage|p1a: Salamence|0 fnt\n|-boost|p2a: Morpeko|spe|1\n|faint|p1a: Salamence\n|\n|-heal|p2a: Morpeko|22/245 tox|[from] item: Leftovers\n|-damage|p2a: Morpeko|0 fnt|[from] psn\n|faint|p2a: Morpeko\n|upkeep\n|inactive|Time left: 300 sec this turn | 300 sec total | 5 sec grace\n|\n|t:|1783561258\n|switch|p2a: Dragonite|Dragonite, L74, F|257/257\n|switch|p1a: Smeargle|Smeargle, L95, M|100/100\n|turn|6\n|inactive|Time left: 300 sec this turn | 300 sec total\n|\n|t:|1783561260\n|move|p1a: Smeargle|Spore|p2a: Dragonite\n|-status|p2a: Dragonite|slp|[from] move: Spore\n|cant|p2a: Dragonite|slp\n|\n|upkeep\n|turn|7\n|inactive|Time left: 300 sec this turn | 300 sec total\n|\n|t:|1783561261\n|move|p1a: Smeargle|Sticky Web|p2a: Dragonite\n|-sidestart|p2: p0y183866d4|move: Sticky Web\n|cant|p2a: Dragonite|slp\n|\n|upkeep\n|turn|8\n|inactive|Time left: 300 sec this turn | 300 sec total\n|\n|t:|1783561262\n|switch|p1a: Empoleon|Empoleon, L84, M|100/100\n|-curestatus|p2a: Dragonite|slp|[msg]\n|move|p2a: Dragonite|Outrage|p1a: Empoleon\n|-resisted|p1a: Empoleon\n|-damage|p1a: Empoleon|79/100\n|\n|-heal|p1a: Empoleon|85/100|[from] item: Leftovers\n|upkeep\n|turn|9\n|inactive|Time left: 300 sec this turn | 300 sec total\n|\n|t:|1783561263\n|move|p2a: Dragonite|Outrage|p1a: Empoleon|[from] lockedmove\n|-resisted|p1a: Empoleon\n|-damage|p1a: Empoleon|62/100\n|-start|p2a: Dragonite|confusion|[fatigue]\n|move|p1a: Empoleon|Stealth Rock|p2a: Dragonite\n|-sidestart|p2: p0y183866d4|move: Stealth Rock\n|\n|-heal|p1a: Empoleon|68/100|[from] item: Leftovers\n|upkeep\n|turn|10\n|inactive|Time left: 300 sec this turn | 300 sec total\n|\n|t:|1783561264\n|-activate|p2a: Dragonite|confusion\n|move|p2a: Dragonite|Earthquake|p1a: Empoleon\n|-supereffective|p1a: Empoleon\n|-damage|p1a: Empoleon|13/100\n|move|p1a: Empoleon|Surf|p2a: Dragonite\n|-resisted|p2a: Dragonite\n|-damage|p2a: Dragonite|230/257\n|\n|-heal|p1a: Empoleon|19/100|[from] item: Leftovers\n|upkeep\n|turn|11\n|inactive|Time left: 300 sec this turn | 300 sec total\n|\n|t:|1783561265\n|-activate|p2a: Dragonite|confusion\n|move|p2a: Dragonite|Outrage|p1a: Empoleon\n|-resisted|p1a: Empoleon\n|-damage|p1a: Empoleon|0 fnt\n|faint|p1a: Empoleon\n|\n|upkeep\n|\n|t:|1783561267\n|switch|p1a: Kyogre|Kyogre, L71|100/100\n|-weather|RainDance|[from] ability: Drizzle|[of] p1a: Kyogre\n|turn|12\n|inactive|Time left: 300 sec this turn | 300 sec total\n|\n|t:|1783561268\n|move|p1a: Kyogre|Ice Beam|p2a: Dragonite\n|-supereffective|p2a: Dragonite\n|-damage|p2a: Dragonite|0 fnt\n|faint|p2a: Dragonite\n|\n|-weather|RainDance|[upkeep]\n|upkeep\n|inactive|Time left: 300 sec this turn | 300 sec total | 5 sec grace\n|\n|t:|1783561269\n|switch|p2a: Azumarill|Azumarill, L82, F|298/298\n|-activate|p2a: Azumarill|move: Sticky Web\n|-unboost|p2a: Azumarill|spe|1\n|-damage|p2a: Azumarill|261/298|[from] Stealth Rock\n|turn|13\n|inactive|Time left: 300 sec this turn | 300 sec total\n|\n|t:|1783561270\n|move|p1a: Kyogre|Thunder|p2a: Azumarill\n|-supereffective|p2a: Azumarill\n|-damage|p2a: Azumarill|85/298\n|move|p2a: Azumarill|Liquidation|p1a: Kyogre\n|-resisted|p1a: Kyogre\n|-crit|p1a: Kyogre\n|-damage|p1a: Kyogre|23/100\n|\n|-weather|RainDance|[upkeep]\n|-heal|p1a: Kyogre|29/100|[from] item: Leftovers\n|upkeep\n|turn|14\n|inactive|Time left: 300 sec this turn | 300 sec total\n|\n|t:|1783561271\n|move|p1a: Kyogre|Origin Pulse|p2a: Azumarill\n|-resisted|p2a: Azumarill\n|-damage|p2a: Azumarill|0 fnt\n|faint|p2a: Azumarill\n|\n|-weather|RainDance|[upkeep]\n|-heal|p1a: Kyogre|35/100|[from] item: Leftovers\n|upkeep\n|inactive|Time left: 300 sec this turn | 300 sec total | 5 sec grace\n|\n|t:|1783561272\n|switch|p2a: Oricorio|Oricorio-Pom-Pom, L82, M|257/257\n|turn|15\n|inactive|Time left: 300 sec this turn | 300 sec total\n|\n|t:|1783561273\n|move|p2a: Oricorio|Quiver Dance|p2a: Oricorio\n|-boost|p2a: Oricorio|spa|1\n|-boost|p2a: Oricorio|spd|1\n|-boost|p2a: Oricorio|spe|1\n|move|p1a: Kyogre|Ice Beam|p2a: Oricorio\n|-supereffective|p2a: Oricorio\n|-damage|p2a: Oricorio|155/257\n|\n|-weather|RainDance|[upkeep]\n|-heal|p1a: Kyogre|41/100|[from] item: Leftovers\n|upkeep\n|turn|16\n|inactive|Time left: 300 sec this turn | 300 sec total\n|\n|t:|1783561274\n|switch|p1a: Ho-Oh|Ho-Oh, L71|100/100\n|move|p2a: Oricorio|Hurricane|p1a: Ho-Oh\n|-damage|p1a: Ho-Oh|56/100\n|\n|-weather|none\n|upkeep\n|turn|17\n|inactive|Time left: 300 sec this turn | 300 sec total\n|\n|t:|1783561275\n|-terastallize|p1a: Ho-Oh|Ground\n|move|p2a: Oricorio|Revelation Dance|p1a: Ho-Oh\n|-immune|p1a: Ho-Oh\n|move|p1a: Ho-Oh|Sacred Fire|p2a: Oricorio\n|-damage|p2a: Oricorio|34/257\n|-status|p2a: Oricorio|brn\n|\n|-damage|p2a: Oricorio|18/257 brn|[from] brn\n|upkeep\n|turn|18\n|inactive|Time left: 300 sec this turn | 300 sec total\n|\n|t:|1783561276\n|move|p2a: Oricorio|Roost|p2a: Oricorio\n|-heal|p2a: Oricorio|147/257 brn\n|-singleturn|p2a: Oricorio|move: Roost\n|move|p1a: Ho-Oh|Earthquake|p2a: Oricorio\n|-supereffective|p2a: Oricorio\n|-damage|p2a: Oricorio|0 fnt\n|faint|p2a: Oricorio\n|\n|upkeep\n|inactive|Time left: 300 sec this turn | 300 sec total | 5 sec grace\n|\n|t:|1783561276\n|switch|p2a: Okidogi|Okidogi, L77, M|262/262\n|-activate|p2a: Okidogi|move: Sticky Web\n|-unboost|p2a: Okidogi|spe|1\n|-damage|p2a: Okidogi|246/262|[from] Stealth Rock\n|turn|19\n|inactive|Time left: 300 sec this turn | 300 sec total\n|\n|t:|1783561277\n|move|p1a: Ho-Oh|Sacred Fire|p2a: Okidogi\n|-damage|p2a: Okidogi|165/262\n|move|p2a: Okidogi|Drain Punch|p1a: Ho-Oh\n|-damage|p1a: Ho-Oh|22/100\n|-heal|p2a: Okidogi|212/262|[from] drain|[of] p1a: Ho-Oh\n|-status|p1a: Ho-Oh|tox|[from] ability: Toxic Chain|[of] p2a: Okidogi\n|\n|-damage|p1a: Ho-Oh|16/100 tox|[from] psn\n|upkeep\n|turn|20\n|inactive|Time left: 300 sec this turn | 300 sec total\n|\n|t:|1783561278\n|move|p1a: Ho-Oh|Brave Bird|p2a: Okidogi\n|-supereffective|p2a: Okidogi\n|-damage|p2a: Okidogi|6/262\n|-damage|p1a: Ho-Oh|0 fnt|[from] Recoil\n|faint|p1a: Ho-Oh\n|move|p2a: Okidogi|Drain Punch|p1: Ho-Oh|[notarget]\n|-fail|p2a: Okidogi\n|\n|upkeep\n|\n|t:|1783561279\n|switch|p1a: Kyogre|Kyogre, L71|41/100\n|-weather|RainDance|[from] ability: Drizzle|[of] p1a: Kyogre\n|turn|21\n|inactive|Time left: 300 sec this turn | 300 sec total\n|\n|t:|1783561280\n|move|p1a: Kyogre|Ice Beam|p2a: Okidogi\n|-crit|p2a: Okidogi\n|-damage|p2a: Okidogi|0 fnt\n|faint|p2a: Okidogi\n|\n|-weather|RainDance|[upkeep]\n|-heal|p1a: Kyogre|47/100|[from] item: Leftovers\n|upkeep\n|inactive|Time left: 300 sec this turn | 300 sec total | 5 sec grace\n|\n|t:|1783561281\n|switch|p2a: Arceus|Arceus-Dark, L71|288/288\n|-activate|p2a: Arceus|move: Sticky Web\n|-unboost|p2a: Arceus|spe|1\n|-damage|p2a: Arceus|252/288|[from] Stealth Rock\n|turn|22\n|inactive|Time left: 300 sec this turn | 300 sec total\n|\n|t:|1783561282\n|move|p1a: Kyogre|Origin Pulse|p2a: Arceus\n|-damage|p2a: Arceus|92/288\n|move|p2a: Arceus|Recover|p2a: Arceus\n|-heal|p2a: Arceus|236/288\n|\n|-weather|RainDance|[upkeep]\n|-heal|p1a: Kyogre|53/100|[from] item: Leftovers\n|upkeep\n|turn|23\n|inactive|Time left: 300 sec this turn | 300 sec total\n|\n|t:|1783561283\n|move|p1a: Kyogre|Origin Pulse|p2a: Arceus\n|-damage|p2a: Arceus|76/288\n|move|p2a: Arceus|Recover|p2a: Arceus\n|-heal|p2a: Arceus|220/288\n|\n|-weather|RainDance|[upkeep]\n|-heal|p1a: Kyogre|60/100|[from] item: Leftovers\n|upkeep\n|turn|24\n|inactive|Time left: 300 sec this turn | 300 sec total\n|\n|t:|1783561283\n|move|p1a: Kyogre|Origin Pulse|p2a: Arceus|[miss]\n|-miss|p1a: Kyogre|p2a: Arceus\n|move|p2a: Arceus|Recover|p2a: Arceus\n|-heal|p2a: Arceus|288/288\n|\n|-weather|RainDance|[upkeep]\n|-heal|p1a: Kyogre|66/100|[from] item: Leftovers\n|upkeep\n|turn|25\n|inactive|Time left: 300 sec this turn | 300 sec total\n|\n|t:|1783561284\n|move|p1a: Kyogre|Calm Mind|p1a: Kyogre\n|-boost|p1a: Kyogre|spa|1\n|-boost|p1a: Kyogre|spd|1\n|move|p2a: Arceus|Calm Mind|p2a: Arceus\n|-boost|p2a: Arceus|spa|1\n|-boost|p2a: Arceus|spd|1\n|\n|-weather|none\n|-heal|p1a: Kyogre|72/100|[from] item: Leftovers\n|upkeep\n|turn|26\n|inactive|Time left: 300 sec this turn | 300 sec total\n|\n|t:|1783561285\n|move|p1a: Kyogre|Calm Mind|p1a: Kyogre\n|-boost|p1a: Kyogre|spa|1\n|-boost|p1a: Kyogre|spd|1\n|move|p2a: Arceus|Calm Mind|p2a: Arceus\n|-boost|p2a: Arceus|spa|1\n|-boost|p2a: Arceus|spd|1\n|\n|-heal|p1a: Kyogre|78/100|[from] item: Leftovers\n|upkeep\n|turn|27\n|inactive|Time left: 300 sec this turn | 300 sec total\n|\n|t:|1783561286\n|move|p1a: Kyogre|Calm Mind|p1a: Kyogre\n|-boost|p1a: Kyogre|spa|1\n|-boost|p1a: Kyogre|spd|1\n|move|p2a: Arceus|Judgment|p1a: Kyogre\n|-damage|p1a: Kyogre|50/100\n|\n|-heal|p1a: Kyogre|56/100|[from] item: Leftovers\n|upkeep\n|turn|28\n|inactive|Time left: 300 sec this turn | 300 sec total\n|\n|t:|1783561287\n|-terastallize|p2a: Arceus|Poison\n|move|p1a: Kyogre|Origin Pulse|p2a: Arceus\n|-damage|p2a: Arceus|146/288\n|move|p2a: Arceus|Sludge Bomb|p1a: Kyogre\n|-damage|p1a: Kyogre|35/100\n|-status|p1a: Kyogre|psn\n|\n|-heal|p1a: Kyogre|41/100 psn|[from] item: Leftovers\n|-damage|p1a: Kyogre|29/100 psn|[from] psn\n|upkeep\n|turn|29\n|inactive|Time left: 300 sec this turn | 300 sec total\n|\n|t:|1783561288\n|move|p1a: Kyogre|Origin Pulse|p2a: Arceus\n|-damage|p2a: Arceus|13/288\n|move|p2a: Arceus|Recover|p2a: Arceus\n|-heal|p2a: Arceus|157/288\n|\n|-heal|p1a: Kyogre|35/100 psn|[from] item: Leftovers\n|-damage|p1a: Kyogre|23/100 psn|[from] psn\n|upkeep\n|turn|30\n|inactive|Time left: 300 sec this turn | 300 sec total\n|\n|t:|1783561289\n|move|p1a: Kyogre|Origin Pulse|p2a: Arceus\n|-damage|p2a: Arceus|24/288\n|move|p2a: Arceus|Recover|p2a: Arceus\n|-heal|p2a: Arceus|168/288\n|\n|-heal|p1a: Kyogre|29/100 psn|[from] item: Leftovers\n|-damage|p1a: Kyogre|17/100 psn|[from] psn\n|upkeep\n|turn|31\n|inactive|Time left: 300 sec this turn | 300 sec total\n|\n|t:|1783561290\n|move|p1a: Kyogre|Thunder|p2a: Arceus\n|-damage|p2a: Arceus|79/288\n|move|p2a: Arceus|Recover|p2a: Arceus\n|-heal|p2a: Arceus|223/288\n|\n|-heal|p1a: Kyogre|23/100 psn|[from] item: Leftovers\n|-damage|p1a: Kyogre|11/100 psn|[from] psn\n|upkeep\n|turn|32\n|inactive|Time left: 300 sec this turn | 300 sec total\n|\n|t:|1783561291\n|move|p1a: Kyogre|Ice Beam|p2a: Arceus\n|-damage|p2a: Arceus|149/288\n|move|p2a: Arceus|Recover|p2a: Arceus\n|-heal|p2a: Arceus|288/288\n|\n|-heal|p1a: Kyogre|17/100 psn|[from] item: Leftovers\n|-damage|p1a: Kyogre|4/100 psn|[from] psn\n|upkeep\n|turn|33\n|inactive|Time left: 300 sec this turn | 300 sec total\n|\n|t:|1783561292\n|move|p1a: Kyogre|Origin Pulse|p2a: Arceus\n|-damage|p2a: Arceus|149/288\n|move|p2a: Arceus|Calm Mind|p2a: Arceus\n|-boost|p2a: Arceus|spa|1\n|-boost|p2a: Arceus|spd|1\n|\n|-heal|p1a: Kyogre|11/100 psn|[from] item: Leftovers\n|-damage|p1a: Kyogre|0 fnt|[from] psn\n|faint|p1a: Kyogre\n|upkeep\n|\n|t:|1783561293\n|switch|p1a: Smeargle|Smeargle, L95, M|100/100\n|turn|34\n|inactive|Time left: 300 sec this turn | 300 sec total\n|\n|t:|1783561294\n|move|p1a: Smeargle|Spore|p2a: Arceus\n|-status|p2a: Arceus|slp|[from] move: Spore\n|cant|p2a: Arceus|slp\n|\n|upkeep\n|turn|35\n|inactive|Time left: 300 sec this turn | 300 sec total\n|\n|t:|1783561295\n|move|p1a: Smeargle|Ceaseless Edge|p2a: Arceus\n|-damage|p2a: Arceus|127/288 slp\n|-sidestart|p2: p0y183866d4|Spikes\n|cant|p2a: Arceus|slp\n|\n|upkeep\n|turn|36\n|inactive|Time left: 300 sec this turn | 300 sec total\n|\n|t:|1783561296\n|switch|p1a: Dragalge|Dragalge, L88, F|21/100\n|-curestatus|p2a: Arceus|slp|[msg]\n|move|p2a: Arceus|Sludge Bomb|p1a: Dragalge\n|-resisted|p1a: Dragalge\n|-damage|p1a: Dragalge|0 fnt\n|faint|p1a: Dragalge\n|\n|upkeep\n|\n|t:|1783561297\n|switch|p1a: Smeargle|Smeargle, L95, M|100/100\n|turn|37\n|inactive|Time left: 300 sec this turn | 300 sec total\n|\n|t:|1783561298\n|move|p1a: Smeargle|Spore|p2a: Arceus\n|-status|p2a: Arceus|slp|[from] move: Spore\n|cant|p2a: Arceus|slp\n|\n|upkeep\n|turn|38\n|inactive|Time left: 300 sec this turn | 300 sec total\n|\n|t:|1783561299\n|move|p1a: Smeargle|Ceaseless Edge|p2a: Arceus\n|-damage|p2a: Arceus|106/288 slp\n|-sidestart|p2: p0y183866d4|Spikes\n|cant|p2a: Arceus|slp\n|\n|upkeep\n|turn|39\n|inactive|Time left: 300 sec this turn | 300 sec total\n|\n|t:|1783561300\n|move|p1a: Smeargle|Ceaseless Edge|p2a: Arceus\n|-damage|p2a: Arceus|84/288 slp\n|-sidestart|p2: p0y183866d4|Spikes\n|-curestatus|p2a: Arceus|slp|[msg]\n|move|p2a: Arceus|Sludge Bomb|p1a: Smeargle\n|-enditem|p1a: Smeargle|Focus Sash\n|-damage|p1a: Smeargle|1/100\n|\n|upkeep\n|turn|40\n|inactive|Time left: 300 sec this turn | 300 sec total\n|\n|t:|1783561301\n|move|p1a: Smeargle|Spore|p2a: Arceus\n|-status|p2a: Arceus|slp|[from] move: Spore\n|cant|p2a: Arceus|slp\n|\n|upkeep\n|turn|41\n|inactive|Time left: 300 sec this turn | 300 sec total\n|\n|t:|1783561302\n|move|p1a: Smeargle|Spore|p2a: Arceus\n|-fail|p2a: Arceus|slp\n|-curestatus|p2a: Arceus|slp|[msg]\n|move|p2a: Arceus|Judgment|p1a: Smeargle\n|-damage|p1a: Smeargle|0 fnt\n|faint|p1a: Smeargle\n|\n|win|p0y183866d4", "uploadtime": 1783561302, "views": 0, "rating": 0, "private": 0, "password": null, "_winner": "p0y183866d4", "_our_name": "p0y183866d4"}