{"id": "battle-gen9randombattle-2325", "formatid": "gen9randombattle", "format": "[Gen 9] Random Battle", "players": ["p0x2325eee2", "p0y23250f64"], "log": "|init|battle\n|title|p0x2325eee2 vs. p0y23250f64\n|j|\u2606p0x2325eee2\n|j|\u2606p0y23250f64\n|t:|1783565984\n|gametype|singles\n|player|p1|p0x2325eee2|170|\n|player|p2|p0y23250f64|2|\n|gen|9\n|tier|[Gen 9] Random Battle\n|rule|Species Clause: Limit one of each Pok\u00e9mon\n|rule|HP Percentage Mod: HP is shown in percentages\n|rule|Sleep Clause Mod: Limit one foe put to sleep\n|rule|Illusion Level Mod: Illusion disguises the Pok\u00e9mon's true level\n|\n|t:|1783565984\n|teamsize|p1|6\n|teamsize|p2|6\n|start\n|switch|p1a: Munkidori|Munkidori, L79, M|269/269\n|switch|p2a: Talonflame|Talonflame, L83, M|100/100\n|turn|1\n|inactive|Battle timer is ON: inactive players will automatically lose when time's up. (requested by p0y23250f64)\n|inactive|Time left: 300 sec this turn | 300 sec total | 60 sec grace\n|inactive|p0x2325eee2 also wants the timer to be on.\n|\n|t:|1783565985\n|move|p2a: Talonflame|Brave Bird|p1a: Munkidori\n|-damage|p1a: Munkidori|125/269\n|-damage|p2a: Talonflame|82/100|[from] Recoil\n|move|p1a: Munkidori|Psyshock|p2a: Talonflame\n|-damage|p2a: Talonflame|27/100\n|-status|p2a: Talonflame|tox|[from] ability: Toxic Chain|[of] p1a: Munkidori\n|-damage|p1a: Munkidori|99/269|[from] item: Life Orb\n|\n|-damage|p2a: Talonflame|20/100 tox|[from] psn\n|upkeep\n|turn|2\n|inactive|Time left: 300 sec this turn | 300 sec total\n|\n|t:|1783565986\n|switch|p1a: Garganacl|Garganacl, L80, F|291/291\n|move|p2a: Talonflame|Flare Blitz|p1a: Garganacl\n|-resisted|p1a: Garganacl\n|-damage|p1a: Garganacl|250/291\n|-damage|p2a: Talonflame|15/100 tox|[from] Recoil\n|\n|-heal|p1a: Garganacl|268/291|[from] item: Leftovers\n|-damage|p2a: Talonflame|3/100 tox|[from] psn\n|upkeep\n|turn|3\n|inactive|Time left: 300 sec this turn | 300 sec total\n|\n|t:|1783565987\n|move|p2a: Talonflame|Brave Bird|p1a: Garganacl\n|-resisted|p1a: Garganacl\n|-damage|p1a: Garganacl|223/291\n|-damage|p2a: Talonflame|0 fnt|[from] Recoil\n|faint|p2a: Talonflame\n|move|p1a: Garganacl|Iron Defense|p1a: Garganacl\n|-boost|p1a: Garganacl|def|2\n|\n|-heal|p1a: Garganacl|241/291|[from] item: Leftovers\n|upkeep\n|\n|t:|1783565988\n|switch|p2a: Comfey|Comfey, L85, F|100/100\n|turn|4\n|inactive|Time left: 300 sec this turn | 300 sec total\n|\n|t:|1783565989\n|move|p2a: Comfey|Calm Mind|p2a: Comfey\n|-boost|p2a: Comfey|spa|1\n|-boost|p2a: Comfey|spd|1\n|move|p1a: Garganacl|Salt Cure|p2a: Comfey\n|-damage|p2a: Comfey|83/100\n|-start|p2a: Comfey|Salt Cure\n|\n|-heal|p2a: Comfey|89/100|[from] item: Leftovers\n|-heal|p1a: Garganacl|259/291|[from] item: Leftovers\n|-damage|p2a: Comfey|76/100|[from] Salt Cure\n|upkeep\n|turn|5\n|inactive|Time left: 300 sec this turn | 300 sec total\n|\n|t:|1783565990\n|switch|p1a: Gogoat|Gogoat, L88, M|360/360\n|move|p2a: Comfey|Calm Mind|p2a: Comfey\n|-boost|p2a: Comfey|spa|1\n|-boost|p2a: Comfey|spd|1\n|\n|-heal|p2a: Comfey|83/100|[from] item: Leftovers\n|-damage|p2a: Comfey|70/100|[from] Salt Cure\n|upkeep\n|turn|6\n|inactive|Time left: 300 sec this turn | 300 sec total\n|\n|t:|1783565991\n|move|p2a: Comfey|Draining Kiss|p1a: Gogoat\n|-crit|p1a: Gogoat\n|-damage|p1a: Gogoat|210/360\n|-heal|p2a: Comfey|100/100|[from] drain|[of] p1a: Gogoat\n|move|p1a: Gogoat|Horn Leech|p2a: Comfey\n|-damage|p2a: Comfey|60/100\n|-heal|p1a: Gogoat|256/360|[from] drain|[of] p2a: Comfey\n|\n|-heal|p2a: Comfey|66/100|[from] item: Leftovers\n|-heal|p1a: Gogoat|278/360|[from] item: Leftovers\n|-damage|p2a: Comfey|54/100|[from] Salt Cure\n|upkeep\n|turn|7\n|inactive|Time left: 300 sec this turn | 300 sec total\n|\n|t:|1783565992\n|move|p2a: Comfey|Draining Kiss|p1a: Gogoat\n|-damage|p1a: Gogoat|173/360\n|-heal|p2a: Comfey|89/100|[from] drain|[of] p1a: Gogoat\n|move|p1a: Gogoat|Horn Leech|p2a: Comfey\n|-damage|p2a: Comfey|46/100\n|-heal|p1a: Gogoat|221/360|[from] drain|[of] p2a: Comfey\n|\n|-heal|p2a: Comfey|52/100|[from] item: Leftovers\n|-heal|p1a: Gogoat|243/360|[from] item: Leftovers\n|-damage|p2a: Comfey|40/100|[from] Salt Cure\n|upkeep\n|turn|8\n|inactive|Time left: 300 sec this turn | 300 sec total\n|\n|t:|1783565993\n|move|p2a: Comfey|Draining Kiss|p1a: Gogoat\n|-damage|p1a: Gogoat|138/360\n|-heal|p2a: Comfey|75/100|[from] drain|[of] p1a: Gogoat\n|move|p1a: Gogoat|Horn Leech|p2a: Comfey\n|-damage|p2a: Comfey|32/100\n|-heal|p1a: Gogoat|186/360|[from] drain|[of] p2a: Comfey\n|\n|-heal|p2a: Comfey|39/100|[from] item: Leftovers\n|-heal|p1a: Gogoat|208/360|[from] item: Leftovers\n|-damage|p2a: Comfey|26/100|[from] Salt Cure\n|upkeep\n|turn|9\n|inactive|Time left: 300 sec this turn | 300 sec total\n|\n|t:|1783565994\n|move|p2a: Comfey|Draining Kiss|p1a: Gogoat\n|-damage|p1a: Gogoat|103/360\n|-heal|p2a: Comfey|61/100|[from] drain|[of] p1a: Gogoat\n|move|p1a: Gogoat|Horn Leech|p2a: Comfey\n|-damage|p2a: Comfey|24/100\n|-heal|p1a: Gogoat|146/360|[from] drain|[of] p2a: Comfey\n|\n|-heal|p2a: Comfey|30/100|[from] item: Leftovers\n|-heal|p1a: Gogoat|168/360|[from] item: Leftovers\n|-damage|p2a: Comfey|17/100|[from] Salt Cure\n|upkeep\n|turn|10\n|inactive|Time left: 300 sec this turn | 300 sec total\n|\n|t:|1783565995\n|-terastallize|p2a: Comfey|Fairy\n|move|p2a: Comfey|Draining Kiss|p1a: Gogoat\n|-damage|p1a: Gogoat|12/360\n|-heal|p2a: Comfey|69/100|[from] drain|[of] p1a: Gogoat\n|move|p1a: Gogoat|Horn Leech|p2a: Comfey\n|-damage|p2a: Comfey|33/100\n|-heal|p1a: Gogoat|53/360|[from] drain|[of] p2a: Comfey\n|\n|-heal|p2a: Comfey|39/100|[from] item: Leftovers\n|-heal|p1a: Gogoat|75/360|[from] item: Leftovers\n|-damage|p2a: Comfey|27/100|[from] Salt Cure\n|upkeep\n|turn|11\n|inactive|Time left: 300 sec this turn | 300 sec total\n|\n|t:|1783565996\n|switch|p1a: Probopass|Probopass, L91, M|257/257\n|move|p2a: Comfey|Draining Kiss|p1a: Probopass\n|-resisted|p1a: Probopass\n|-damage|p1a: Probopass|211/257\n|-heal|p2a: Comfey|42/100|[from] drain|[of] p1a: Probopass\n|\n|-heal|p2a: Comfey|48/100|[from] item: Leftovers\n|-heal|p1a: Probopass|227/257|[from] item: Leftovers\n|-damage|p2a: Comfey|36/100|[from] Salt Cure\n|upkeep\n|turn|12\n|inactive|Time left: 300 sec this turn | 300 sec total\n|\n|t:|1783565997\n|move|p2a: Comfey|Draining Kiss|p1a: Probopass\n|-resisted|p1a: Probopass\n|-damage|p1a: Probopass|184/257\n|-heal|p2a: Comfey|50/100|[from] drain|[of] p1a: Probopass\n|move|p1a: Probopass|Flash Cannon|p2a: Comfey\n|-supereffective|p2a: Comfey\n|-damage|p2a: Comfey|18/100\n|\n|-heal|p2a: Comfey|24/100|[from] item: Leftovers\n|-heal|p1a: Probopass|200/257|[from] item: Leftovers\n|-damage|p2a: Comfey|12/100|[from] Salt Cure\n|upkeep\n|turn|13\n|inactive|Time left: 300 sec this turn | 300 sec total\n|\n|t:|1783565998\n|move|p2a: Comfey|Draining Kiss|p1a: Probopass\n|-resisted|p1a: Probopass\n|-damage|p1a: Probopass|152/257\n|-heal|p2a: Comfey|28/100|[from] drain|[of] p1a: Probopass\n|move|p1a: Probopass|Body Press|p2a: Comfey\n|-resisted|p2a: Comfey\n|-damage|p2a: Comfey|9/100\n|\n|-heal|p2a: Comfey|16/100|[from] item: Leftovers\n|-heal|p1a: Probopass|168/257|[from] item: Leftovers\n|-damage|p2a: Comfey|3/100|[from] Salt Cure\n|upkeep\n|turn|14\n|inactive|Time left: 300 sec this turn | 300 sec total\n|\n|t:|1783565999\n|move|p2a: Comfey|Draining Kiss|p1a: Probopass\n|-resisted|p1a: Probopass\n|-damage|p1a: Probopass|123/257\n|-heal|p2a: Comfey|18/100|[from] drain|[of] p1a: Probopass\n|move|p1a: Probopass|Flash Cannon|p2a: Comfey\n|-supereffective|p2a: Comfey\n|-damage|p2a: Comfey|0 fnt\n|faint|p2a: Comfey\n|\n|-heal|p1a: Probopass|139/257|[from] item: Leftovers\n|upkeep\n|\n|t:|1783565999\n|switch|p2a: Houndstone|Houndstone, L86, F|100/100\n|turn|15\n|inactive|Time left: 300 sec this turn | 300 sec total\n|\n|t:|1783566000\n|move|p2a: Houndstone|Body Press|p1a: Probopass\n|-supereffective|p1a: Probopass\n|-damage|p1a: Probopass|0 fnt\n|faint|p1a: Probopass\n|\n|upkeep\n|inactive|Time left: 300 sec this turn | 300 sec total | 5 sec grace\n|\n|t:|1783566001\n|switch|p1a: Gogoat|Gogoat, L88, M|75/360\n|turn|16\n|inactive|Time left: 300 sec this turn | 300 sec total\n|\n|t:|1783566002\n|move|p1a: Gogoat|Milk Drink|p1a: Gogoat\n|-heal|p1a: Gogoat|255/360\n|move|p2a: Houndstone|Poltergeist|p1a: Gogoat|[miss]\n|-miss|p2a: Houndstone|p1a: Gogoat\n|\n|-heal|p1a: Gogoat|277/360|[from] item: Leftovers\n|upkeep\n|turn|17\n|inactive|Time left: 300 sec this turn | 300 sec total\n|\n|t:|1783566004\n|move|p1a: Gogoat|Bulk Up|p1a: Gogoat\n|-boost|p1a: Gogoat|atk|1\n|-boost|p1a: Gogoat|def|1\n|move|p2a: Houndstone|Poltergeist|p1a: Gogoat\n|-activate|p1a: Gogoat|move: Poltergeist|Leftovers\n|-damage|p1a: Gogoat|174/360\n|\n|-heal|p1a: Gogoat|196/360|[from] item: Leftovers\n|upkeep\n|turn|18\n|inactive|Time left: 300 sec this turn | 300 sec total\n|\n|t:|1783566005\n|move|p1a: Gogoat|Bulk Up|p1a: Gogoat\n|-boost|p1a: Gogoat|atk|1\n|-boost|p1a: Gogoat|def|1\n|move|p2a: Houndstone|Poltergeist|p1a: Gogoat\n|-activate|p1a: Gogoat|move: Poltergeist|Leftovers\n|-damage|p1a: Gogoat|115/360\n|\n|-heal|p1a: Gogoat|137/360|[from] item: Leftovers\n|upkeep\n|turn|19\n|inactive|Time left: 300 sec this turn | 300 sec total\n|\n|t:|1783566006\n|move|p1a: Gogoat|Milk Drink|p1a: Gogoat\n|-heal|p1a: Gogoat|317/360\n|move|p2a: Houndstone|Poltergeist|p1a: Gogoat|[miss]\n|-miss|p2a: Houndstone|p1a: Gogoat\n|\n|-heal|p1a: Gogoat|339/360|[from] item: Leftovers\n|upkeep\n|turn|20\n|inactive|Time left: 300 sec this turn | 300 sec total\n|\n|t:|1783566007\n|switch|p2a: Cryogonal|Cryogonal, L89|100/100\n|move|p1a: Gogoat|Earthquake|p2a: Cryogonal\n|-immune|p2a: Cryogonal|[from] ability: Levitate\n|\n|-heal|p1a: Gogoat|360/360|[from] item: Leftovers\n|upkeep\n|turn|21\n|inactive|Time left: 300 sec this turn | 300 sec total\n|\n|t:|1783566008\n|move|p2a: Cryogonal|Haze|p2a: Cryogonal\n|-clearallboost\n|move|p1a: Gogoat|Horn Leech|p2a: Cryogonal\n|-damage|p2a: Cryogonal|56/100\n|\n|upkeep\n|turn|22\n|inactive|Time left: 300 sec this turn | 300 sec total\n|\n|t:|1783566009\n|move|p2a: Cryogonal|Recover|p2a: Cryogonal\n|-heal|p2a: Cryogonal|100/100\n|move|p1a: Gogoat|Bulk Up|p1a: Gogoat\n|-boost|p1a: Gogoat|atk|1\n|-boost|p1a: Gogoat|def|1\n|\n|upkeep\n|turn|23\n|inactive|Time left: 300 sec this turn | 300 sec total\n|\n|t:|1783566010\n|move|p2a: Cryogonal|Haze|p2a: Cryogonal\n|-clearallboost\n|move|p1a: Gogoat|Horn Leech|p2a: Cryogonal\n|-damage|p2a: Cryogonal|58/100\n|\n|upkeep\n|turn|24\n|inactive|Time left: 300 sec this turn | 300 sec total\n|\n|t:|1783566011\n|move|p2a: Cryogonal|Recover|p2a: Cryogonal\n|-heal|p2a: Cryogonal|100/100\n|move|p1a: Gogoat|Horn Leech|p2a: Cryogonal\n|-damage|p2a: Cryogonal|58/100\n|\n|upkeep\n|turn|25\n|inactive|Time left: 300 sec this turn | 300 sec total\n|\n|t:|1783566012\n|move|p2a: Cryogonal|Recover|p2a: Cryogonal\n|-heal|p2a: Cryogonal|100/100\n|move|p1a: Gogoat|Bulk Up|p1a: Gogoat\n|-boost|p1a: Gogoat|atk|1\n|-boost|p1a: Gogoat|def|1\n|\n|upkeep\n|turn|26\n|inactive|Time left: 300 sec this turn | 300 sec total\n|\n|t:|1783566013\n|move|p2a: Cryogonal|Haze|p2a: Cryogonal\n|-clearallboost\n|move|p1a: Gogoat|Horn Leech|p2a: Cryogonal\n|-damage|p2a: Cryogonal|56/100\n|\n|upkeep\n|turn|27\n|inactive|Time left: 300 sec this turn | 300 sec total\n|\n|t:|1783566015\n|move|p2a: Cryogonal|Recover|p2a: Cryogonal\n|-heal|p2a: Cryogonal|100/100\n|move|p1a: Gogoat|Bulk Up|p1a: Gogoat\n|-boost|p1a: Gogoat|atk|1\n|-boost|p1a: Gogoat|def|1\n|\n|upkeep\n|turn|28\n|inactive|Time left: 300 sec this turn | 300 sec total\n|\n|t:|1783566016\n|move|p2a: Cryogonal|Haze|p2a: Cryogonal\n|-clearallboost\n|move|p1a: Gogoat|Horn Leech|p2a: Cryogonal\n|-damage|p2a: Cryogonal|60/100\n|\n|upkeep\n|turn|29\n|inactive|Time left: 300 sec this turn | 300 sec total\n|\n|t:|1783566017\n|move|p2a: Cryogonal|Recover|p2a: Cryogonal\n|-heal|p2a: Cryogonal|100/100\n|move|p1a: Gogoat|Bulk Up|p1a: Gogoat\n|-boost|p1a: Gogoat|atk|1\n|-boost|p1a: Gogoat|def|1\n|\n|upkeep\n|turn|30\n|inactive|Time left: 300 sec this turn | 300 sec total\n|\n|t:|1783566018\n|move|p2a: Cryogonal|Haze|p2a: Cryogonal\n|-clearallboost\n|move|p1a: Gogoat|Horn Leech|p2a: Cryogonal\n|-damage|p2a: Cryogonal|59/100\n|\n|upkeep\n|turn|31\n|inactive|Time left: 300 sec this turn | 300 sec total\n|\n|t:|1783566019\n|move|p2a: Cryogonal|Recover|p2a: Cryogonal\n|-heal|p2a: Cryogonal|100/100\n|move|p1a: Gogoat|Bulk Up|p1a: Gogoat\n|-boost|p1a: Gogoat|atk|1\n|-boost|p1a: Gogoat|def|1\n|\n|upkeep\n|turn|32\n|inactive|Time left: 300 sec this turn | 300 sec total\n|\n|t:|1783566020\n|move|p2a: Cryogonal|Haze|p2a: Cryogonal\n|-clearallboost\n|move|p1a: Gogoat|Horn Leech|p2a: Cryogonal\n|-damage|p2a: Cryogonal|60/100\n|\n|upkeep\n|turn|33\n|inactive|Time left: 300 sec this turn | 300 sec total\n|\n|t:|1783566021\n|move|p2a: Cryogonal|Recover|p2a: Cryogonal\n|-heal|p2a: Cryogonal|100/100\n|move|p1a: Gogoat|Bulk Up|p1a: Gogoat\n|-boost|p1a: Gogoat|atk|1\n|-boost|p1a: Gogoat|def|1\n|\n|upkeep\n|turn|34\n|inactive|Time left: 300 sec this turn | 300 sec total\n|\n|t:|1783566022\n|move|p2a: Cryogonal|Haze|p2a: Cryogonal\n|-clearallboost\n|move|p1a: Gogoat|Horn Leech|p2a: Cryogonal\n|-damage|p2a: Cryogonal|60/100\n|\n|upkeep\n|turn|35\n|inactive|Time left: 300 sec this turn | 300 sec total\n|\n|t:|1783566022\n|move|p2a: Cryogonal|Recover|p2a: Cryogonal\n|-heal|p2a: Cryogonal|100/100\n|move|p1a: Gogoat|Horn Leech|p2a: Cryogonal\n|-damage|p2a: Cryogonal|60/100\n|\n|upkeep\n|turn|36\n|inactive|Time left: 300 sec this turn | 300 sec total\n|\n|t:|1783566023\n|move|p2a: Cryogonal|Freeze-Dry|p1a: Gogoat\n|-supereffective|p1a: Gogoat\n|-damage|p1a: Gogoat|198/360\n|-status|p1a: Gogoat|frz\n|cant|p1a: Gogoat|frz\n|\n|-heal|p1a: Gogoat|220/360 frz|[from] item: Leftovers\n|upkeep\n|turn|37\n|inactive|Time left: 300 sec this turn | 300 sec total\n|\n|t:|1783566024\n|switch|p1a: Garganacl|Garganacl, L80, F|259/291\n|move|p2a: Cryogonal|Freeze-Dry|p1a: Garganacl\n|-damage|p1a: Garganacl|175/291\n|\n|-heal|p1a: Garganacl|193/291|[from] item: Leftovers\n|upkeep\n|turn|38\n|inactive|Time left: 300 sec this turn | 300 sec total\n|\n|t:|1783566025\n|switch|p2a: Houndstone|Houndstone, L86, F|100/100\n|move|p1a: Garganacl|Salt Cure|p2a: Houndstone\n|-damage|p2a: Houndstone|86/100\n|-start|p2a: Houndstone|Salt Cure\n|\n|-heal|p2a: Houndstone|93/100|[from] item: Leftovers\n|-heal|p1a: Garganacl|211/291|[from] item: Leftovers\n|-damage|p2a: Houndstone|80/100|[from] Salt Cure\n|upkeep\n|turn|39\n|inactive|Time left: 300 sec this turn | 300 sec total\n|\n|t:|1783566026\n|move|p2a: Houndstone|Body Press|p1a: Garganacl\n|-supereffective|p1a: Garganacl\n|-damage|p1a: Garganacl|119/291\n|move|p1a: Garganacl|Salt Cure|p2a: Houndstone\n|-damage|p2a: Houndstone|66/100\n|\n|-heal|p2a: Houndstone|72/100|[from] item: Leftovers\n|-heal|p1a: Garganacl|137/291|[from] item: Leftovers\n|-damage|p2a: Houndstone|60/100|[from] Salt Cure\n|upkeep\n|turn|40\n|inactive|Time left: 300 sec this turn | 300 sec total\n|\n|t:|1783566027\n|move|p2a: Houndstone|Body Press|p1a: Garganacl\n|-supereffective|p1a: Garganacl\n|-damage|p1a: Garganacl|33/291\n|move|p1a: Garganacl|Recover|p1a: Garganacl\n|-heal|p1a: Garganacl|179/291\n|\n|-heal|p2a: Houndstone|66/100|[from] item: Leftovers\n|-heal|p1a: Garganacl|197/291|[from] item: Leftovers\n|-damage|p2a: Houndstone|53/100|[from] Salt Cure\n|upkeep\n|turn|41\n|inactive|Time left: 300 sec this turn | 300 sec total\n|\n|t:|1783566028\n|move|p2a: Houndstone|Poltergeist|p1a: Garganacl\n|-activate|p1a: Garganacl|move: Poltergeist|Leftovers\n|-damage|p1a: Garganacl|149/291\n|move|p1a: Garganacl|Recover|p1a: Garganacl\n|-heal|p1a: Garganacl|291/291\n|\n|-heal|p2a: Houndstone|59/100|[from] item: Leftovers\n|-damage|p2a: Houndstone|47/100|[from] Salt Cure\n|upkeep\n|turn|42\n|inactive|Time left: 300 sec this turn | 300 sec total\n|\n|t:|1783566029\n|move|p2a: Houndstone|Poltergeist|p1a: Garganacl\n|-activate|p1a: Garganacl|move: Poltergeist|Leftovers\n|-damage|p1a: Garganacl|239/291\n|move|p1a: Garganacl|Iron Defense|p1a: Garganacl\n|-boost|p1a: Garganacl|def|2\n|\n|-heal|p2a: Houndstone|53/100|[from] item: Leftovers\n|-heal|p1a: Garganacl|257/291|[from] item: Leftovers\n|-damage|p2a: Houndstone|40/100|[from] Salt Cure\n|upkeep\n|turn|43\n|inactive|Time left: 300 sec this turn | 300 sec total\n|\n|t:|1783566030\n|move|p2a: Houndstone|Rest|p2a: Houndstone\n|-status|p2a: Houndstone|slp|[from] move: Rest\n|-heal|p2a: Houndstone|100/100 slp|[silent]\n|move|p1a: Garganacl|Salt Cure|p2a: Houndstone\n|-crit|p2a: Houndstone\n|-damage|p2a: Houndstone|81/100 slp\n|\n|-heal|p2a: Houndstone|87/100 slp|[from] item: Leftovers\n|-heal|p1a: Garganacl|275/291|[from] item: Leftovers\n|-damage|p2a: Houndstone|74/100 slp|[from] Salt Cure\n|upkeep\n|turn|44\n|inactive|Time left: 300 sec this turn | 300 sec total\n|\n|t:|1783566031\n|cant|p2a: Houndstone|slp\n|move|p1a: Garganacl|Salt Cure|p2a: Houndstone\n|-damage|p2a: Houndstone|61/100 slp\n|\n|-heal|p2a: Houndstone|67/100 slp|[from] item: Leftovers\n|-heal|p1a: Garganacl|291/291|[from] item: Leftovers\n|-damage|p2a: Houndstone|54/100 slp|[from] Salt Cure\n|upkeep\n|turn|45\n|inactive|Time left: 300 sec this turn | 300 sec total\n|\n|t:|1783566032\n|cant|p2a: Houndstone|slp\n|move|p1a: Garganacl|Salt Cure|p2a: Houndstone\n|-crit|p2a: Houndstone\n|-damage|p2a: Houndstone|35/100 slp\n|\n|-heal|p2a: Houndstone|41/100 slp|[from] item: Leftovers\n|-damage|p2a: Houndstone|29/100 slp|[from] Salt Cure\n|upkeep\n|turn|46\n|inactive|Time left: 300 sec this turn | 300 sec total\n|\n|t:|1783566032\n|-curestatus|p2a: Houndstone|slp|[msg]\n|move|p2a: Houndstone|Rest|p2a: Houndstone\n|-status|p2a: Houndstone|slp|[from] move: Rest\n|-heal|p2a: Houndstone|100/100 slp|[silent]\n|move|p1a: Garganacl|Salt Cure|p2a: Houndstone\n|-damage|p2a: Houndstone|86/100 slp\n|\n|-heal|p2a: Houndstone|93/100 slp|[from] item: Leftovers\n|-damage|p2a: Houndstone|80/100 slp|[from] Salt Cure\n|upkeep\n|turn|47\n|inactive|Time left: 300 sec this turn | 300 sec total\n|\n|t:|1783566033\n|cant|p2a: Houndstone|slp\n|move|p1a: Garganacl|Salt Cure|p2a: Houndstone\n|-damage|p2a: Houndstone|66/100 slp\n|\n|-heal|p2a: Houndstone|72/100 slp|[from] item: Leftovers\n|-damage|p2a: Houndstone|60/100 slp|[from] Salt Cure\n|upkeep\n|turn|48\n|inactive|Time left: 300 sec this turn | 300 sec total\n|\n|t:|1783566034\n|cant|p2a: Houndstone|slp\n|move|p1a: Garganacl|Salt Cure|p2a: Houndstone\n|-damage|p2a: Houndstone|46/100 slp\n|\n|-heal|p2a: Houndstone|52/100 slp|[from] item: Leftovers\n|-damage|p2a: Houndstone|40/100 slp|[from] Salt Cure\n|upkeep\n|turn|49\n|inactive|Time left: 300 sec this turn | 300 sec total\n|\n|t:|1783566035\n|-curestatus|p2a: Houndstone|slp|[msg]\n|move|p2a: Houndstone|Rest|p2a: Houndstone\n|-status|p2a: Houndstone|slp|[from] move: Rest\n|-heal|p2a: Houndstone|100/100 slp|[silent]\n|move|p1a: Garganacl|Iron Defense|p1a: Garganacl\n|-boost|p1a: Garganacl|def|2\n|\n|-damage|p2a: Houndstone|88/100 slp|[from] Salt Cure\n|upkeep\n|turn|50\n|inactive|Time left: 300 sec this turn | 300 sec total\n|\n|t:|1783566036\n|cant|p2a: Houndstone|slp\n|move|p2a: Houndstone|Sleep Talk|p2a: Houndstone\n|move|p2a: Houndstone|Poltergeist|p1a: Garganacl|[from] move: Sleep Talk|[miss]\n|-miss|p2a: Houndstone|p1a: Garganacl\n|move|p1a: Garganacl|Salt Cure|p2a: Houndstone\n|-crit|p2a: Houndstone\n|-damage|p2a: Houndstone|66/100 slp\n|\n|-heal|p2a: Houndstone|72/100 slp|[from] item: Leftovers\n|-damage|p2a: Houndstone|60/100 slp|[from] Salt Cure\n|upkeep\n|turn|51\n|inactive|Time left: 300 sec this turn | 300 sec total\n|\n|t:|1783566037\n|cant|p2a: Houndstone|slp\n|move|p1a: Garganacl|Body Press|p2a: Houndstone\n|-immune|p2a: Houndstone\n|\n|-heal|p2a: Houndstone|66/100 slp|[from] item: Leftovers\n|-damage|p2a: Houndstone|54/100 slp|[from] Salt Cure\n|upkeep\n|turn|52\n|inactive|Time left: 300 sec this turn | 300 sec total\n|\n|t:|1783566038\n|-curestatus|p2a: Houndstone|slp|[msg]\n|move|p2a: Houndstone|Poltergeist|p1a: Garganacl\n|-activate|p1a: Garganacl|move: Poltergeist|Leftovers\n|-damage|p1a: Garganacl|275/291\n|move|p1a: Garganacl|Salt Cure|p2a: Houndstone\n|-damage|p2a: Houndstone|41/100\n|\n|-heal|p2a: Houndstone|47/100|[from] item: Leftovers\n|-heal|p1a: Garganacl|291/291|[from] item: Leftovers\n|-damage|p2a: Houndstone|35/100|[from] Salt Cure\n|upkeep\n|turn|53\n|inactive|Time left: 300 sec this turn | 300 sec total\n|\n|t:|1783566039\n|move|p2a: Houndstone|Rest|p2a: Houndstone\n|-status|p2a: Houndstone|slp|[from] move: Rest\n|-heal|p2a: Houndstone|100/100 slp|[silent]\n|move|p1a: Garganacl|Salt Cure|p2a: Houndstone\n|-damage|p2a: Houndstone|88/100 slp\n|\n|-heal|p2a: Houndstone|94/100 slp|[from] item: Leftovers\n|-damage|p2a: Houndstone|81/100 slp|[from] Salt Cure\n|upkeep\n|turn|54\n|inactive|Time left: 300 sec this turn | 300 sec total\n|\n|t:|1783566040\n|cant|p2a: Houndstone|slp\n|move|p1a: Garganacl|Body Press|p2a: Houndstone\n|-immune|p2a: Houndstone\n|\n|-heal|p2a: Houndstone|87/100 slp|[from] item: Leftovers\n|-damage|p2a: Houndstone|75/100 slp|[from] Salt Cure\n|upkeep\n|turn|55\n|inactive|Time left: 300 sec this turn | 300 sec total\n|\n|t:|1783566041\n|cant|p2a: Houndstone|slp\n|move|p2a: Houndstone|Sleep Talk|p2a: Houndstone\n|move|p2a: Houndstone|Poltergeist|p1a: Garganacl|[from] move: Sleep Talk|[miss]\n|-miss|p2a: Houndstone|p1a: Garganacl\n|move|p1a: Garganacl|Salt Cure|p2a: Houndstone\n|-damage|p2a: Houndstone|61/100 slp\n|\n|-heal|p2a: Houndstone|67/100 slp|[from] item: Leftovers\n|-damage|p2a: Houndstone|55/100 slp|[from] Salt Cure\n|upkeep\n|turn|56\n|inactive|Time left: 300 sec this turn | 300 sec total\n|\n|t:|1783566042\n|-curestatus|p2a: Houndstone|slp|[msg]\n|move|p2a: Houndstone|Poltergeist|p1a: Garganacl|[miss]\n|-miss|p2a: Houndstone|p1a: Garganacl\n|move|p1a: Garganacl|Salt Cure|p2a: Houndstone\n|-damage|p2a: Houndstone|42/100\n|\n|-heal|p2a: Houndstone|48/100|[from] item: Leftovers\n|-damage|p2a: Houndstone|35/100|[from] Salt Cure\n|upkeep\n|turn|57\n|inactive|Time left: 300 sec this turn | 300 sec total\n|\n|t:|1783566043\n|move|p2a: Houndstone|Rest|p2a: Houndstone\n|-status|p2a: Houndstone|slp|[from] move: Rest\n|-heal|p2a: Houndstone|100/100 slp|[silent]\n|move|p1a: Garganacl|Salt Cure|p2a: Houndstone\n|-damage|p2a: Houndstone|85/100 slp\n|\n|-heal|p2a: Houndstone|91/100 slp|[from] item: Leftovers\n|-damage|p2a: Houndstone|79/100 slp|[from] Salt Cure\n|upkeep\n|turn|58\n|inactive|Time left: 300 sec this turn | 300 sec total\n|\n|t:|1783566044\n|cant|p2a: Houndstone|slp\n|move|p2a: Houndstone|Sleep Talk|p2a: Houndstone\n|move|p2a: Houndstone|Poltergeist|p1a: Garganacl|[from] move: Sleep Talk|[miss]\n|-miss|p2a: Houndstone|p1a: Garganacl\n|move|p1a: Garganacl|Salt Cure|p2a: Houndstone\n|-damage|p2a: Houndstone|64/100 slp\n|\n|-heal|p2a: Houndstone|70/100 slp|[from] item: Leftovers\n|-damage|p2a: Houndstone|58/100 slp|[from] Salt Cure\n|upkeep\n|turn|59\n|inactive|Time left: 300 sec this turn | 300 sec total\n|\n|t:|1783566045\n|cant|p2a: Houndstone|slp\n|move|p2a: Houndstone|Sleep Talk|p2a: Houndstone\n|move|p2a: Houndstone|Rest||[from] move: Sleep Talk|[still]\n|-fail|p2a: Houndstone\n|move|p1a: Garganacl|Body Press|p2a: Houndstone\n|-immune|p2a: Houndstone\n|\n|-heal|p2a: Houndstone|64/100 slp|[from] item: Leftovers\n|-damage|p2a: Houndstone|51/100 slp|[from] Salt Cure\n|upkeep\n|turn|60\n|inactive|Time left: 300 sec this turn | 300 sec total\n|\n|t:|1783566046\n|-curestatus|p2a: Houndstone|slp|[msg]\n|move|p2a: Houndstone|Rest|p2a: Houndstone\n|-status|p2a: Houndstone|slp|[from] move: Rest\n|-heal|p2a: Houndstone|100/100 slp|[silent]\n|move|p1a: Garganacl|Body Press|p2a: Houndstone\n|-immune|p2a: Houndstone\n|\n|-damage|p2a: Houndstone|88/100 slp|[from] Salt Cure\n|upkeep\n|turn|61\n|inactive|Time left: 300 sec this turn | 300 sec total\n|\n|t:|1783566047\n|cant|p2a: Houndstone|slp\n|move|p1a: Garganacl|Body Press|p2a: Houndstone\n|-immune|p2a: Houndstone\n|\n|-heal|p2a: Houndstone|94/100 slp|[from] item: Leftovers\n|-damage|p2a: Houndstone|82/100 slp|[from] Salt Cure\n|upkeep\n|turn|62\n|inactive|Time left: 300 sec this turn | 300 sec total\n|\n|t:|1783566048\n|cant|p2a: Houndstone|slp\n|move|p1a: Garganacl|Salt Cure|p2a: Houndstone\n|-damage|p2a: Houndstone|67/100 slp\n|\n|-heal|p2a: Houndstone|73/100 slp|[from] item: Leftovers\n|-damage|p2a: Houndstone|60/100 slp|[from] Salt Cure\n|upkeep\n|turn|63\n|inactive|Time left: 300 sec this turn | 300 sec total\n|\n|t:|1783566050\n|-curestatus|p2a: Houndstone|slp|[msg]\n|move|p2a: Houndstone|Sleep Talk||[still]\n|-fail|p2a: Houndstone\n|move|p1a: Garganacl|Salt Cure|p2a: Houndstone\n|-damage|p2a: Houndstone|47/100\n|\n|-heal|p2a: Houndstone|53/100|[from] item: Leftovers\n|-damage|p2a: Houndstone|40/100|[from] Salt Cure\n|upkeep\n|turn|64\n|inactive|Time left: 300 sec this turn | 300 sec total\n|\n|t:|1783566051\n|move|p2a: Houndstone|Rest|p2a: Houndstone\n|-status|p2a: Houndstone|slp|[from] move: Rest\n|-heal|p2a: Houndstone|100/100 slp|[silent]\n|move|p1a: Garganacl|Salt Cure|p2a: Houndstone\n|-damage|p2a: Houndstone|86/100 slp\n|\n|-heal|p2a: Houndstone|93/100 slp|[from] item: Leftovers\n|-damage|p2a: Houndstone|80/100 slp|[from] Salt Cure\n|upkeep\n|turn|65\n|inactive|Time left: 300 sec this turn | 300 sec total\n|\n|t:|1783566052\n|cant|p2a: Houndstone|slp\n|move|p1a: Garganacl|Body Press|p2a: Houndstone\n|-immune|p2a: Houndstone\n|\n|-heal|p2a: Houndstone|86/100 slp|[from] item: Leftovers\n|-damage|p2a: Houndstone|74/100 slp|[from] Salt Cure\n|upkeep\n|turn|66\n|inactive|Time left: 300 sec this turn | 300 sec total\n|\n|t:|1783566053\n|cant|p2a: Houndstone|slp\n|move|p2a: Houndstone|Sleep Talk|p2a: Houndstone\n|move|p2a: Houndstone|Rest||[from] move: Sleep Talk|[still]\n|-fail|p2a: Houndstone\n|move|p1a: Garganacl|Salt Cure|p2a: Houndstone\n|-damage|p2a: Houndstone|60/100 slp\n|\n|-heal|p2a: Houndstone|66/100 slp|[from] item: Leftovers\n|-damage|p2a: Houndstone|53/100 slp|[from] Salt Cure\n|upkeep\n|turn|67\n|inactive|Time left: 300 sec this turn | 300 sec total\n|\n|t:|1783566054\n|-curestatus|p2a: Houndstone|slp|[msg]\n|move|p2a: Houndstone|Rest|p2a: Houndstone\n|-status|p2a: Houndstone|slp|[from] move: Rest\n|-heal|p2a: Houndstone|100/100 slp|[silent]\n|move|p1a: Garganacl|Salt Cure|p2a: Houndstone\n|-crit|p2a: Houndstone\n|-damage|p2a: Houndstone|79/100 slp\n|\n|-heal|p2a: Houndstone|85/100 slp|[from] item: Leftovers\n|-damage|p2a: Houndstone|72/100 slp|[from] Salt Cure\n|upkeep\n|turn|68\n|inactive|Time left: 300 sec this turn | 300 sec total\n|\n|t:|1783566055\n|cant|p2a: Houndstone|slp\n|move|p1a: Garganacl|Salt Cure|p2a: Houndstone\n|-damage|p2a: Houndstone|59/100 slp\n|\n|-heal|p2a: Houndstone|65/100 slp|[from] item: Leftovers\n|-damage|p2a: Houndstone|52/100 slp|[from] Salt Cure\n|upkeep\n|turn|69\n|inactive|Time left: 300 sec this turn | 300 sec total\n|\n|t:|1783566056\n|cant|p2a: Houndstone|slp\n|move|p1a: Garganacl|Salt Cure|p2a: Houndstone\n|-damage|p2a: Houndstone|40/100 slp\n|\n|-heal|p2a: Houndstone|46/100 slp|[from] item: Leftovers\n|-damage|p2a: Houndstone|33/100 slp|[from] Salt Cure\n|upkeep\n|turn|70\n|inactive|Time left: 300 sec this turn | 300 sec total\n|\n|t:|1783566057\n|-curestatus|p2a: Houndstone|slp|[msg]\n|move|p2a: Houndstone|Body Press|p1a: Garganacl\n|-supereffective|p1a: Garganacl\n|-damage|p1a: Garganacl|257/291\n|move|p1a: Garganacl|Body Press|p2a: Houndstone\n|-immune|p2a: Houndstone\n|\n|-heal|p2a: Houndstone|39/100|[from] item: Leftovers\n|-heal|p1a: Garganacl|275/291|[from] item: Leftovers\n|-damage|p2a: Houndstone|27/100|[from] Salt Cure\n|upkeep\n|turn|71\n|inactive|Time left: 300 sec this turn | 300 sec total\n|\n|t:|1783566058\n|move|p2a: Houndstone|Body Press|p1a: Garganacl\n|-supereffective|p1a: Garganacl\n|-damage|p1a: Garganacl|241/291\n|move|p1a: Garganacl|Body Press|p2a: Houndstone\n|-immune|p2a: Houndstone\n|\n|-heal|p2a: Houndstone|33/100|[from] item: Leftovers\n|-heal|p1a: Garganacl|259/291|[from] item: Leftovers\n|-damage|p2a: Houndstone|20/100|[from] Salt Cure\n|upkeep\n|turn|72\n|inactive|Time left: 300 sec this turn | 300 sec total\n|\n|t:|1783566059\n|switch|p2a: Gothitelle|Gothitelle, L90, F|100/100\n|move|p1a: Garganacl|Salt Cure|p2a: Gothitelle\n|-damage|p2a: Gothitelle|87/100\n|-start|p2a: Gothitelle|Salt Cure\n|\n|-heal|p1a: Garganacl|277/291|[from] item: Leftovers\n|-damage|p2a: Gothitelle|74/100|[from] Salt Cure\n|upkeep\n|turn|73\n|inactive|Time left: 300 sec this turn | 300 sec total\n|\n|t:|1783566060\n|switch|p2a: Houndstone|Houndstone, L86, F|20/100\n|move|p1a: Garganacl|Body Press|p2a: Houndstone\n|-immune|p2a: Houndstone\n|\n|-heal|p2a: Houndstone|26/100|[from] item: Leftovers\n|-heal|p1a: Garganacl|291/291|[from] item: Leftovers\n|upkeep\n|turn|74\n|inactive|Time left: 300 sec this turn | 300 sec total\n|\n|t:|1783566061\n|move|p2a: Houndstone|Body Press|p1a: Garganacl\n|-supereffective|p1a: Garganacl\n|-damage|p1a: Garganacl|257/291\n|move|p1a: Garganacl|Body Press|p2a: Houndstone\n|-immune|p2a: Houndstone\n|\n|-heal|p2a: Houndstone|32/100|[from] item: Leftovers\n|-heal|p1a: Garganacl|275/291|[from] item: Leftovers\n|upkeep\n|turn|75\n|inactive|Time left: 300 sec this turn | 300 sec total\n|\n|t:|1783566062\n|move|p2a: Houndstone|Body Press|p1a: Garganacl\n|-supereffective|p1a: Garganacl\n|-damage|p1a: Garganacl|243/291\n|move|p1a: Garganacl|Body Press|p2a: Houndstone\n|-immune|p2a: Houndstone\n|\n|-heal|p2a: Houndstone|38/100|[from] item: Leftovers\n|-heal|p1a: Garganacl|261/291|[from] item: Leftovers\n|upkeep\n|turn|76\n|inactive|Time left: 300 sec this turn | 300 sec total\n|\n|t:|1783566063\n|move|p2a: Houndstone|Body Press|p1a: Garganacl\n|-supereffective|p1a: Garganacl\n|-damage|p1a: Garganacl|227/291\n|move|p1a: Garganacl|Body Press|p2a: Houndstone\n|-immune|p2a: Houndstone\n|\n|-heal|p2a: Houndstone|44/100|[from] item: Leftovers\n|-heal|p1a: Garganacl|245/291|[from] item: Leftovers\n|upkeep\n|turn|77\n|inactive|Time left: 300 sec this turn | 300 sec total\n|\n|t:|1783566064\n|move|p2a: Houndstone|Body Press|p1a: Garganacl\n|-supereffective|p1a: Garganacl\n|-damage|p1a: Garganacl|215/291\n|move|p1a: Garganacl|Body Press|p2a: Houndstone\n|-immune|p2a: Houndstone\n|\n|-heal|p2a: Houndstone|50/100|[from] item: Leftovers\n|-heal|p1a: Garganacl|233/291|[from] item: Leftovers\n|upkeep\n|turn|78\n|inactive|Time left: 300 sec this turn | 300 sec total\n|\n|t:|1783566065\n|move|p2a: Houndstone|Body Press|p1a: Garganacl\n|-supereffective|p1a: Garganacl\n|-damage|p1a: Garganacl|203/291\n|move|p1a: Garganacl|Body Press|p2a: Houndstone\n|-immune|p2a: Houndstone\n|\n|-heal|p2a: Houndstone|57/100|[from] item: Leftovers\n|-heal|p1a: Garganacl|221/291|[from] item: Leftovers\n|upkeep\n|turn|79\n|inactive|Time left: 300 sec this turn | 300 sec total\n|\n|t:|1783566066\n|move|p2a: Houndstone|Body Press|p1a: Garganacl\n|-supereffective|p1a: Garganacl\n|-damage|p1a: Garganacl|189/291\n|move|p1a: Garganacl|Recover|p1a: Garganacl\n|-heal|p1a: Garganacl|291/291\n|\n|-heal|p2a: Houndstone|63/100|[from] item: Leftovers\n|upkeep\n|turn|80\n|inactive|Time left: 300 sec this turn | 300 sec total\n|\n|t:|1783566067\n|move|p2a: Houndstone|Body Press|p1a: Garganacl\n|-supereffective|p1a: Garganacl\n|-damage|p1a: Garganacl|257/291\n|move|p1a: Garganacl|Iron Defense|p1a: Garganacl\n|-boost|p1a: Garganacl|def|2\n|\n|-heal|p2a: Houndstone|69/100|[from] item: Leftovers\n|-heal|p1a: Garganacl|275/291|[from] item: Leftovers\n|upkeep\n|turn|81\n|inactive|Time left: 300 sec this turn | 300 sec total\n|\n|t:|1783566068\n|move|p2a: Houndstone|Body Press|p1a: Garganacl\n|-supereffective|p1a: Garganacl\n|-damage|p1a: Garganacl|251/291\n|move|p1a: Garganacl|Body Press|p2a: Houndstone\n|-immune|p2a: Houndstone\n|\n|-heal|p2a: Houndstone|75/100|[from] item: Leftovers\n|-heal|p1a: Garganacl|269/291|[from] item: Leftovers\n|upkeep\n|turn|82\n|inactive|Time left: 300 sec this turn | 300 sec total\n|\n|t:|1783566069\n|move|p2a: Houndstone|Body Press|p1a: Garganacl\n|-supereffective|p1a: Garganacl\n|-damage|p1a: Garganacl|243/291\n|move|p1a: Garganacl|Recover|p1a: Garganacl\n|-heal|p1a: Garganacl|291/291\n|\n|-heal|p2a: Houndstone|81/100|[from] item: Leftovers\n|upkeep\n|turn|83\n|inactive|Time left: 300 sec this turn | 300 sec total\n|\n|t:|1783566069\n|move|p2a: Houndstone|Body Press|p1a: Garganacl\n|-supereffective|p1a: Garganacl\n|-damage|p1a: Garganacl|269/291\n|move|p1a: Garganacl|Recover|p1a: Garganacl\n|-heal|p1a: Garganacl|291/291\n|\n|-heal|p2a: Houndstone|87/100|[from] item: Leftovers\n|upkeep\n|turn|84\n|inactive|Time left: 300 sec this turn | 300 sec total\n|\n|t:|1783566070\n|switch|p2a: Froslass|Froslass, L87, F|100/100\n|move|p1a: Garganacl|Recover||[still]\n|-fail|p1a: Garganacl|heal\n|\n|upkeep\n|turn|85\n|inactive|Time left: 300 sec this turn | 300 sec total\n|\n|t:|1783566071\n|move|p2a: Froslass|Triple Axel|p1a: Garganacl\n|-damage|p1a: Garganacl|287/291\n|-damage|p1a: Garganacl|278/291\n|-crit|p1a: Garganacl\n|-damage|p1a: Garganacl|211/291\n|-hitcount|p1a: Garganacl|3\n|move|p1a: Garganacl|Iron Defense|p1a: Garganacl\n|-boost|p1a: Garganacl|def|0\n|\n|-heal|p1a: Garganacl|229/291|[from] item: Leftovers\n|upkeep\n|turn|86\n|inactive|Time left: 300 sec this turn | 300 sec total\n|\n|t:|1783566072\n|move|p2a: Froslass|Taunt|p1a: Garganacl\n|-start|p1a: Garganacl|move: Taunt\n|cant|p1a: Garganacl|move: Taunt|Iron Defense\n|\n|-heal|p1a: Garganacl|247/291|[from] item: Leftovers\n|upkeep\n|turn|87\n|inactive|Time left: 300 sec this turn | 300 sec total\n|\n|t:|1783566073\n|move|p2a: Froslass|Triple Axel|p1a: Garganacl\n|-damage|p1a: Garganacl|243/291\n|-damage|p1a: Garganacl|234/291\n|-damage|p1a: Garganacl|221/291\n|-hitcount|p1a: Garganacl|3\n|move|p1a: Garganacl|Body Press|p2a: Froslass\n|-immune|p2a: Froslass\n|\n|-heal|p1a: Garganacl|239/291|[from] item: Leftovers\n|upkeep\n|turn|88\n|inactive|Time left: 300 sec this turn | 300 sec total\n|\n|t:|1783566074\n|switch|p1a: Oinkologne|Oinkologne, L92, M|352/352\n|move|p2a: Froslass|Triple Axel|p1a: Oinkologne\n|-damage|p1a: Oinkologne|340/352\n|-damage|p1a: Oinkologne|318/352\n|-damage|p1a: Oinkologne|288/352\n|-hitcount|p1a: Oinkologne|3\n|\n|-heal|p1a: Oinkologne|310/352|[from] item: Leftovers\n|upkeep\n|turn|89\n|inactive|Time left: 300 sec this turn | 300 sec total\n|\n|t:|1783566075\n|move|p2a: Froslass|Will-O-Wisp|p1a: Oinkologne\n|-status|p1a: Oinkologne|brn\n|move|p1a: Oinkologne|Lash Out|p2a: Froslass\n|-supereffective|p2a: Froslass\n|-damage|p2a: Froslass|70/100\n|\n|-heal|p1a: Oinkologne|332/352 brn|[from] item: Leftovers\n|-damage|p1a: Oinkologne|310/352 brn|[from] brn\n|upkeep\n|turn|90\n|inactive|Time left: 300 sec this turn | 300 sec total\n|\n|t:|1783566076\n|move|p2a: Froslass|Triple Axel|p1a: Oinkologne\n|-damage|p1a: Oinkologne|298/352 brn\n|-damage|p1a: Oinkologne|279/352 brn\n|-damage|p1a: Oinkologne|249/352 brn\n|-hitcount|p1a: Oinkologne|3\n|move|p1a: Oinkologne|Lash Out|p2a: Froslass\n|-supereffective|p2a: Froslass\n|-damage|p2a: Froslass|40/100\n|\n|-heal|p1a: Oinkologne|271/352 brn|[from] item: Leftovers\n|-damage|p1a: Oinkologne|249/352 brn|[from] brn\n|upkeep\n|turn|91\n|inactive|Time left: 300 sec this turn | 300 sec total\n|\n|t:|1783566077\n|switch|p2a: Houndstone|Houndstone, L86, F|87/100\n|move|p1a: Oinkologne|Lash Out|p2a: Houndstone\n|-supereffective|p2a: Houndstone\n|-damage|p2a: Houndstone|77/100\n|\n|-heal|p1a: Oinkologne|271/352 brn|[from] item: Leftovers\n|-heal|p2a: Houndstone|83/100|[from] item: Leftovers\n|-damage|p1a: Oinkologne|249/352 brn|[from] brn\n|upkeep\n|turn|92\n|inactive|Time left: 300 sec this turn | 300 sec total\n|\n|t:|1783566078\n|move|p1a: Oinkologne|Curse|p1a: Oinkologne\n|-unboost|p1a: Oinkologne|spe|1\n|-boost|p1a: Oinkologne|atk|1\n|-boost|p1a: Oinkologne|def|1\n|move|p2a: Houndstone|Body Press|p1a: Oinkologne\n|-supereffective|p1a: Oinkologne\n|-damage|p1a: Oinkologne|159/352 brn\n|\n|-heal|p2a: Houndstone|89/100|[from] item: Leftovers\n|-heal|p1a: Oinkologne|181/352 brn|[from] item: Leftovers\n|-damage|p1a: Oinkologne|159/352 brn|[from] brn\n|upkeep\n|turn|93\n|inactive|Time left: 300 sec this turn | 300 sec total\n|\n|t:|1783566079\n|move|p2a: Houndstone|Sleep Talk||[still]\n|-fail|p2a: Houndstone\n|move|p1a: Oinkologne|Lash Out|p2a: Houndstone\n|-supereffective|p2a: Houndstone\n|-damage|p2a: Houndstone|73/100\n|\n|-heal|p2a: Houndstone|79/100|[from] item: Leftovers\n|-heal|p1a: Oinkologne|181/352 brn|[from] item: Leftovers\n|-damage|p1a: Oinkologne|159/352 brn|[from] brn\n|upkeep\n|turn|94\n|inactive|Time left: 300 sec this turn | 300 sec total\n|\n|t:|1783566080\n|move|p2a: Houndstone|Sleep Talk||[still]\n|-fail|p2a: Houndstone\n|move|p1a: Oinkologne|Lash Out|p2a: Houndstone\n|-supereffective|p2a: Houndstone\n|-damage|p2a: Houndstone|62/100\n|\n|-heal|p2a: Houndstone|68/100|[from] item: Leftovers\n|-heal|p1a: Oinkologne|181/352 brn|[from] item: Leftovers\n|-damage|p1a: Oinkologne|159/352 brn|[from] brn\n|upkeep\n|turn|95\n|inactive|Time left: 300 sec this turn | 300 sec total\n|\n|t:|1783566080\n|move|p2a: Houndstone|Sleep Talk||[still]\n|-fail|p2a: Houndstone\n|move|p1a: Oinkologne|Lash Out|p2a: Houndstone\n|-supereffective|p2a: Houndstone\n|-damage|p2a: Houndstone|52/100\n|\n|-heal|p2a: Houndstone|58/100|[from] item: Leftovers\n|-heal|p1a: Oinkologne|181/352 brn|[from] item: Leftovers\n|-damage|p1a: Oinkologne|159/352 brn|[from] brn\n|upkeep\n|turn|96\n|inactive|Time left: 300 sec this turn | 300 sec total\n|\n|t:|1783566081\n|move|p2a: Houndstone|Sleep Talk||[still]\n|-fail|p2a: Houndstone\n|move|p1a: Oinkologne|Lash Out|p2a: Houndstone\n|-supereffective|p2a: Houndstone\n|-damage|p2a: Houndstone|41/100\n|\n|-heal|p2a: Houndstone|47/100|[from] item: Leftovers\n|-heal|p1a: Oinkologne|181/352 brn|[from] item: Leftovers\n|-damage|p1a: Oinkologne|159/352 brn|[from] brn\n|upkeep\n|turn|97\n|inactive|Time left: 300 sec this turn | 300 sec total\n|\n|t:|1783566082\n|move|p2a: Houndstone|Sleep Talk||[still]\n|-fail|p2a: Houndstone\n|move|p1a: Oinkologne|Body Slam|p2a: Houndstone\n|-immune|p2a: Houndstone\n|\n|-heal|p2a: Houndstone|53/100|[from] item: Leftovers\n|-heal|p1a: Oinkologne|181/352 brn|[from] item: Leftovers\n|-damage|p1a: Oinkologne|159/352 brn|[from] brn\n|upkeep\n|turn|98\n|inactive|Time left: 300 sec this turn | 300 sec total\n|\n|t:|1783566083\n|move|p2a: Houndstone|Sleep Talk||[still]\n|-fail|p2a: Houndstone\n|move|p1a: Oinkologne|Lash Out|p2a: Houndstone\n|-supereffective|p2a: Houndstone\n|-damage|p2a: Houndstone|38/100\n|\n|-heal|p2a: Houndstone|44/100|[from] item: Leftovers\n|-heal|p1a: Oinkologne|181/352 brn|[from] item: Leftovers\n|-damage|p1a: Oinkologne|159/352 brn|[from] brn\n|upkeep\n|turn|99\n|inactive|Time left: 300 sec this turn | 300 sec total\n|\n|t:|1783566084\n|switch|p2a: Froslass|Froslass, L87, F|40/100\n|move|p1a: Oinkologne|Body Slam|p2a: Froslass\n|-immune|p2a: Froslass\n|\n|-heal|p1a: Oinkologne|181/352 brn|[from] item: Leftovers\n|-damage|p1a: Oinkologne|159/352 brn|[from] brn\n|upkeep\n|turn|100\n|inactive|Time left: 300 sec this turn | 300 sec total\n|\n|t:|1783566085\n|move|p2a: Froslass|Poltergeist|p1a: Oinkologne\n|-immune|p1a: Oinkologne\n|move|p1a: Oinkologne|High Horsepower|p2a: Froslass\n|-damage|p2a: Froslass|14/100\n|\n|-heal|p1a: Oinkologne|181/352 brn|[from] item: Leftovers\n|-damage|p1a: Oinkologne|159/352 brn|[from] brn\n|upkeep\n|turn|101\n|inactive|Time left: 300 sec this turn | 300 sec total\n|\n|t:|1783566086\n|switch|p2a: Houndstone|Houndstone, L86, F|44/100\n|move|p1a: Oinkologne|High Horsepower|p2a: Houndstone\n|-damage|p2a: Houndstone|35/100\n|\n|-heal|p2a: Houndstone|41/100|[from] item: Leftovers\n|-heal|p1a: Oinkologne|181/352 brn|[from] item: Leftovers\n|-damage|p1a: Oinkologne|159/352 brn|[from] brn\n|upkeep\n|turn|102\n|inactive|Time left: 300 sec this turn | 300 sec total\n|\n|t:|1783566087\n|move|p2a: Houndstone|Sleep Talk||[still]\n|-fail|p2a: Houndstone\n|move|p1a: Oinkologne|Body Slam|p2a: Houndstone\n|-immune|p2a: Houndstone\n|\n|-heal|p2a: Houndstone|47/100|[from] item: Leftovers\n|-heal|p1a: Oinkologne|181/352 brn|[from] item: Leftovers\n|-damage|p1a: Oinkologne|159/352 brn|[from] brn\n|upkeep\n|turn|103\n|inactive|Time left: 300 sec this turn | 300 sec total\n|\n|t:|1783566088\n|move|p2a: Houndstone|Sleep Talk||[still]\n|-fail|p2a: Houndstone\n|move|p1a: Oinkologne|Body Slam|p2a: Houndstone\n|-immune|p2a: Houndstone\n|\n|-heal|p2a: Houndstone|53/100|[from] item: Leftovers\n|-heal|p1a: Oinkologne|181/352 brn|[from] item: Leftovers\n|-damage|p1a: Oinkologne|159/352 brn|[from] brn\n|upkeep\n|turn|104\n|inactive|Time left: 300 sec this turn | 300 sec total\n|\n|t:|1783566089\n|move|p2a: Houndstone|Sleep Talk||[still]\n|-fail|p2a: Houndstone\n|move|p1a: Oinkologne|High Horsepower|p2a: Houndstone\n|-damage|p2a: Houndstone|43/100\n|\n|-heal|p2a: Houndstone|49/100|[from] item: Leftovers\n|-heal|p1a: Oinkologne|181/352 brn|[from] item: Leftovers\n|-damage|p1a: Oinkologne|159/352 brn|[from] brn\n|upkeep\n|turn|105\n|inactive|Time left: 300 sec this turn | 300 sec total\n|\n|t:|1783566090\n|move|p2a: Houndstone|Sleep Talk||[still]\n|-fail|p2a: Houndstone\n|move|p1a: Oinkologne|High Horsepower|p2a: Houndstone\n|-damage|p2a: Houndstone|38/100\n|\n|-heal|p2a: Houndstone|44/100|[from] item: Leftovers\n|-heal|p1a: Oinkologne|181/352 brn|[from] item: Leftovers\n|-damage|p1a: Oinkologne|159/352 brn|[from] brn\n|upkeep\n|turn|106\n|inactive|Time left: 300 sec this turn | 300 sec total\n|\n|t:|1783566091\n|-activate|p2a: Houndstone|move: Struggle\n|move|p2a: Houndstone|Struggle|p1a: Oinkologne\n|-damage|p1a: Oinkologne|133/352 brn\n|-damage|p2a: Houndstone|19/100|[from] recoil\n|move|p1a: Oinkologne|Body Slam|p2a: Houndstone\n|-immune|p2a: Houndstone\n|\n|-heal|p2a: Houndstone|25/100|[from] item: Leftovers\n|-heal|p1a: Oinkologne|155/352 brn|[from] item: Leftovers\n|-damage|p1a: Oinkologne|133/352 brn|[from] brn\n|upkeep\n|turn|107\n|inactive|Time left: 300 sec this turn | 300 sec total\n|\n|t:|1783566092\n|-activate|p2a: Houndstone|move: Struggle\n|move|p2a: Houndstone|Struggle|p1a: Oinkologne\n|-damage|p1a: Oinkologne|106/352 brn\n|-damage|p2a: Houndstone|0 fnt|[from] recoil\n|faint|p2a: Houndstone\n|move|p1a: Oinkologne|Body Slam|p2: Houndstone|[notarget]\n|-fail|p1a: Oinkologne\n|\n|-heal|p1a: Oinkologne|128/352 brn|[from] item: Leftovers\n|-damage|p1a: Oinkologne|106/352 brn|[from] brn\n|upkeep\n|\n|t:|1783566093\n|switch|p2a: Gothitelle|Gothitelle, L90, F|74/100\n|turn|108\n|inactive|Time left: 300 sec this turn | 300 sec total\n|\n|t:|1783566094\n|move|p2a: Gothitelle|Psychic|p1a: Oinkologne\n|-damage|p1a: Oinkologne|0 fnt\n|faint|p1a: Oinkologne\n|\n|upkeep\n|inactive|Time left: 300 sec this turn | 300 sec total | 5 sec grace\n|\n|t:|1783566095\n|switch|p1a: Gogoat|Gogoat, L88, M|220/360 frz\n|turn|109\n|inactive|Time left: 300 sec this turn | 300 sec total\n|\n|t:|1783566096\n|move|p2a: Gothitelle|Psychic|p1a: Gogoat\n|-damage|p1a: Gogoat|105/360 frz\n|cant|p1a: Gogoat|frz\n|\n|-heal|p1a: Gogoat|127/360 frz|[from] item: Leftovers\n|upkeep\n|turn|110\n|inactive|Time left: 300 sec this turn | 300 sec total\n|\n|t:|1783566097\n|move|p2a: Gothitelle|Psychic|p1a: Gogoat\n|-damage|p1a: Gogoat|16/360 frz\n|-curestatus|p1a: Gogoat|frz|[msg]\n|move|p1a: Gogoat|Milk Drink|p1a: Gogoat\n|-heal|p1a: Gogoat|196/360\n|\n|-heal|p1a: Gogoat|218/360|[from] item: Leftovers\n|upkeep\n|turn|111\n|inactive|Time left: 300 sec this turn | 300 sec total\n|\n|t:|1783566098\n|move|p2a: Gothitelle|Psychic|p1a: Gogoat\n|-damage|p1a: Gogoat|110/360\n|move|p1a: Gogoat|Milk Drink|p1a: Gogoat\n|-heal|p1a: Gogoat|290/360\n|\n|-heal|p1a: Gogoat|312/360|[from] item: Leftovers\n|upkeep\n|turn|112\n|inactive|Time left: 300 sec this turn | 300 sec total\n|\n|t:|1783566099\n|switch|p2a: Cryogonal|Cryogonal, L89|60/100\n|move|p1a: Gogoat|Horn Leech|p2a: Cryogonal\n|-damage|p2a: Cryogonal|19/100\n|-heal|p1a: Gogoat|360/360|[from] drain|[of] p2a: Cryogonal\n|\n|upkeep\n|turn|113\n|inactive|Time left: 300 sec this turn | 300 sec total\n|\n|t:|1783566100\n|move|p2a: Cryogonal|Freeze-Dry|p1a: Gogoat\n|-supereffective|p1a: Gogoat\n|-damage|p1a: Gogoat|202/360\n|move|p1a: Gogoat|Horn Leech|p2a: Cryogonal\n|-damage|p2a: Cryogonal|0 fnt\n|-heal|p1a: Gogoat|229/360|[from] drain|[of] p2a: Cryogonal\n|faint|p2a: Cryogonal\n|\n|-heal|p1a: Gogoat|251/360|[from] item: Leftovers\n|upkeep\n|\n|t:|1783566101\n|switch|p2a: Froslass|Froslass, L87, F|14/100\n|turn|114\n|inactive|Time left: 300 sec this turn | 300 sec total\n|\n|t:|1783566102\n|-terastallize|p1a: Gogoat|Water\n|move|p2a: Froslass|Triple Axel|p1a: Gogoat\n|-resisted|p1a: Gogoat\n|-damage|p1a: Gogoat|239/360\n|-resisted|p1a: Gogoat\n|-damage|p1a: Gogoat|213/360\n|-resisted|p1a: Gogoat\n|-damage|p1a: Gogoat|175/360\n|-hitcount|p1a: Gogoat|3\n|move|p1a: Gogoat|Earthquake|p2a: Froslass\n|-damage|p2a: Froslass|0 fnt\n|-start|p1a: Gogoat|Disable|Earthquake|[from] ability: Cursed Body|[of] p2a: Froslass\n|faint|p2a: Froslass\n|\n|-heal|p1a: Gogoat|197/360|[from] item: Leftovers\n|upkeep\n|\n|t:|1783566103\n|switch|p2a: Gothitelle|Gothitelle, L90, F|74/100\n|turn|115\n|inactive|Time left: 300 sec this turn | 300 sec total\n|\n|t:|1783566104\n|move|p2a: Gothitelle|Psychic|p1a: Gogoat\n|-damage|p1a: Gogoat|88/360\n|move|p1a: Gogoat|Bulk Up|p1a: Gogoat\n|-boost|p1a: Gogoat|atk|1\n|-boost|p1a: Gogoat|def|1\n|\n|-heal|p1a: Gogoat|110/360|[from] item: Leftovers\n|upkeep\n|turn|116\n|inactive|Time left: 300 sec this turn | 300 sec total\n|\n|t:|1783566105\n|move|p2a: Gothitelle|Psychic|p1a: Gogoat\n|-damage|p1a: Gogoat|0 fnt\n|faint|p1a: Gogoat\n|\n|upkeep\n|inactive|Time left: 300 sec this turn | 300 sec total | 5 sec grace\n|\n|t:|1783566106\n|switch|p1a: Noivern|Noivern, L82, M|274/274\n|turn|117\n|inactive|Time left: 300 sec this turn | 300 sec total\n|\n|t:|1783566107\n|move|p2a: Gothitelle|Psychic|p1a: Noivern\n|-damage|p1a: Noivern|154/274\n|move|p1a: Noivern|Boomburst|p2a: Gothitelle\n|-damage|p2a: Gothitelle|34/100\n|\n|upkeep\n|turn|118\n|inactive|Time left: 300 sec this turn | 300 sec total\n|\n|t:|1783566108\n|move|p2a: Gothitelle|Psychic|p1a: Noivern\n|-damage|p1a: Noivern|37/274\n|move|p1a: Noivern|Boomburst|p2a: Gothitelle\n|-damage|p2a: Gothitelle|0 fnt\n|faint|p2a: Gothitelle\n|\n|win|p0x2325eee2", "uploadtime": 1783566108, "views": 0, "rating": 0, "private": 0, "password": null, "_winner": "p0x2325eee2", "_our_name": "p0x2325eee2"}