{"id": "battle-gen9randombattle-2834", "formatid": "gen9randombattle", "format": "[Gen 9] Random Battle", "players": ["p0x2834ce33", "p0y2834a838"], "log": "|init|battle\n|title|p0x2834ce33 vs. p0y2834a838\n|j|\u2606p0x2834ce33\n|j|\u2606p0y2834a838\n|t:|1783572650\n|gametype|singles\n|player|p1|p0x2834ce33|2|\n|player|p2|p0y2834a838|265|\n|gen|9\n|tier|[Gen 9] Random Battle\n|rule|Species Clause: Limit one of each Pok\u00e9mon\n|rule|HP Percentage Mod: HP is shown in percentages\n|rule|Sleep Clause Mod: Limit one foe put to sleep\n|rule|Illusion Level Mod: Illusion disguises the Pok\u00e9mon's true level\n|\n|t:|1783572650\n|teamsize|p1|6\n|teamsize|p2|6\n|start\n|switch|p1a: Qwilfish|Qwilfish-Hisui, L83, M|244/244\n|switch|p2a: Raichu|Raichu, L88, M|100/100\n|-ability|p1a: Qwilfish|Intimidate|boost\n|-unboost|p2a: Raichu|atk|1\n|turn|1\n|inactive|Battle timer is ON: inactive players will automatically lose when time's up. (requested by p0x2834ce33)\n|inactive|p0y2834a838 also wants the timer to be on.\n|\n|t:|1783572652\n|move|p2a: Raichu|Nasty Plot|p2a: Raichu\n|-boost|p2a: Raichu|spa|2\n|move|p1a: Qwilfish|Gunk Shot|p2a: Raichu\n|-damage|p2a: Raichu|31/100\n|\n|upkeep\n|turn|2\n|inactive|Time left: 300 sec this turn | 300 sec total\n|\n|t:|1783572653\n|switch|p1a: Luxray|Luxray, L88, F|284/284\n|-ability|p1a: Luxray|Intimidate|boost\n|-unboost|p2a: Raichu|atk|1\n|move|p2a: Raichu|Thunderbolt|p1a: Luxray\n|-resisted|p1a: Luxray\n|-damage|p1a: Luxray|190/284\n|-damage|p2a: Raichu|22/100|[from] item: Life Orb\n|\n|upkeep\n|turn|3\n|inactive|Time left: 300 sec this turn | 300 sec total\n|\n|t:|1783572654\n|move|p2a: Raichu|Thunderbolt|p1a: Luxray\n|-resisted|p1a: Luxray\n|-damage|p1a: Luxray|100/284\n|-damage|p2a: Raichu|12/100|[from] item: Life Orb\n|move|p1a: Luxray|Throat Chop|p2a: Raichu\n|-damage|p2a: Raichu|0 fnt\n|faint|p2a: Raichu\n|\n|upkeep\n|\n|t:|1783572655\n|switch|p2a: Ampharos|Ampharos, L88, F|100/100\n|turn|4\n|inactive|Time left: 300 sec this turn | 300 sec total\n|\n|t:|1783572656\n|move|p1a: Luxray|Throat Chop|p2a: Ampharos\n|-damage|p2a: Ampharos|75/100\n|-start|p2a: Ampharos|Throat Chop|[silent]\n|move|p2a: Ampharos|Thunderbolt|p1a: Luxray\n|-resisted|p1a: Luxray\n|-damage|p1a: Luxray|40/284\n|\n|upkeep\n|turn|5\n|inactive|Time left: 300 sec this turn | 300 sec total\n|\n|t:|1783572657\n|move|p1a: Luxray|Play Rough|p2a: Ampharos\n|-damage|p2a: Ampharos|50/100\n|move|p2a: Ampharos|Thunderbolt|p1a: Luxray\n|-resisted|p1a: Luxray\n|-damage|p1a: Luxray|0 fnt\n|faint|p1a: Luxray\n|\n|-end|p2a: Ampharos|Throat Chop|[silent]\n|upkeep\n|inactive|Time left: 300 sec this turn | 300 sec total | 5 sec grace\n|\n|t:|1783572658\n|switch|p1a: Scovillain|Scovillain, L91, F|266/266\n|turn|6\n|inactive|Time left: 300 sec this turn | 300 sec total\n|\n|t:|1783572660\n|move|p1a: Scovillain|Flamethrower|p2a: Ampharos\n|-damage|p2a: Ampharos|13/100\n|move|p2a: Ampharos|Thunderbolt|p1a: Scovillain\n|-resisted|p1a: Scovillain\n|-damage|p1a: Scovillain|164/266\n|\n|-heal|p1a: Scovillain|180/266|[from] item: Leftovers\n|upkeep\n|turn|7\n|inactive|Time left: 300 sec this turn | 300 sec total\n|\n|t:|1783572661\n|move|p1a: Scovillain|Flamethrower|p2a: Ampharos\n|-damage|p2a: Ampharos|0 fnt\n|faint|p2a: Ampharos\n|\n|-heal|p1a: Scovillain|196/266|[from] item: Leftovers\n|upkeep\n|\n|t:|1783572662\n|switch|p2a: Cinccino|Cinccino, L83, M|100/100\n|turn|8\n|inactive|Time left: 300 sec this turn | 300 sec total\n|\n|t:|1783572663\n|move|p2a: Cinccino|Tail Slap|p1a: Scovillain\n|-damage|p1a: Scovillain|148/266\n|-damage|p1a: Scovillain|99/266\n|-damage|p1a: Scovillain|50/266\n|-damage|p1a: Scovillain|2/266\n|-damage|p1a: Scovillain|0 fnt\n|faint|p1a: Scovillain\n|-hitcount|p1: Scovillain|5\n|\n|upkeep\n|inactive|Time left: 300 sec this turn | 300 sec total | 5 sec grace\n|\n|t:|1783572664\n|switch|p1a: Forretress|Forretress, L84, F|263/263\n|turn|9\n|inactive|Time left: 300 sec this turn | 300 sec total\n|\n|t:|1783572665\n|move|p2a: Cinccino|Tidy Up|p2a: Cinccino\n|-boost|p2a: Cinccino|atk|1\n|-boost|p2a: Cinccino|spe|1\n|move|p1a: Forretress|Body Press|p2a: Cinccino\n|-supereffective|p2a: Cinccino\n|-damage|p2a: Cinccino|22/100\n|\n|upkeep\n|turn|10\n|inactive|Time left: 300 sec this turn | 300 sec total\n|\n|t:|1783572666\n|move|p2a: Cinccino|Tail Slap|p1a: Forretress\n|-resisted|p1a: Forretress\n|-damage|p1a: Forretress|244/263\n|-resisted|p1a: Forretress\n|-damage|p1a: Forretress|224/263\n|-resisted|p1a: Forretress\n|-damage|p1a: Forretress|203/263\n|-resisted|p1a: Forretress\n|-damage|p1a: Forretress|184/263\n|-resisted|p1a: Forretress\n|-damage|p1a: Forretress|165/263\n|-hitcount|p1a: Forretress|5\n|move|p1a: Forretress|Iron Head|p2a: Cinccino\n|-damage|p2a: Cinccino|0 fnt\n|faint|p2a: Cinccino\n|\n|-heal|p1a: Forretress|181/263|[from] item: Leftovers\n|upkeep\n|\n|t:|1783572667\n|switch|p2a: Cobalion|Cobalion, L80|100/100\n|turn|11\n|inactive|Time left: 300 sec this turn | 300 sec total\n|\n|t:|1783572668\n|move|p2a: Cobalion|Iron Defense|p2a: Cobalion\n|-boost|p2a: Cobalion|def|2\n|move|p1a: Forretress|Body Press|p2a: Cobalion\n|-supereffective|p2a: Cobalion\n|-damage|p2a: Cobalion|79/100\n|\n|-heal|p2a: Cobalion|85/100|[from] item: Leftovers\n|-heal|p1a: Forretress|197/263|[from] item: Leftovers\n|upkeep\n|turn|12\n|inactive|Time left: 300 sec this turn | 300 sec total\n|\n|t:|1783572669\n|move|p2a: Cobalion|Body Press|p1a: Forretress\n|-damage|p1a: Forretress|50/263\n|move|p1a: Forretress|Body Press|p2a: Cobalion\n|-supereffective|p2a: Cobalion\n|-damage|p2a: Cobalion|63/100\n|\n|-heal|p2a: Cobalion|69/100|[from] item: Leftovers\n|-heal|p1a: Forretress|66/263|[from] item: Leftovers\n|upkeep\n|turn|13\n|inactive|Time left: 300 sec this turn | 300 sec total\n|\n|t:|1783572669\n|switch|p1a: Eiscue|Eiscue, L88, M|274/274\n|move|p2a: Cobalion|Body Press|p1a: Eiscue\n|-activate|p1a: Eiscue|ability: Ice Face\n|-damage|p1a: Eiscue|274/274\n|detailschange|p1a: Eiscue|Eiscue-Noice, L88, M\n|\n|-heal|p2a: Cobalion|75/100|[from] item: Leftovers\n|upkeep\n|turn|14\n|inactive|Time left: 300 sec this turn | 300 sec total\n|\n|t:|1783572670\n|switch|p1a: Qwilfish|Qwilfish-Hisui, L83, M|244/244\n|-ability|p1a: Qwilfish|Intimidate|boost\n|-unboost|p2a: Cobalion|atk|1\n|move|p2a: Cobalion|Body Press|p1a: Qwilfish\n|-damage|p1a: Qwilfish|112/244\n|\n|-heal|p2a: Cobalion|81/100|[from] item: Leftovers\n|upkeep\n|turn|15\n|inactive|Time left: 300 sec this turn | 300 sec total\n|\n|t:|1783572671\n|switch|p1a: Forretress|Forretress, L84, F|66/263\n|move|p2a: Cobalion|Body Press|p1a: Forretress\n|-damage|p1a: Forretress|0 fnt\n|faint|p1a: Forretress\n|\n|-heal|p2a: Cobalion|87/100|[from] item: Leftovers\n|upkeep\n|inactive|Time left: 300 sec this turn | 300 sec total | 5 sec grace\n|\n|t:|1783572672\n|switch|p1a: Solgaleo|Solgaleo, L74|325/325\n|turn|16\n|inactive|Time left: 300 sec this turn | 300 sec total\n|\n|t:|1783572673\n|move|p2a: Cobalion|Body Press|p1a: Solgaleo\n|-damage|p1a: Solgaleo|139/325\n|move|p1a: Solgaleo|Morning Sun|p1a: Solgaleo\n|-heal|p1a: Solgaleo|301/325\n|\n|-heal|p2a: Cobalion|93/100|[from] item: Leftovers\n|-heal|p1a: Solgaleo|321/325|[from] item: Leftovers\n|upkeep\n|turn|17\n|inactive|Time left: 300 sec this turn | 300 sec total\n|\n|t:|1783572674\n|move|p2a: Cobalion|Body Press|p1a: Solgaleo\n|-damage|p1a: Solgaleo|146/325\n|move|p1a: Solgaleo|Morning Sun|p1a: Solgaleo\n|-heal|p1a: Solgaleo|308/325\n|\n|-heal|p2a: Cobalion|99/100|[from] item: Leftovers\n|-heal|p1a: Solgaleo|325/325|[from] item: Leftovers\n|upkeep\n|turn|18\n|inactive|Time left: 300 sec this turn | 300 sec total\n|\n|t:|1783572675\n|move|p2a: Cobalion|Body Press|p1a: Solgaleo\n|-damage|p1a: Solgaleo|118/325\n|move|p1a: Solgaleo|Morning Sun|p1a: Solgaleo\n|-heal|p1a: Solgaleo|280/325\n|\n|-heal|p2a: Cobalion|100/100|[from] item: Leftovers\n|-heal|p1a: Solgaleo|300/325|[from] item: Leftovers\n|upkeep\n|turn|19\n|inactive|Time left: 300 sec this turn | 300 sec total\n|\n|t:|1783572676\n|move|p2a: Cobalion|Body Press|p1a: Solgaleo\n|-damage|p1a: Solgaleo|108/325\n|move|p1a: Solgaleo|Morning Sun|p1a: Solgaleo\n|-heal|p1a: Solgaleo|270/325\n|\n|-heal|p1a: Solgaleo|290/325|[from] item: Leftovers\n|upkeep\n|turn|20\n|inactive|Time left: 300 sec this turn | 300 sec total\n|\n|t:|1783572677\n|move|p2a: Cobalion|Body Press|p1a: Solgaleo\n|-damage|p1a: Solgaleo|107/325\n|move|p1a: Solgaleo|Morning Sun|p1a: Solgaleo\n|-heal|p1a: Solgaleo|269/325\n|\n|-heal|p1a: Solgaleo|289/325|[from] item: Leftovers\n|upkeep\n|turn|21\n|inactive|Time left: 300 sec this turn | 300 sec total\n|\n|t:|1783572678\n|move|p2a: Cobalion|Body Press|p1a: Solgaleo\n|-damage|p1a: Solgaleo|112/325\n|move|p1a: Solgaleo|Morning Sun|p1a: Solgaleo\n|-heal|p1a: Solgaleo|274/325\n|\n|-heal|p1a: Solgaleo|294/325|[from] item: Leftovers\n|upkeep\n|turn|22\n|inactive|Time left: 300 sec this turn | 300 sec total\n|\n|t:|1783572679\n|move|p2a: Cobalion|Body Press|p1a: Solgaleo\n|-damage|p1a: Solgaleo|108/325\n|move|p1a: Solgaleo|Morning Sun|p1a: Solgaleo\n|-heal|p1a: Solgaleo|270/325\n|\n|-heal|p1a: Solgaleo|290/325|[from] item: Leftovers\n|upkeep\n|turn|23\n|inactive|Time left: 300 sec this turn | 300 sec total\n|\n|t:|1783572680\n|move|p2a: Cobalion|Body Press|p1a: Solgaleo\n|-damage|p1a: Solgaleo|98/325\n|move|p1a: Solgaleo|Morning Sun|p1a: Solgaleo\n|-heal|p1a: Solgaleo|260/325\n|\n|-heal|p1a: Solgaleo|280/325|[from] item: Leftovers\n|upkeep\n|turn|24\n|inactive|Time left: 300 sec this turn | 300 sec total\n|\n|t:|1783572681\n|move|p2a: Cobalion|Body Press|p1a: Solgaleo\n|-damage|p1a: Solgaleo|94/325\n|move|p1a: Solgaleo|Psychic Fangs|p2a: Cobalion\n|-damage|p2a: Cobalion|88/100\n|\n|-heal|p2a: Cobalion|94/100|[from] item: Leftovers\n|-heal|p1a: Solgaleo|114/325|[from] item: Leftovers\n|upkeep\n|turn|25\n|inactive|Time left: 300 sec this turn | 300 sec total\n|\n|t:|1783572682\n|move|p2a: Cobalion|Body Press|p1a: Solgaleo\n|-damage|p1a: Solgaleo|0 fnt\n|faint|p1a: Solgaleo\n|\n|-heal|p2a: Cobalion|99/100|[from] item: Leftovers\n|upkeep\n|inactive|Time left: 300 sec this turn | 300 sec total | 5 sec grace\n|\n|t:|1783572682\n|switch|p1a: Qwilfish|Qwilfish-Hisui, L83, M|112/244\n|-ability|p1a: Qwilfish|Intimidate|boost\n|-unboost|p2a: Cobalion|atk|1\n|turn|26\n|inactive|Time left: 300 sec this turn | 300 sec total\n|\n|t:|1783572683\n|-terastallize|p1a: Qwilfish|Flying\n|move|p2a: Cobalion|Body Press|p1a: Qwilfish\n|-resisted|p1a: Qwilfish\n|-damage|p1a: Qwilfish|45/244\n|move|p1a: Qwilfish|Toxic Spikes|p2a: Cobalion\n|-sidestart|p2: p0y2834a838|move: Toxic Spikes\n|\n|-heal|p2a: Cobalion|100/100|[from] item: Leftovers\n|upkeep\n|turn|27\n|inactive|Time left: 300 sec this turn | 300 sec total\n|\n|t:|1783572684\n|move|p2a: Cobalion|Body Press|p1a: Qwilfish\n|-resisted|p1a: Qwilfish\n|-damage|p1a: Qwilfish|0 fnt\n|faint|p1a: Qwilfish\n|\n|upkeep\n|inactive|Time left: 300 sec this turn | 300 sec total | 5 sec grace\n|\n|t:|1783572685\n|switch|p1a: Eiscue|Eiscue-Noice, L88, M|274/274\n|turn|28\n|inactive|Time left: 300 sec this turn | 300 sec total\n|\n|t:|1783572686\n|switch|p2a: Breloom|Breloom, L83, F|100/100\n|-status|p2a: Breloom|psn\n|move|p1a: Eiscue|Liquidation|p2a: Breloom\n|-resisted|p2a: Breloom\n|-damage|p2a: Breloom|88/100 psn\n|\n|-damage|p2a: Breloom|75/100 psn|[from] psn\n|upkeep\n|turn|29\n|inactive|Time left: 300 sec this turn | 300 sec total\n|\n|t:|1783572687\n|-terastallize|p2a: Breloom|Rock\n|move|p1a: Eiscue|Liquidation|p2a: Breloom\n|-supereffective|p2a: Breloom\n|-damage|p2a: Breloom|19/100 psn\n|move|p2a: Breloom|Rock Tomb|p1a: Eiscue\n|-supereffective|p1a: Eiscue\n|-damage|p1a: Eiscue|0 fnt\n|faint|p1a: Eiscue\n|-damage|p2a: Breloom|9/100 psn|[from] item: Life Orb\n|\n|win|p0y2834a838", "uploadtime": 1783572687, "views": 0, "rating": 0, "private": 0, "password": null, "_winner": "p0y2834a838", "_our_name": "p0x2834ce33"}