{"id": "battle-gen9randombattle-2239", "formatid": "gen9randombattle", "format": "[Gen 9] Random Battle", "players": ["p0x22397d28", "p0y2239e2e4"], "log": "|init|battle\n|title|p0x22397d28 vs. p0y2239e2e4\n|j|\u2606p0x22397d28\n|j|\u2606p0y2239e2e4\n|t:|1783565036\n|gametype|singles\n|player|p1|p0x22397d28|265|\n|player|p2|p0y2239e2e4|169|\n|gen|9\n|tier|[Gen 9] Random Battle\n|rule|Species Clause: Limit one of each Pok\u00e9mon\n|rule|HP Percentage Mod: HP is shown in percentages\n|rule|Sleep Clause Mod: Limit one foe put to sleep\n|rule|Illusion Level Mod: Illusion disguises the Pok\u00e9mon's true level\n|\n|t:|1783565036\n|teamsize|p1|6\n|teamsize|p2|6\n|start\n|switch|p1a: Stonjourner|Stonjourner, L91, M|100/100\n|switch|p2a: Gastrodon|Gastrodon-East, L86, M|331/331\n|turn|1\n|inactive|Battle timer is ON: inactive players will automatically lose when time's up. (requested by p0x22397d28)\n|inactive|Time left: 300 sec this turn | 300 sec total | 60 sec grace\n|inactive|p0y2239e2e4 also wants the timer to be on.\n|\n|t:|1783565037\n|move|p1a: Stonjourner|Rock Polish|p1a: Stonjourner\n|-boost|p1a: Stonjourner|spe|2\n|move|p2a: Gastrodon|Ice Beam|p1a: Stonjourner\n|-damage|p1a: Stonjourner|60/100\n|\n|upkeep\n|turn|2\n|inactive|Time left: 300 sec this turn | 300 sec total\n|\n|t:|1783565038\n|move|p1a: Stonjourner|Rock Polish|p1a: Stonjourner\n|-boost|p1a: Stonjourner|spe|2\n|move|p2a: Gastrodon|Earthquake|p1a: Stonjourner\n|-supereffective|p1a: Stonjourner\n|-damage|p1a: Stonjourner|24/100\n|\n|upkeep\n|turn|3\n|inactive|Time left: 300 sec this turn | 300 sec total\n|\n|t:|1783565039\n|move|p1a: Stonjourner|Earthquake|p2a: Gastrodon\n|-damage|p2a: Gastrodon|163/331\n|-damage|p1a: Stonjourner|14/100|[from] item: Life Orb\n|move|p2a: Gastrodon|Ice Beam|p1a: Stonjourner\n|-damage|p1a: Stonjourner|0 fnt\n|faint|p1a: Stonjourner\n|\n|-heal|p2a: Gastrodon|183/331|[from] item: Leftovers\n|upkeep\n|\n|t:|1783565040\n|switch|p1a: Groudon|Groudon, L72|100/100\n|-weather|SunnyDay|[from] ability: Drought|[of] p1a: Groudon\n|turn|4\n|inactive|Time left: 300 sec this turn | 300 sec total\n|\n|t:|1783565041\n|move|p1a: Groudon|Swords Dance|p1a: Groudon\n|-boost|p1a: Groudon|atk|2\n|move|p2a: Gastrodon|Recover|p2a: Gastrodon\n|-heal|p2a: Gastrodon|331/331\n|\n|-weather|SunnyDay|[upkeep]\n|upkeep\n|turn|5\n|inactive|Time left: 300 sec this turn | 300 sec total\n|\n|t:|1783565042\n|move|p1a: Groudon|Precipice Blades|p2a: Gastrodon\n|-damage|p2a: Gastrodon|7/331\n|move|p2a: Gastrodon|Ice Beam|p1a: Groudon\n|-supereffective|p1a: Groudon\n|-damage|p1a: Groudon|41/100\n|\n|-weather|SunnyDay|[upkeep]\n|-heal|p1a: Groudon|47/100|[from] item: Leftovers\n|-heal|p2a: Gastrodon|27/331|[from] item: Leftovers\n|upkeep\n|turn|6\n|inactive|Time left: 300 sec this turn | 300 sec total\n|\n|t:|1783565043\n|move|p1a: Groudon|Heat Crash|p2a: Gastrodon\n|-resisted|p2a: Gastrodon\n|-damage|p2a: Gastrodon|0 fnt\n|faint|p2a: Gastrodon\n|\n|-weather|SunnyDay|[upkeep]\n|-heal|p1a: Groudon|53/100|[from] item: Leftovers\n|upkeep\n|inactive|Time left: 300 sec this turn | 300 sec total | 5 sec grace\n|\n|t:|1783565044\n|switch|p2a: Porygon2|Porygon2, L81|270/270\n|-ability|p2a: Porygon2|Download|boost\n|-boost|p2a: Porygon2|spa|1\n|turn|7\n|inactive|Time left: 300 sec this turn | 300 sec total\n|\n|t:|1783565045\n|-terastallize|p1a: Groudon|Fire\n|move|p1a: Groudon|Heat Crash|p2a: Porygon2\n|-damage|p2a: Porygon2|6/270\n|move|p2a: Porygon2|Tri Attack|p1a: Groudon\n|-damage|p1a: Groudon|3/100\n|\n|-weather|SunnyDay|[upkeep]\n|-heal|p1a: Groudon|9/100|[from] item: Leftovers\n|upkeep\n|turn|8\n|inactive|Time left: 300 sec this turn | 300 sec total\n|\n|t:|1783565046\n|move|p1a: Groudon|Heat Crash|p2a: Porygon2\n|-damage|p2a: Porygon2|0 fnt\n|faint|p2a: Porygon2\n|\n|-weather|none\n|-heal|p1a: Groudon|15/100|[from] item: Leftovers\n|upkeep\n|inactive|Time left: 300 sec this turn | 300 sec total | 5 sec grace\n|\n|t:|1783565047\n|switch|p2a: Vivillon|Vivillon-Ocean, L83, F|268/268\n|turn|9\n|inactive|Time left: 300 sec this turn | 300 sec total\n|\n|t:|1783565048\n|move|p2a: Vivillon|Hurricane|p1a: Groudon\n|-damage|p1a: Groudon|0 fnt\n|faint|p1a: Groudon\n|\n|upkeep\n|\n|t:|1783565049\n|switch|p1a: Salamence|Salamence, L77, M|100/100\n|turn|10\n|inactive|Time left: 300 sec this turn | 300 sec total\n|\n|t:|1783565051\n|move|p1a: Salamence|Outrage|p2a: Vivillon\n|-damage|p2a: Vivillon|67/268\n|move|p2a: Vivillon|Sleep Powder|p1a: Salamence\n|-status|p1a: Salamence|slp|[from] move: Sleep Powder\n|\n|upkeep\n|turn|11\n|inactive|Time left: 300 sec this turn | 300 sec total\n|\n|t:|1783565052\n|cant|p1a: Salamence|slp\n|move|p2a: Vivillon|Hurricane|p1a: Salamence\n|-damage|p1a: Salamence|50/100 slp\n|\n|upkeep\n|turn|12\n|inactive|Time left: 300 sec this turn | 300 sec total\n|\n|t:|1783565053\n|cant|p1a: Salamence|slp\n|move|p2a: Vivillon|Quiver Dance|p2a: Vivillon\n|-boost|p2a: Vivillon|spa|1\n|-boost|p2a: Vivillon|spd|1\n|-boost|p2a: Vivillon|spe|1\n|\n|upkeep\n|turn|13\n|inactive|Time left: 300 sec this turn | 300 sec total\n|\n|t:|1783565054\n|move|p2a: Vivillon|Hurricane|p1a: Salamence\n|-damage|p1a: Salamence|0 fnt\n|faint|p1a: Salamence\n|\n|upkeep\n|\n|t:|1783565054\n|switch|p1a: Orthworm|Orthworm, L88, M|100/100\n|turn|14\n|inactive|Time left: 300 sec this turn | 300 sec total\n|\n|t:|1783565055\n|move|p2a: Vivillon|Hurricane|p1a: Orthworm\n|-resisted|p1a: Orthworm\n|-damage|p1a: Orthworm|57/100\n|move|p1a: Orthworm|Iron Tail|p2a: Vivillon|[miss]\n|-miss|p1a: Orthworm|p2a: Vivillon\n|\n|upkeep\n|turn|15\n|inactive|Time left: 300 sec this turn | 300 sec total\n|\n|t:|1783565056\n|move|p2a: Vivillon|Hurricane|p1a: Orthworm\n|-resisted|p1a: Orthworm\n|-damage|p1a: Orthworm|19/100\n|move|p1a: Orthworm|Iron Tail|p2a: Vivillon\n|-damage|p2a: Vivillon|0 fnt\n|faint|p2a: Vivillon\n|\n|upkeep\n|inactive|Time left: 300 sec this turn | 300 sec total | 5 sec grace\n|\n|t:|1783565057\n|switch|p2a: Brambleghast|Brambleghast, L88, M|240/240\n|turn|16\n|inactive|Time left: 300 sec this turn | 300 sec total\n|\n|t:|1783565058\n|move|p2a: Brambleghast|Poltergeist|p1a: Orthworm\n|-activate|p1a: Orthworm|move: Poltergeist|Chesto Berry\n|-damage|p1a: Orthworm|0 fnt\n|faint|p1a: Orthworm\n|\n|upkeep\n|\n|t:|1783565059\n|switch|p1a: Arbok|Arbok, L87, M|100/100\n|-ability|p1a: Arbok|Intimidate|boost\n|-unboost|p2a: Brambleghast|atk|1\n|turn|17\n|inactive|Time left: 300 sec this turn | 300 sec total\n|\n|t:|1783565060\n|move|p2a: Brambleghast|Poltergeist|p1a: Arbok\n|-activate|p1a: Arbok|move: Poltergeist|Leftovers\n|-damage|p1a: Arbok|57/100\n|move|p1a: Arbok|Coil|p1a: Arbok\n|-boost|p1a: Arbok|atk|1\n|-boost|p1a: Arbok|def|1\n|-boost|p1a: Arbok|accuracy|1\n|\n|-heal|p1a: Arbok|64/100|[from] item: Leftovers\n|upkeep\n|turn|18\n|inactive|Time left: 300 sec this turn | 300 sec total\n|\n|t:|1783565061\n|move|p2a: Brambleghast|Leech Seed|p1a: Arbok|[miss]\n|-miss|p2a: Brambleghast|p1a: Arbok\n|move|p1a: Arbok|Coil|p1a: Arbok\n|-boost|p1a: Arbok|atk|1\n|-boost|p1a: Arbok|def|1\n|-boost|p1a: Arbok|accuracy|1\n|\n|-heal|p1a: Arbok|70/100|[from] item: Leftovers\n|upkeep\n|turn|19\n|inactive|Time left: 300 sec this turn | 300 sec total\n|\n|t:|1783565062\n|move|p2a: Brambleghast|Leech Seed|p1a: Arbok\n|-start|p1a: Arbok|move: Leech Seed\n|move|p1a: Arbok|Gunk Shot|p2a: Brambleghast\n|-damage|p2a: Brambleghast|0 fnt\n|faint|p2a: Brambleghast\n|\n|-heal|p1a: Arbok|76/100|[from] item: Leftovers\n|upkeep\n|inactive|Time left: 300 sec this turn | 300 sec total | 5 sec grace\n|\n|t:|1783565063\n|switch|p2a: Dipplin|Dipplin, L88, M|284/284\n|turn|20\n|inactive|Time left: 300 sec this turn | 300 sec total\n|\n|t:|1783565064\n|-terastallize|p2a: Dipplin|Steel\n|move|p1a: Arbok|Earthquake|p2a: Dipplin\n|-supereffective|p2a: Dipplin\n|-damage|p2a: Dipplin|128/284\n|move|p2a: Dipplin|Dragon Pulse|p1a: Arbok\n|-damage|p1a: Arbok|33/100\n|\n|-heal|p1a: Arbok|39/100|[from] item: Leftovers\n|-damage|p1a: Arbok|27/100|[from] Leech Seed|[of] p2a: Dipplin\n|-heal|p2a: Dipplin|158/284|[silent]\n|upkeep\n|turn|21\n|inactive|Time left: 300 sec this turn | 300 sec total\n|\n|t:|1783565065\n|switch|p2a: Umbreon|Umbreon, L84, F|297/297\n|move|p1a: Arbok|Earthquake|p2a: Umbreon\n|-damage|p2a: Umbreon|174/297\n|\n|-heal|p1a: Arbok|33/100|[from] item: Leftovers\n|-heal|p2a: Umbreon|192/297|[from] item: Leftovers\n|-damage|p1a: Arbok|20/100|[from] Leech Seed|[of] p2a: Umbreon\n|-heal|p2a: Umbreon|222/297|[silent]\n|upkeep\n|turn|22\n|inactive|Time left: 300 sec this turn | 300 sec total\n|\n|t:|1783565066\n|move|p2a: Umbreon|Protect|p2a: Umbreon\n|-singleturn|p2a: Umbreon|Protect\n|move|p1a: Arbok|Gunk Shot|p2a: Umbreon\n|-activate|p2a: Umbreon|move: Protect\n|\n|-heal|p1a: Arbok|27/100|[from] item: Leftovers\n|-heal|p2a: Umbreon|240/297|[from] item: Leftovers\n|-damage|p1a: Arbok|14/100|[from] Leech Seed|[of] p2a: Umbreon\n|-heal|p2a: Umbreon|270/297|[silent]\n|upkeep\n|turn|23\n|inactive|Time left: 300 sec this turn | 300 sec total\n|\n|t:|1783565066\n|move|p1a: Arbok|Gunk Shot|p2a: Umbreon\n|-damage|p2a: Umbreon|51/297\n|move|p2a: Umbreon|Foul Play|p1a: Arbok\n|-damage|p1a: Arbok|0 fnt\n|faint|p1a: Arbok\n|\n|-heal|p2a: Umbreon|69/297|[from] item: Leftovers\n|upkeep\n|\n|t:|1783565067\n|switch|p1a: Lumineon|Lumineon, L93, M|100/100\n|turn|24\n|inactive|Time left: 300 sec this turn | 300 sec total\n|\n|t:|1783565068\n|move|p1a: Lumineon|Hydro Pump|p2a: Umbreon\n|-damage|p2a: Umbreon|0 fnt\n|faint|p2a: Umbreon\n|\n|upkeep\n|inactive|Time left: 300 sec this turn | 300 sec total | 5 sec grace\n|\n|t:|1783565069\n|switch|p2a: Dipplin|Dipplin, L88, M, tera:Steel|158/284\n|turn|25\n|inactive|Time left: 300 sec this turn | 300 sec total\n|\n|t:|1783565070\n|move|p1a: Lumineon|Ice Beam|p2a: Dipplin\n|-resisted|p2a: Dipplin\n|-damage|p2a: Dipplin|137/284\n|-status|p2a: Dipplin|frz\n|-curestatus|p2a: Dipplin|frz|[msg]\n|move|p2a: Dipplin|Giga Drain|p1a: Lumineon\n|-supereffective|p1a: Lumineon\n|-damage|p1a: Lumineon|45/100\n|-heal|p2a: Dipplin|215/284|[from] drain|[of] p1a: Lumineon\n|\n|upkeep\n|turn|26\n|inactive|Time left: 300 sec this turn | 300 sec total\n|\n|t:|1783565071\n|move|p1a: Lumineon|Ice Beam|p2a: Dipplin\n|-resisted|p2a: Dipplin\n|-damage|p2a: Dipplin|195/284\n|-status|p2a: Dipplin|frz\n|cant|p2a: Dipplin|frz\n|\n|upkeep\n|turn|27\n|inactive|Time left: 300 sec this turn | 300 sec total\n|\n|t:|1783565072\n|move|p1a: Lumineon|Hydro Pump|p2a: Dipplin\n|-damage|p2a: Dipplin|113/284 frz\n|cant|p2a: Dipplin|frz\n|\n|upkeep\n|turn|28\n|inactive|Time left: 300 sec this turn | 300 sec total\n|\n|t:|1783565073\n|move|p1a: Lumineon|Hydro Pump|p2a: Dipplin\n|-damage|p2a: Dipplin|34/284 frz\n|cant|p2a: Dipplin|frz\n|\n|upkeep\n|turn|29\n|inactive|Time left: 300 sec this turn | 300 sec total\n|\n|t:|1783565074\n|move|p1a: Lumineon|Hydro Pump|p2a: Dipplin\n|-damage|p2a: Dipplin|0 fnt\n|faint|p2a: Dipplin\n|\n|win|p0x22397d28", "uploadtime": 1783565074, "views": 0, "rating": 0, "private": 0, "password": null, "_winner": "p0x22397d28", "_our_name": "p0y2239e2e4"}