{"id": "battle-gen9randombattle-1516", "formatid": "gen9randombattle", "format": "[Gen 9] Random Battle", "players": ["p0x15163a7c", "p0y15167b3d"], "log": "|init|battle\n|title|p0x15163a7c vs. p0y15167b3d\n|j|\u2606p0x15163a7c\n|j|\u2606p0y15167b3d\n|t:|1783556716\n|gametype|singles\n|player|p1|p0x15163a7c|169|\n|player|p2|p0y15167b3d|169|\n|gen|9\n|tier|[Gen 9] Random Battle\n|rule|Species Clause: Limit one of each Pok\u00e9mon\n|rule|HP Percentage Mod: HP is shown in percentages\n|rule|Sleep Clause Mod: Limit one foe put to sleep\n|rule|Illusion Level Mod: Illusion disguises the Pok\u00e9mon's true level\n|\n|t:|1783556716\n|teamsize|p1|6\n|teamsize|p2|6\n|start\n|switch|p1a: Articuno|Articuno, L86|100/100\n|switch|p2a: Zangoose|Zangoose, L85, F|263/263\n|-ability|p1a: Articuno|Pressure\n|turn|1\n|inactive|Battle timer is ON: inactive players will automatically lose when time's up. (requested by p0y15167b3d)\n|inactive|p0x15163a7c also wants the timer to be on.\n|\n|t:|1783556718\n|move|p2a: Zangoose|Knock Off|p1a: Articuno\n|-damage|p1a: Articuno|74/100\n|-enditem|p1a: Articuno|Heavy-Duty Boots|[from] move: Knock Off|[of] p2a: Zangoose\n|move|p1a: Articuno|Freeze-Dry|p2a: Zangoose\n|-damage|p2a: Zangoose|163/263\n|\n|-status|p2a: Zangoose|tox|[from] item: Toxic Orb\n|upkeep\n|turn|2\n|inactive|Time left: 300 sec this turn | 300 sec total\n|\n|t:|1783556719\n|switch|p1a: Decidueye|Decidueye, L88, M|100/100\n|move|p2a: Zangoose|Facade|p1a: Decidueye\n|-immune|p1a: Decidueye\n|\n|-damage|p2a: Zangoose|147/263 tox|[from] psn\n|upkeep\n|turn|3\n|inactive|Time left: 300 sec this turn | 300 sec total\n|\n|t:|1783556720\n|move|p2a: Zangoose|Knock Off|p1a: Decidueye\n|-supereffective|p1a: Decidueye\n|-damage|p1a: Decidueye|14/100\n|-enditem|p1a: Decidueye|Life Orb|[from] move: Knock Off|[of] p2a: Zangoose\n|move|p1a: Decidueye|Leaf Blade|p2a: Zangoose\n|-damage|p2a: Zangoose|0 fnt\n|faint|p2a: Zangoose\n|\n|upkeep\n|inactive|Time left: 300 sec this turn | 300 sec total | 5 sec grace\n|\n|t:|1783556721\n|switch|p2a: Krookodile|Krookodile, L79, M|280/280\n|-ability|p2a: Krookodile|Intimidate|boost\n|-unboost|p1a: Decidueye|atk|1\n|turn|4\n|inactive|Time left: 300 sec this turn | 300 sec total\n|\n|t:|1783556723\n|move|p2a: Krookodile|Knock Off|p1a: Decidueye\n|-supereffective|p1a: Decidueye\n|-damage|p1a: Decidueye|0 fnt\n|faint|p1a: Decidueye\n|\n|upkeep\n|\n|t:|1783556724\n|switch|p1a: Hydreigon|Hydreigon, L79, M|100/100\n|turn|5\n|inactive|Time left: 300 sec this turn | 300 sec total\n|\n|t:|1783556725\n|move|p1a: Hydreigon|Draco Meteor|p2a: Krookodile\n|-damage|p2a: Krookodile|21/280\n|-unboost|p1a: Hydreigon|spa|2\n|move|p2a: Krookodile|Knock Off|p1a: Hydreigon\n|-resisted|p1a: Hydreigon\n|-damage|p1a: Hydreigon|69/100\n|-enditem|p1a: Hydreigon|Choice Specs|[from] move: Knock Off|[of] p2a: Krookodile\n|\n|upkeep\n|turn|6\n|inactive|Time left: 300 sec this turn | 300 sec total\n|\n|t:|1783556726\n|switch|p2a: Crabominable|Crabominable, L90, M|321/321\n|move|p1a: Hydreigon|U-turn|p2a: Crabominable\n|-resisted|p2a: Crabominable\n|-damage|p2a: Crabominable|297/321\n|\n|t:|1783556727\n|switch|p1a: Luxray|Luxray, L88, M|100/100|[from] U-turn\n|-ability|p1a: Luxray|Intimidate|boost\n|-unboost|p2a: Crabominable|atk|1\n|\n|upkeep\n|turn|7\n|inactive|Time left: 300 sec this turn | 300 sec total\n|\n|t:|1783556728\n|move|p1a: Luxray|Play Rough|p2a: Crabominable\n|-supereffective|p2a: Crabominable\n|-damage|p2a: Crabominable|113/321\n|-unboost|p2a: Crabominable|atk|1\n|move|p2a: Crabominable|Drain Punch|p1a: Luxray\n|-damage|p1a: Luxray|74/100\n|-heal|p2a: Crabominable|151/321|[from] drain|[of] p1a: Luxray\n|\n|upkeep\n|turn|8\n|inactive|Time left: 300 sec this turn | 300 sec total\n|\n|t:|1783556730\n|switch|p2a: Krookodile|Krookodile, L79, M|21/280\n|-ability|p2a: Krookodile|Intimidate|boost\n|-unboost|p1a: Luxray|atk|1\n|move|p1a: Luxray|Play Rough|p2a: Krookodile\n|-supereffective|p2a: Krookodile\n|-damage|p2a: Krookodile|0 fnt\n|faint|p2a: Krookodile\n|\n|upkeep\n|inactive|Time left: 300 sec this turn | 300 sec total | 5 sec grace\n|\n|t:|1783556730\n|switch|p2a: Crabominable|Crabominable, L90, M|151/321\n|turn|9\n|inactive|Time left: 300 sec this turn | 300 sec total\n|\n|t:|1783556731\n|-terastallize|p1a: Luxray|Fairy\n|move|p1a: Luxray|Play Rough|p2a: Crabominable\n|-supereffective|p2a: Crabominable\n|-damage|p2a: Crabominable|0 fnt\n|faint|p2a: Crabominable\n|\n|upkeep\n|inactive|Time left: 300 sec this turn | 300 sec total | 5 sec grace\n|\n|t:|1783556732\n|switch|p2a: Arceus|Arceus-Fairy, L69|280/280\n|turn|10\n|inactive|Time left: 300 sec this turn | 300 sec total\n|\n|t:|1783556733\n|move|p2a: Arceus|Calm Mind|p2a: Arceus\n|-boost|p2a: Arceus|spa|1\n|-boost|p2a: Arceus|spd|1\n|move|p1a: Luxray|Volt Switch|p2a: Arceus\n|-damage|p2a: Arceus|229/280\n|\n|t:|1783556733\n|switch|p1a: Articuno|Articuno, L86|74/100|[from] Volt Switch\n|-ability|p1a: Articuno|Pressure\n|\n|upkeep\n|turn|11\n|inactive|Time left: 300 sec this turn | 300 sec total\n|\n|t:|1783556734\n|move|p2a: Arceus|Judgment|p1a: Articuno\n|-damage|p1a: Articuno|36/100\n|move|p1a: Articuno|Roost|p1a: Articuno\n|-heal|p1a: Articuno|87/100\n|-singleturn|p1a: Articuno|move: Roost\n|\n|upkeep\n|turn|12\n|inactive|Time left: 300 sec this turn | 300 sec total\n|\n|t:|1783556735\n|move|p2a: Arceus|Calm Mind|p2a: Arceus\n|-boost|p2a: Arceus|spa|1\n|-boost|p2a: Arceus|spd|1\n|move|p1a: Articuno|Roost|p1a: Articuno\n|-heal|p1a: Articuno|100/100\n|-singleturn|p1a: Articuno|move: Roost\n|\n|upkeep\n|turn|13\n|inactive|Time left: 300 sec this turn | 300 sec total\n|\n|t:|1783556735\n|move|p2a: Arceus|Judgment|p1a: Articuno\n|-damage|p1a: Articuno|52/100\n|move|p1a: Articuno|Roost|p1a: Articuno\n|-heal|p1a: Articuno|100/100\n|-singleturn|p1a: Articuno|move: Roost\n|\n|upkeep\n|turn|14\n|inactive|Time left: 300 sec this turn | 300 sec total\n|\n|t:|1783556736\n|move|p2a: Arceus|Judgment|p1a: Articuno\n|-damage|p1a: Articuno|50/100\n|move|p1a: Articuno|Roost|p1a: Articuno\n|-heal|p1a: Articuno|100/100\n|-singleturn|p1a: Articuno|move: Roost\n|\n|upkeep\n|turn|15\n|inactive|Time left: 300 sec this turn | 300 sec total\n|\n|t:|1783556737\n|move|p2a: Arceus|Judgment|p1a: Articuno\n|-damage|p1a: Articuno|50/100\n|move|p1a: Articuno|Roost|p1a: Articuno\n|-heal|p1a: Articuno|100/100\n|-singleturn|p1a: Articuno|move: Roost\n|\n|upkeep\n|turn|16\n|inactive|Time left: 300 sec this turn | 300 sec total\n|\n|t:|1783556738\n|move|p2a: Arceus|Judgment|p1a: Articuno\n|-damage|p1a: Articuno|50/100\n|move|p1a: Articuno|Roost|p1a: Articuno\n|-heal|p1a: Articuno|99/100\n|-singleturn|p1a: Articuno|move: Roost\n|\n|upkeep\n|turn|17\n|inactive|Time left: 300 sec this turn | 300 sec total\n|\n|t:|1783556739\n|move|p2a: Arceus|Judgment|p1a: Articuno\n|-damage|p1a: Articuno|45/100\n|move|p1a: Articuno|Roost|p1a: Articuno\n|-heal|p1a: Articuno|95/100\n|-singleturn|p1a: Articuno|move: Roost\n|\n|upkeep\n|turn|18\n|inactive|Time left: 300 sec this turn | 300 sec total\n|\n|t:|1783556740\n|move|p2a: Arceus|Judgment|p1a: Articuno\n|-damage|p1a: Articuno|47/100\n|move|p1a: Articuno|Roost|p1a: Articuno\n|-heal|p1a: Articuno|97/100\n|-singleturn|p1a: Articuno|move: Roost\n|\n|upkeep\n|turn|19\n|inactive|Time left: 300 sec this turn | 300 sec total\n|\n|t:|1783556741\n|move|p2a: Arceus|Judgment|p1a: Articuno\n|-damage|p1a: Articuno|49/100\n|move|p1a: Articuno|Brave Bird|p2a: Arceus\n|-damage|p2a: Arceus|121/280\n|-damage|p1a: Articuno|37/100|[from] Recoil\n|\n|upkeep\n|turn|20\n|inactive|Time left: 300 sec this turn | 300 sec total\n|\n|t:|1783556742\n|move|p2a: Arceus|Recover|p2a: Arceus\n|-heal|p2a: Arceus|261/280\n|move|p1a: Articuno|Brave Bird|p2a: Arceus\n|-damage|p2a: Arceus|140/280\n|-damage|p1a: Articuno|24/100|[from] Recoil\n|\n|upkeep\n|turn|21\n|inactive|Time left: 300 sec this turn | 300 sec total\n|\n|t:|1783556743\n|switch|p1a: Luxray|Luxray, L88, M, tera:Fairy|74/100\n|-ability|p1a: Luxray|Intimidate|boost\n|-unboost|p2a: Arceus|atk|1\n|move|p2a: Arceus|Recover|p2a: Arceus\n|-heal|p2a: Arceus|280/280\n|\n|upkeep\n|turn|22\n|inactive|Time left: 300 sec this turn | 300 sec total\n|\n|t:|1783556744\n|move|p2a: Arceus|Calm Mind|p2a: Arceus\n|-boost|p2a: Arceus|spa|1\n|-boost|p2a: Arceus|spd|1\n|move|p1a: Luxray|Play Rough|p2a: Arceus\n|-damage|p2a: Arceus|156/280\n|\n|upkeep\n|turn|23\n|inactive|Time left: 300 sec this turn | 300 sec total\n|\n|t:|1783556745\n|move|p2a: Arceus|Recover|p2a: Arceus\n|-heal|p2a: Arceus|280/280\n|move|p1a: Luxray|Play Rough|p2a: Arceus\n|-damage|p2a: Arceus|154/280\n|\n|upkeep\n|turn|24\n|inactive|Time left: 300 sec this turn | 300 sec total\n|\n|t:|1783556746\n|move|p2a: Arceus|Recover|p2a: Arceus\n|-heal|p2a: Arceus|280/280\n|move|p1a: Luxray|Play Rough|p2a: Arceus\n|-damage|p2a: Arceus|171/280\n|-unboost|p2a: Arceus|atk|1\n|\n|upkeep\n|turn|25\n|inactive|Time left: 300 sec this turn | 300 sec total\n|\n|t:|1783556747\n|move|p2a: Arceus|Recover|p2a: Arceus\n|-heal|p2a: Arceus|280/280\n|move|p1a: Luxray|Play Rough|p2a: Arceus\n|-damage|p2a: Arceus|171/280\n|\n|upkeep\n|turn|26\n|inactive|Time left: 300 sec this turn | 300 sec total\n|\n|t:|1783556748\n|move|p2a: Arceus|Recover|p2a: Arceus\n|-heal|p2a: Arceus|280/280\n|move|p1a: Luxray|Play Rough|p2a: Arceus\n|-damage|p2a: Arceus|154/280\n|\n|upkeep\n|turn|27\n|inactive|Time left: 300 sec this turn | 300 sec total\n|\n|t:|1783556749\n|move|p2a: Arceus|Recover|p2a: Arceus\n|-heal|p2a: Arceus|280/280\n|move|p1a: Luxray|Play Rough|p2a: Arceus\n|-damage|p2a: Arceus|163/280\n|\n|upkeep\n|turn|28\n|inactive|Time left: 300 sec this turn | 300 sec total\n|\n|t:|1783556750\n|move|p2a: Arceus|Recover|p2a: Arceus\n|-heal|p2a: Arceus|280/280\n|move|p1a: Luxray|Play Rough|p2a: Arceus\n|-damage|p2a: Arceus|156/280\n|\n|upkeep\n|turn|29\n|inactive|Time left: 300 sec this turn | 300 sec total\n|\n|t:|1783556751\n|move|p2a: Arceus|Earth Power|p1a: Luxray\n|-damage|p1a: Luxray|45/100\n|move|p1a: Luxray|Play Rough|p2a: Arceus|[miss]\n|-miss|p1a: Luxray|p2a: Arceus\n|\n|upkeep\n|turn|30\n|inactive|Time left: 300 sec this turn | 300 sec total\n|\n|t:|1783556752\n|move|p2a: Arceus|Earth Power|p1a: Luxray\n|-damage|p1a: Luxray|12/100\n|move|p1a: Luxray|Play Rough|p2a: Arceus\n|-damage|p2a: Arceus|33/280\n|\n|upkeep\n|turn|31\n|inactive|Time left: 300 sec this turn | 300 sec total\n|\n|t:|1783556753\n|switch|p1a: Arceus|Arceus-Flying, L69|100/100\n|move|p2a: Arceus|Earth Power|p1a: Arceus\n|-immune|p1a: Arceus\n|\n|upkeep\n|turn|32\n|inactive|Time left: 300 sec this turn | 300 sec total\n|\n|t:|1783556755\n|move|p2a: Arceus|Calm Mind|p2a: Arceus\n|-boost|p2a: Arceus|spa|1\n|-boost|p2a: Arceus|spd|1\n|move|p1a: Arceus|Judgment|p2a: Arceus\n|-damage|p2a: Arceus|0 fnt\n|faint|p2a: Arceus\n|\n|upkeep\n|inactive|Time left: 300 sec this turn | 300 sec total | 5 sec grace\n|\n|t:|1783556756\n|switch|p2a: Garchomp|Garchomp, L74, M|282/282\n|turn|33\n|inactive|Time left: 300 sec this turn | 300 sec total\n|\n|t:|1783556757\n|move|p1a: Arceus|Judgment|p2a: Garchomp\n|-damage|p2a: Garchomp|164/282\n|move|p2a: Garchomp|Stealth Rock|p1a: Arceus\n|-sidestart|p1: p0x15163a7c|move: Stealth Rock\n|\n|upkeep\n|turn|34\n|inactive|Time left: 300 sec this turn | 300 sec total\n|\n|t:|1783556758\n|move|p1a: Arceus|Judgment|p2a: Garchomp\n|-damage|p2a: Garchomp|44/282\n|move|p2a: Garchomp|Dragon Tail|p1a: Arceus\n|-damage|p1a: Arceus|81/100\n|drag|p1a: Articuno|Articuno, L86|24/100\n|-damage|p1a: Articuno|0 fnt|[from] Stealth Rock\n|faint|p1a: Articuno\n|\n|upkeep\n|\n|t:|1783556759\n|switch|p1a: Arceus|Arceus-Flying, L69|81/100\n|-damage|p1a: Arceus|56/100|[from] Stealth Rock\n|turn|35\n|inactive|Time left: 300 sec this turn | 300 sec total\n|\n|t:|1783556760\n|switch|p2a: Uxie|Uxie, L83|260/260\n|move|p1a: Arceus|Judgment|p2a: Uxie\n|-damage|p2a: Uxie|179/260\n|\n|-heal|p2a: Uxie|195/260|[from] item: Leftovers\n|upkeep\n|turn|36\n|inactive|Time left: 300 sec this turn | 300 sec total\n|\n|t:|1783556761\n|move|p1a: Arceus|Recover|p1a: Arceus\n|-heal|p1a: Arceus|100/100\n|move|p2a: Uxie|Yawn|p1a: Arceus\n|-start|p1a: Arceus|move: Yawn|[of] p2a: Uxie\n|\n|-heal|p2a: Uxie|211/260|[from] item: Leftovers\n|upkeep\n|turn|37\n|inactive|Time left: 300 sec this turn | 300 sec total\n|\n|t:|1783556762\n|switch|p1a: Hydreigon|Hydreigon, L79, M|69/100\n|-damage|p1a: Hydreigon|56/100|[from] Stealth Rock\n|move|p2a: Uxie|Knock Off|p1a: Hydreigon\n|-resisted|p1a: Hydreigon\n|-damage|p1a: Hydreigon|49/100\n|\n|-heal|p2a: Uxie|227/260|[from] item: Leftovers\n|upkeep\n|turn|38\n|inactive|Time left: 300 sec this turn | 300 sec total\n|\n|t:|1783556764\n|move|p2a: Uxie|Yawn|p1a: Hydreigon\n|-start|p1a: Hydreigon|move: Yawn|[of] p2a: Uxie\n|move|p1a: Hydreigon|Dark Pulse|p2a: Uxie\n|-supereffective|p2a: Uxie\n|-damage|p2a: Uxie|99/260\n|\n|-heal|p2a: Uxie|115/260|[from] item: Leftovers\n|upkeep\n|turn|39\n|inactive|Time left: 300 sec this turn | 300 sec total\n|\n|t:|1783556765\n|-terastallize|p2a: Uxie|Dark\n|move|p2a: Uxie|Encore|p1a: Hydreigon\n|-start|p1a: Hydreigon|Encore\n|move|p1a: Hydreigon|Dark Pulse|p2a: Uxie\n|-resisted|p2a: Uxie\n|-damage|p2a: Uxie|83/260\n|\n|-heal|p2a: Uxie|99/260|[from] item: Leftovers\n|-end|p1a: Hydreigon|move: Yawn|[silent]\n|-status|p1a: Hydreigon|slp\n|upkeep\n|turn|40\n|inactive|Time left: 300 sec this turn | 300 sec total\n|\n|t:|1783556766\n|switch|p1a: Arceus|Arceus-Flying, L69|100/100\n|-damage|p1a: Arceus|76/100|[from] Stealth Rock\n|move|p2a: Uxie|Psychic Noise|p1a: Arceus\n|-damage|p1a: Arceus|52/100\n|-start|p1a: Arceus|move: Heal Block\n|\n|-heal|p2a: Uxie|115/260|[from] item: Leftovers\n|upkeep\n|turn|41\n|inactive|Time left: 300 sec this turn | 300 sec total\n|\n|t:|1783556767\n|move|p1a: Arceus|Judgment|p2a: Uxie\n|-damage|p2a: Uxie|43/260\n|move|p2a: Uxie|Psychic Noise|p1a: Arceus\n|-damage|p1a: Arceus|29/100\n|\n|-heal|p2a: Uxie|59/260|[from] item: Leftovers\n|-end|p1a: Arceus|move: Heal Block\n|upkeep\n|turn|42\n|inactive|Time left: 300 sec this turn | 300 sec total\n|\n|t:|1783556767\n|move|p1a: Arceus|Judgment|p2a: Uxie\n|-damage|p2a: Uxie|0 fnt\n|faint|p2a: Uxie\n|\n|upkeep\n|inactive|Time left: 300 sec this turn | 300 sec total | 5 sec grace\n|\n|t:|1783556768\n|switch|p2a: Garchomp|Garchomp, L74, M|44/282\n|turn|43\n|inactive|Time left: 300 sec this turn | 300 sec total\n|\n|t:|1783556769\n|move|p1a: Arceus|Judgment|p2a: Garchomp\n|-damage|p2a: Garchomp|0 fnt\n|faint|p2a: Garchomp\n|\n|win|p0x15163a7c", "uploadtime": 1783556769, "views": 0, "rating": 0, "private": 0, "password": null, "_winner": "p0x15163a7c", "_our_name": "p0y15167b3d"}