{"id": "battle-gen9randombattle-2231", "formatid": "gen9randombattle", "format": "[Gen 9] Random Battle", "players": ["p0x2231c6cb", "p0y22310b6f"], "log": "|init|battle\n|title|p0x2231c6cb vs. p0y22310b6f\n|j|\u2606p0x2231c6cb\n|j|\u2606p0y22310b6f\n|t:|1783565860\n|gametype|singles\n|player|p1|p0x2231c6cb|265|\n|player|p2|p0y22310b6f|170|\n|gen|9\n|tier|[Gen 9] Random Battle\n|rule|Species Clause: Limit one of each Pok\u00e9mon\n|rule|HP Percentage Mod: HP is shown in percentages\n|rule|Sleep Clause Mod: Limit one foe put to sleep\n|rule|Illusion Level Mod: Illusion disguises the Pok\u00e9mon's true level\n|\n|t:|1783565860\n|teamsize|p1|6\n|teamsize|p2|6\n|start\n|switch|p1a: Eelektross|Eelektross, L87, F|100/100\n|switch|p2a: Bisharp|Bisharp, L79, M|232/232\n|turn|1\n|inactive|Battle timer is ON: inactive players will automatically lose when time's up. (requested by p0y22310b6f)\n|\n|t:|1783565862\n|move|p2a: Bisharp|Stealth Rock|p1a: Eelektross\n|-sidestart|p1: p0x2231c6cb|move: Stealth Rock\n|move|p1a: Eelektross|Drain Punch|p2a: Bisharp\n|-supereffective|p2a: Bisharp\n|-damage|p2a: Bisharp|72/232\n|\n|upkeep\n|turn|2\n|inactive|Time left: 300 sec this turn | 300 sec total\n|inactive|p0x2231c6cb also wants the timer to be on.\n|\n|t:|1783565863\n|switch|p2a: Gogoat|Gogoat, L88, M|360/360\n|move|p1a: Eelektross|Coil|p1a: Eelektross\n|-boost|p1a: Eelektross|atk|1\n|-boost|p1a: Eelektross|def|1\n|-boost|p1a: Eelektross|accuracy|1\n|\n|upkeep\n|turn|3\n|inactive|Time left: 300 sec this turn | 300 sec total\n|\n|t:|1783565864\n|move|p2a: Gogoat|Bulk Up|p2a: Gogoat\n|-boost|p2a: Gogoat|atk|1\n|-boost|p2a: Gogoat|def|1\n|move|p1a: Eelektross|Coil|p1a: Eelektross\n|-boost|p1a: Eelektross|atk|1\n|-boost|p1a: Eelektross|def|1\n|-boost|p1a: Eelektross|accuracy|1\n|\n|upkeep\n|turn|4\n|inactive|Time left: 300 sec this turn | 300 sec total\n|\n|t:|1783565865\n|move|p2a: Gogoat|Bulk Up|p2a: Gogoat\n|-boost|p2a: Gogoat|atk|1\n|-boost|p2a: Gogoat|def|1\n|move|p1a: Eelektross|Fire Punch|p2a: Gogoat\n|-supereffective|p2a: Gogoat\n|-damage|p2a: Gogoat|190/360\n|\n|-heal|p2a: Gogoat|212/360|[from] item: Leftovers\n|upkeep\n|turn|5\n|inactive|Time left: 300 sec this turn | 300 sec total\n|\n|t:|1783565866\n|move|p2a: Gogoat|Milk Drink|p2a: Gogoat\n|-heal|p2a: Gogoat|360/360\n|move|p1a: Eelektross|Fire Punch|p2a: Gogoat\n|-supereffective|p2a: Gogoat\n|-damage|p2a: Gogoat|214/360\n|\n|-heal|p2a: Gogoat|236/360|[from] item: Leftovers\n|upkeep\n|turn|6\n|inactive|Time left: 300 sec this turn | 300 sec total\n|\n|t:|1783565868\n|move|p2a: Gogoat|Horn Leech|p1a: Eelektross\n|-damage|p1a: Eelektross|67/100\n|-heal|p2a: Gogoat|284/360|[from] drain|[of] p1a: Eelektross\n|move|p1a: Eelektross|Fire Punch|p2a: Gogoat\n|-supereffective|p2a: Gogoat\n|-damage|p2a: Gogoat|138/360\n|\n|-heal|p2a: Gogoat|160/360|[from] item: Leftovers\n|-heal|p1a: Eelektross|74/100|[from] item: Leftovers\n|upkeep\n|turn|7\n|inactive|Time left: 300 sec this turn | 300 sec total\n|\n|t:|1783565869\n|move|p2a: Gogoat|Horn Leech|p1a: Eelektross\n|-damage|p1a: Eelektross|44/100\n|-heal|p2a: Gogoat|204/360|[from] drain|[of] p1a: Eelektross\n|move|p1a: Eelektross|Fire Punch|p2a: Gogoat\n|-supereffective|p2a: Gogoat\n|-damage|p2a: Gogoat|40/360\n|\n|-heal|p2a: Gogoat|62/360|[from] item: Leftovers\n|-heal|p1a: Eelektross|50/100|[from] item: Leftovers\n|upkeep\n|turn|8\n|inactive|Time left: 300 sec this turn | 300 sec total\n|\n|t:|1783565870\n|move|p2a: Gogoat|Milk Drink|p2a: Gogoat\n|-heal|p2a: Gogoat|242/360\n|move|p1a: Eelektross|Fire Punch|p2a: Gogoat\n|-supereffective|p2a: Gogoat\n|-damage|p2a: Gogoat|88/360\n|\n|-heal|p2a: Gogoat|110/360|[from] item: Leftovers\n|-heal|p1a: Eelektross|56/100|[from] item: Leftovers\n|upkeep\n|turn|9\n|inactive|Time left: 300 sec this turn | 300 sec total\n|\n|t:|1783565871\n|move|p2a: Gogoat|Milk Drink|p2a: Gogoat\n|-heal|p2a: Gogoat|290/360\n|move|p1a: Eelektross|Fire Punch|p2a: Gogoat\n|-supereffective|p2a: Gogoat\n|-damage|p2a: Gogoat|118/360\n|\n|-heal|p2a: Gogoat|140/360|[from] item: Leftovers\n|-heal|p1a: Eelektross|62/100|[from] item: Leftovers\n|upkeep\n|turn|10\n|inactive|Time left: 300 sec this turn | 300 sec total\n|\n|t:|1783565872\n|move|p2a: Gogoat|Horn Leech|p1a: Eelektross\n|-damage|p1a: Eelektross|27/100\n|-heal|p2a: Gogoat|191/360|[from] drain|[of] p1a: Eelektross\n|move|p1a: Eelektross|Fire Punch|p2a: Gogoat\n|-supereffective|p2a: Gogoat\n|-damage|p2a: Gogoat|25/360\n|-status|p2a: Gogoat|brn\n|\n|-heal|p2a: Gogoat|47/360 brn|[from] item: Leftovers\n|-heal|p1a: Eelektross|33/100|[from] item: Leftovers\n|-damage|p2a: Gogoat|25/360 brn|[from] brn\n|upkeep\n|turn|11\n|inactive|Time left: 300 sec this turn | 300 sec total\n|\n|t:|1783565873\n|move|p2a: Gogoat|Horn Leech|p1a: Eelektross\n|-damage|p1a: Eelektross|17/100\n|-heal|p2a: Gogoat|49/360 brn|[from] drain|[of] p1a: Eelektross\n|move|p1a: Eelektross|Drain Punch|p2a: Gogoat\n|-damage|p2a: Gogoat|0 fnt\n|-heal|p1a: Eelektross|26/100|[from] drain|[of] p2a: Gogoat\n|faint|p2a: Gogoat\n|\n|-heal|p1a: Eelektross|32/100|[from] item: Leftovers\n|upkeep\n|inactive|Time left: 300 sec this turn | 300 sec total | 5 sec grace\n|\n|t:|1783565874\n|switch|p2a: Noctowl|Noctowl, L95, M|344/344\n|turn|12\n|inactive|Time left: 300 sec this turn | 300 sec total\n|\n|t:|1783565875\n|move|p2a: Noctowl|Hyper Voice|p1a: Eelektross\n|-damage|p1a: Eelektross|0 fnt\n|faint|p1a: Eelektross\n|\n|upkeep\n|\n|t:|1783565876\n|switch|p1a: Staraptor|Staraptor, L79, M|100/100\n|-damage|p1a: Staraptor|76/100|[from] Stealth Rock\n|turn|13\n|inactive|Time left: 300 sec this turn | 300 sec total\n|\n|t:|1783565876\n|-terastallize|p1a: Staraptor|Flying\n|move|p1a: Staraptor|Brave Bird|p2a: Noctowl\n|-damage|p2a: Noctowl|0 fnt\n|faint|p2a: Noctowl\n|-damage|p1a: Staraptor|32/100|[from] Recoil\n|\n|upkeep\n|inactive|Time left: 300 sec this turn | 300 sec total | 5 sec grace\n|\n|t:|1783565877\n|switch|p2a: Bisharp|Bisharp, L79, M|72/232\n|turn|14\n|inactive|Time left: 300 sec this turn | 300 sec total\n|\n|t:|1783565878\n|move|p2a: Bisharp|Sucker Punch|p1a: Staraptor\n|-damage|p1a: Staraptor|0 fnt\n|faint|p1a: Staraptor\n|\n|upkeep\n|\n|t:|1783565879\n|switch|p1a: Blaziken|Blaziken, L76, F|100/100\n|-damage|p1a: Blaziken|88/100|[from] Stealth Rock\n|turn|15\n|inactive|Time left: 300 sec this turn | 300 sec total\n|\n|t:|1783565880\n|switch|p2a: Pecharunt|Pecharunt, L77|262/262\n|move|p1a: Blaziken|Swords Dance|p1a: Blaziken\n|-boost|p1a: Blaziken|atk|2\n|\n|-ability|p1a: Blaziken|Speed Boost|boost\n|-boost|p1a: Blaziken|spe|1\n|upkeep\n|turn|16\n|inactive|Time left: 300 sec this turn | 300 sec total\n|\n|t:|1783565881\n|move|p1a: Blaziken|Knock Off|p2a: Pecharunt\n|-supereffective|p2a: Pecharunt\n|-damage|p2a: Pecharunt|20/262\n|-enditem|p2a: Pecharunt|Leftovers|[from] move: Knock Off|[of] p1a: Blaziken\n|-damage|p1a: Blaziken|79/100|[from] item: Life Orb\n|move|p2a: Pecharunt|Malignant Chain|p1a: Blaziken\n|-damage|p1a: Blaziken|35/100\n|\n|-ability|p1a: Blaziken|Speed Boost|boost\n|-boost|p1a: Blaziken|spe|1\n|upkeep\n|turn|17\n|inactive|Time left: 300 sec this turn | 300 sec total\n|\n|t:|1783565882\n|move|p1a: Blaziken|Knock Off|p2a: Pecharunt\n|-supereffective|p2a: Pecharunt\n|-damage|p2a: Pecharunt|0 fnt\n|faint|p2a: Pecharunt\n|-damage|p1a: Blaziken|25/100|[from] item: Life Orb\n|\n|-ability|p1a: Blaziken|Speed Boost|boost\n|-boost|p1a: Blaziken|spe|1\n|upkeep\n|inactive|Time left: 300 sec this turn | 300 sec total | 5 sec grace\n|\n|t:|1783565883\n|switch|p2a: Bisharp|Bisharp, L79, M|72/232\n|turn|18\n|inactive|Time left: 300 sec this turn | 300 sec total\n|\n|t:|1783565884\n|move|p2a: Bisharp|Sucker Punch|p1a: Blaziken\n|-resisted|p1a: Blaziken\n|-damage|p1a: Blaziken|5/100\n|move|p1a: Blaziken|Close Combat|p2a: Bisharp\n|-supereffective|p2a: Bisharp\n|-damage|p2a: Bisharp|0 fnt\n|-unboost|p1a: Blaziken|def|1\n|-unboost|p1a: Blaziken|spd|1\n|faint|p2a: Bisharp\n|-damage|p1a: Blaziken|0 fnt|[from] item: Life Orb\n|faint|p1a: Blaziken\n|\n|upkeep\n|inactive|Time left: 300 sec this turn | 300 sec total | 5 sec grace\n|\n|t:|1783565885\n|switch|p1a: Registeel|Registeel, L81|100/100\n|switch|p2a: Venomoth|Venomoth, L84, F|255/255\n|-damage|p1a: Registeel|94/100|[from] Stealth Rock\n|turn|19\n|inactive|Time left: 300 sec this turn | 300 sec total\n|\n|t:|1783565886\n|move|p2a: Venomoth|Quiver Dance|p2a: Venomoth\n|-boost|p2a: Venomoth|spa|1\n|-boost|p2a: Venomoth|spd|1\n|-boost|p2a: Venomoth|spe|1\n|move|p1a: Registeel|Iron Head|p2a: Venomoth\n|-damage|p2a: Venomoth|168/255\n|\n|-heal|p1a: Registeel|100/100|[from] item: Leftovers\n|upkeep\n|turn|20\n|inactive|Time left: 300 sec this turn | 300 sec total\n|\n|t:|1783565887\n|move|p2a: Venomoth|Sleep Powder|p1a: Registeel\n|-status|p1a: Registeel|slp|[from] move: Sleep Powder\n|cant|p1a: Registeel|slp\n|\n|upkeep\n|turn|21\n|inactive|Time left: 300 sec this turn | 300 sec total\n|\n|t:|1783565888\n|move|p2a: Venomoth|Quiver Dance|p2a: Venomoth\n|-boost|p2a: Venomoth|spa|1\n|-boost|p2a: Venomoth|spd|1\n|-boost|p2a: Venomoth|spe|1\n|cant|p1a: Registeel|slp\n|\n|upkeep\n|turn|22\n|inactive|Time left: 300 sec this turn | 300 sec total\n|\n|t:|1783565889\n|move|p2a: Venomoth|Bug Buzz|p1a: Registeel\n|-resisted|p1a: Registeel\n|-damage|p1a: Registeel|55/100 slp\n|cant|p1a: Registeel|slp\n|\n|-heal|p1a: Registeel|61/100 slp|[from] item: Leftovers\n|upkeep\n|turn|23\n|inactive|Time left: 300 sec this turn | 300 sec total\n|\n|t:|1783565890\n|move|p2a: Venomoth|Bug Buzz|p1a: Registeel\n|-resisted|p1a: Registeel\n|-damage|p1a: Registeel|11/100 slp\n|-curestatus|p1a: Registeel|slp|[msg]\n|move|p1a: Registeel|Iron Head|p2a: Venomoth\n|-damage|p2a: Venomoth|74/255\n|\n|-heal|p1a: Registeel|17/100|[from] item: Leftovers\n|upkeep\n|turn|24\n|inactive|Time left: 300 sec this turn | 300 sec total\n|\n|t:|1783565892\n|move|p2a: Venomoth|Bug Buzz|p1a: Registeel\n|-resisted|p1a: Registeel\n|-damage|p1a: Registeel|0 fnt\n|faint|p1a: Registeel\n|\n|upkeep\n|\n|t:|1783565893\n|switch|p1a: Decidueye|Decidueye, L88, M|100/100\n|turn|25\n|inactive|Time left: 300 sec this turn | 300 sec total\n|\n|t:|1783565894\n|move|p2a: Venomoth|Sludge Wave|p1a: Decidueye\n|-damage|p1a: Decidueye|37/100\n|move|p1a: Decidueye|Spirit Shackle|p2a: Venomoth\n|-damage|p2a: Venomoth|0 fnt\n|faint|p2a: Venomoth\n|\n|upkeep\n|inactive|Time left: 300 sec this turn | 300 sec total | 5 sec grace\n|\n|t:|1783565895\n|switch|p2a: Milotic|Milotic, L83, F|293/293\n|turn|26\n|inactive|Time left: 300 sec this turn | 300 sec total\n|\n|t:|1783565896\n|switch|p1a: Espathra|Espathra, L80, M|100/100\n|-damage|p1a: Espathra|88/100|[from] Stealth Rock\n|-terastallize|p2a: Milotic|Dragon\n|move|p2a: Milotic|Ice Beam|p1a: Espathra\n|-damage|p1a: Espathra|56/100\n|\n|upkeep\n|turn|27\n|inactive|Time left: 300 sec this turn | 300 sec total\n|\n|t:|1783565897\n|move|p1a: Espathra|Dazzling Gleam|p2a: Milotic\n|-supereffective|p2a: Milotic\n|-damage|p2a: Milotic|163/293\n|move|p2a: Milotic|Ice Beam|p1a: Espathra\n|-damage|p1a: Espathra|26/100\n|\n|-heal|p2a: Milotic|181/293|[from] item: Leftovers\n|-ability|p1a: Espathra|Speed Boost|boost\n|-boost|p1a: Espathra|spe|1\n|upkeep\n|turn|28\n|inactive|Time left: 300 sec this turn | 300 sec total\n|\n|t:|1783565898\n|move|p1a: Espathra|Dazzling Gleam|p2a: Milotic\n|-supereffective|p2a: Milotic\n|-damage|p2a: Milotic|53/293\n|move|p2a: Milotic|Ice Beam|p1a: Espathra\n|-damage|p1a: Espathra|0 fnt\n|faint|p1a: Espathra\n|\n|-heal|p2a: Milotic|71/293|[from] item: Leftovers\n|upkeep\n|\n|t:|1783565899\n|switch|p1a: Decidueye|Decidueye, L88, M|37/100\n|turn|29\n|inactive|Time left: 300 sec this turn | 300 sec total\n|\n|t:|1783565900\n|move|p2a: Milotic|Ice Beam|p1a: Decidueye\n|-supereffective|p1a: Decidueye\n|-damage|p1a: Decidueye|0 fnt\n|faint|p1a: Decidueye\n|\n|win|p0y22310b6f", "uploadtime": 1783565900, "views": 0, "rating": 0, "private": 0, "password": null, "_winner": "p0y22310b6f", "_our_name": "p0y22310b6f"}