{"id": "battle-gen9randombattle-796", "formatid": "gen9randombattle", "format": "[Gen 9] Random Battle", "players": ["p0x796bf9a", "p0y79662cd"], "log": "|init|battle\n|title|p0x796bf9a vs. p0y79662cd\n|j|\u2606p0x796bf9a\n|j|\u2606p0y79662cd\n|t:|1783549106\n|gametype|singles\n|player|p1|p0x796bf9a|169|\n|player|p2|p0y79662cd|1|\n|gen|9\n|tier|[Gen 9] Random Battle\n|rule|Species Clause: Limit one of each Pok\u00e9mon\n|rule|HP Percentage Mod: HP is shown in percentages\n|rule|Sleep Clause Mod: Limit one foe put to sleep\n|rule|Illusion Level Mod: Illusion disguises the Pok\u00e9mon's true level\n|\n|t:|1783549106\n|teamsize|p1|6\n|teamsize|p2|6\n|start\n|switch|p1a: Mew|Mew, L82|100/100\n|switch|p2a: Heatran|Heatran, L79, F|273/273\n|-item|p2a: Heatran|Air Balloon\n|turn|1\n|inactive|Battle timer is ON: inactive players will automatically lose when time's up. (requested by p0y79662cd)\n|\n|t:|1783549108\n|move|p1a: Mew|Nasty Plot|p1a: Mew\n|-boost|p1a: Mew|spa|2\n|move|p2a: Heatran|Magma Storm|p1a: Mew\n|-damage|p1a: Mew|66/100\n|-activate|p1a: Mew|move: Magma Storm|[of] p2a: Heatran\n|\n|-damage|p1a: Mew|54/100|[from] move: Magma Storm|[partiallytrapped]\n|upkeep\n|turn|2\n|inactive|Time left: 300 sec this turn | 300 sec total\n|inactive|p0x796bf9a also wants the timer to be on.\n|\n|t:|1783549109\n|-terastallize|p2a: Heatran|Flying\n|move|p1a: Mew|Aura Sphere|p2a: Heatran\n|-resisted|p2a: Heatran\n|-damage|p2a: Heatran|212/273\n|-enditem|p2a: Heatran|Air Balloon\n|-damage|p1a: Mew|44/100|[from] item: Life Orb\n|move|p2a: Heatran|Heavy Slam|p1a: Mew\n|-damage|p1a: Mew|10/100\n|\n|-damage|p1a: Mew|0 fnt|[from] move: Magma Storm|[partiallytrapped]\n|faint|p1a: Mew\n|upkeep\n|\n|t:|1783549110\n|switch|p1a: Iron Hands|Iron Hands, L79|100/100\n|turn|3\n|inactive|Time left: 300 sec this turn | 300 sec total\n|\n|t:|1783549111\n|move|p2a: Heatran|Stealth Rock|p1a: Iron Hands\n|-sidestart|p1: p0x796bf9a|move: Stealth Rock\n|move|p1a: Iron Hands|Swords Dance|p1a: Iron Hands\n|-boost|p1a: Iron Hands|atk|2\n|\n|upkeep\n|turn|4\n|inactive|Time left: 300 sec this turn | 300 sec total\n|\n|t:|1783549112\n|switch|p2a: Rhydon|Rhydon, L85, M|317/317\n|move|p1a: Iron Hands|Ice Punch|p2a: Rhydon\n|-supereffective|p2a: Rhydon\n|-damage|p2a: Rhydon|195/317\n|\n|upkeep\n|turn|5\n|inactive|Time left: 300 sec this turn | 300 sec total\n|\n|t:|1783549113\n|move|p1a: Iron Hands|Drain Punch|p2a: Rhydon\n|-supereffective|p2a: Rhydon\n|-damage|p2a: Rhydon|13/317\n|move|p2a: Rhydon|Earthquake|p1a: Iron Hands\n|-supereffective|p1a: Iron Hands\n|-damage|p1a: Iron Hands|36/100\n|\n|-heal|p1a: Iron Hands|42/100|[from] item: Leftovers\n|upkeep\n|turn|6\n|inactive|Time left: 300 sec this turn | 300 sec total\n|\n|t:|1783549114\n|move|p1a: Iron Hands|Drain Punch|p2a: Rhydon\n|-supereffective|p2a: Rhydon\n|-damage|p2a: Rhydon|0 fnt\n|-heal|p1a: Iron Hands|44/100|[from] drain|[of] p2a: Rhydon\n|faint|p2a: Rhydon\n|\n|-heal|p1a: Iron Hands|50/100|[from] item: Leftovers\n|upkeep\n|inactive|Time left: 300 sec this turn | 300 sec total | 5 sec grace\n|\n|t:|1783549115\n|switch|p2a: Garchomp|Garchomp, L74, F|282/282\n|turn|7\n|inactive|Time left: 300 sec this turn | 300 sec total\n|\n|t:|1783549116\n|move|p2a: Garchomp|Earthquake|p1a: Iron Hands\n|-supereffective|p1a: Iron Hands\n|-damage|p1a: Iron Hands|2/100\n|move|p1a: Iron Hands|Ice Punch|p2a: Garchomp\n|-supereffective|p2a: Garchomp\n|-damage|p2a: Garchomp|0 fnt\n|-damage|p1a: Iron Hands|0 fnt|[from] ability: Rough Skin|[of] p2a: Garchomp\n|faint|p2a: Garchomp\n|faint|p1a: Iron Hands\n|-end|p1a: Iron Hands|Quark Drive|[silent]\n|\n|upkeep\n|inactive|Time left: 300 sec this turn | 300 sec total | 5 sec grace\n|\n|t:|1783549117\n|switch|p2a: Toxapex|Toxapex, L82, F|216/216\n|switch|p1a: Milotic|Milotic, L83, F|100/100\n|-damage|p1a: Milotic|88/100|[from] Stealth Rock\n|turn|8\n|inactive|Time left: 300 sec this turn | 300 sec total\n|\n|t:|1783549119\n|move|p1a: Milotic|Scald|p2a: Toxapex\n|-resisted|p2a: Toxapex\n|-damage|p2a: Toxapex|187/216\n|move|p2a: Toxapex|Toxic Spikes|p1a: Milotic\n|-sidestart|p1: p0x796bf9a|move: Toxic Spikes\n|\n|-heal|p1a: Milotic|94/100|[from] item: Leftovers\n|upkeep\n|turn|9\n|inactive|Time left: 300 sec this turn | 300 sec total\n|\n|t:|1783549120\n|move|p1a: Milotic|Ice Beam|p2a: Toxapex\n|-resisted|p2a: Toxapex\n|-damage|p2a: Toxapex|164/216\n|move|p2a: Toxapex|Toxic Spikes|p1a: Milotic\n|-sidestart|p1: p0x796bf9a|move: Toxic Spikes\n|\n|-heal|p1a: Milotic|100/100|[from] item: Leftovers\n|upkeep\n|turn|10\n|inactive|Time left: 300 sec this turn | 300 sec total\n|\n|t:|1783549121\n|move|p1a: Milotic|Scald|p2a: Toxapex\n|-resisted|p2a: Toxapex\n|-damage|p2a: Toxapex|134/216\n|move|p2a: Toxapex|Recover|p2a: Toxapex\n|-heal|p2a: Toxapex|216/216\n|\n|upkeep\n|turn|11\n|inactive|Time left: 300 sec this turn | 300 sec total\n|\n|t:|1783549122\n|move|p1a: Milotic|Scald|p2a: Toxapex\n|-resisted|p2a: Toxapex\n|-damage|p2a: Toxapex|189/216\n|move|p2a: Toxapex|Recover|p2a: Toxapex\n|-heal|p2a: Toxapex|216/216\n|\n|upkeep\n|turn|12\n|inactive|Time left: 300 sec this turn | 300 sec total\n|\n|t:|1783549123\n|move|p1a: Milotic|Ice Beam|p2a: Toxapex\n|-resisted|p2a: Toxapex\n|-damage|p2a: Toxapex|195/216\n|move|p2a: Toxapex|Haze|p2a: Toxapex\n|-clearallboost\n|\n|upkeep\n|turn|13\n|inactive|Time left: 300 sec this turn | 300 sec total\n|\n|t:|1783549124\n|move|p1a: Milotic|Scald|p2a: Toxapex\n|-resisted|p2a: Toxapex\n|-damage|p2a: Toxapex|167/216\n|-status|p2a: Toxapex|brn\n|move|p2a: Toxapex|Liquidation|p1a: Milotic\n|-resisted|p1a: Milotic\n|-damage|p1a: Milotic|95/100\n|-unboost|p1a: Milotic|def|1\n|-ability|p1a: Milotic|Competitive|boost\n|-boost|p1a: Milotic|spa|2\n|\n|-heal|p1a: Milotic|100/100|[from] item: Leftovers\n|-damage|p2a: Toxapex|154/216 brn|[from] brn\n|upkeep\n|turn|14\n|inactive|Time left: 300 sec this turn | 300 sec total\n|\n|t:|1783549125\n|move|p1a: Milotic|Ice Beam|p2a: Toxapex\n|-resisted|p2a: Toxapex\n|-crit|p2a: Toxapex\n|-damage|p2a: Toxapex|83/216 brn\n|move|p2a: Toxapex|Haze|p2a: Toxapex\n|-clearallboost\n|\n|-damage|p2a: Toxapex|70/216 brn|[from] brn\n|upkeep\n|turn|15\n|inactive|Time left: 300 sec this turn | 300 sec total\n|\n|t:|1783549127\n|move|p1a: Milotic|Ice Beam|p2a: Toxapex\n|-resisted|p2a: Toxapex\n|-damage|p2a: Toxapex|47/216 brn\n|move|p2a: Toxapex|Recover|p2a: Toxapex\n|-heal|p2a: Toxapex|155/216 brn\n|\n|-damage|p2a: Toxapex|142/216 brn|[from] brn\n|upkeep\n|turn|16\n|inactive|Time left: 300 sec this turn | 300 sec total\n|\n|t:|1783549128\n|move|p1a: Milotic|Ice Beam|p2a: Toxapex\n|-resisted|p2a: Toxapex\n|-damage|p2a: Toxapex|121/216 brn\n|move|p2a: Toxapex|Recover|p2a: Toxapex\n|-heal|p2a: Toxapex|216/216 brn\n|\n|-damage|p2a: Toxapex|203/216 brn|[from] brn\n|upkeep\n|turn|17\n|inactive|Time left: 300 sec this turn | 300 sec total\n|\n|t:|1783549129\n|move|p1a: Milotic|Scald|p2a: Toxapex\n|-resisted|p2a: Toxapex\n|-damage|p2a: Toxapex|171/216 brn\n|move|p2a: Toxapex|Haze|p2a: Toxapex\n|-clearallboost\n|\n|-damage|p2a: Toxapex|158/216 brn|[from] brn\n|upkeep\n|turn|18\n|inactive|Time left: 300 sec this turn | 300 sec total\n|\n|t:|1783549130\n|move|p1a: Milotic|Scald|p2a: Toxapex\n|-resisted|p2a: Toxapex\n|-damage|p2a: Toxapex|126/216 brn\n|move|p2a: Toxapex|Recover|p2a: Toxapex\n|-heal|p2a: Toxapex|216/216 brn\n|\n|-damage|p2a: Toxapex|203/216 brn|[from] brn\n|upkeep\n|turn|19\n|inactive|Time left: 300 sec this turn | 300 sec total\n|\n|t:|1783549131\n|move|p1a: Milotic|Ice Beam|p2a: Toxapex\n|-resisted|p2a: Toxapex\n|-damage|p2a: Toxapex|182/216 brn\n|move|p2a: Toxapex|Recover|p2a: Toxapex\n|-heal|p2a: Toxapex|216/216 brn\n|\n|-damage|p2a: Toxapex|203/216 brn|[from] brn\n|upkeep\n|turn|20\n|inactive|Time left: 300 sec this turn | 300 sec total\n|\n|t:|1783549133\n|move|p1a: Milotic|Ice Beam|p2a: Toxapex\n|-resisted|p2a: Toxapex\n|-damage|p2a: Toxapex|179/216 brn\n|move|p2a: Toxapex|Toxic Spikes||[still]\n|-fail|p2a: Toxapex\n|\n|-damage|p2a: Toxapex|166/216 brn|[from] brn\n|upkeep\n|turn|21\n|inactive|Time left: 300 sec this turn | 300 sec total\n|\n|t:|1783549134\n|move|p1a: Milotic|Ice Beam|p2a: Toxapex\n|-resisted|p2a: Toxapex\n|-crit|p2a: Toxapex\n|-damage|p2a: Toxapex|133/216 brn\n|move|p2a: Toxapex|Recover|p2a: Toxapex\n|-heal|p2a: Toxapex|216/216 brn\n|\n|-damage|p2a: Toxapex|203/216 brn|[from] brn\n|upkeep\n|turn|22\n|inactive|Time left: 300 sec this turn | 300 sec total\n|\n|t:|1783549135\n|move|p1a: Milotic|Scald|p2a: Toxapex\n|-resisted|p2a: Toxapex\n|-damage|p2a: Toxapex|176/216 brn\n|move|p2a: Toxapex|Toxic Spikes||[still]\n|-fail|p2a: Toxapex\n|\n|-damage|p2a: Toxapex|163/216 brn|[from] brn\n|upkeep\n|turn|23\n|inactive|Time left: 300 sec this turn | 300 sec total\n|\n|t:|1783549136\n|move|p1a: Milotic|Scald|p2a: Toxapex\n|-resisted|p2a: Toxapex\n|-damage|p2a: Toxapex|131/216 brn\n|move|p2a: Toxapex|Recover|p2a: Toxapex\n|-heal|p2a: Toxapex|216/216 brn\n|\n|-damage|p2a: Toxapex|203/216 brn|[from] brn\n|upkeep\n|turn|24\n|inactive|Time left: 300 sec this turn | 300 sec total\n|\n|t:|1783549137\n|move|p1a: Milotic|Scald|p2a: Toxapex\n|-resisted|p2a: Toxapex\n|-damage|p2a: Toxapex|172/216 brn\n|move|p2a: Toxapex|Haze|p2a: Toxapex\n|-clearallboost\n|\n|-damage|p2a: Toxapex|159/216 brn|[from] brn\n|upkeep\n|turn|25\n|inactive|Time left: 300 sec this turn | 300 sec total\n|\n|t:|1783549139\n|move|p1a: Milotic|Scald|p2a: Toxapex\n|-resisted|p2a: Toxapex\n|-damage|p2a: Toxapex|129/216 brn\n|move|p2a: Toxapex|Haze|p2a: Toxapex\n|-clearallboost\n|\n|-damage|p2a: Toxapex|116/216 brn|[from] brn\n|upkeep\n|turn|26\n|inactive|Time left: 300 sec this turn | 300 sec total\n|\n|t:|1783549140\n|switch|p2a: Illumise|Illumise, L91, F|266/266\n|move|p1a: Milotic|Scald|p2a: Illumise\n|-damage|p2a: Illumise|187/266\n|\n|upkeep\n|turn|27\n|inactive|Time left: 300 sec this turn | 300 sec total\n|\n|t:|1783549141\n|move|p2a: Illumise|Roost|p2a: Illumise\n|-heal|p2a: Illumise|266/266\n|-singleturn|p2a: Illumise|move: Roost\n|move|p1a: Milotic|Scald|p2a: Illumise\n|-damage|p2a: Illumise|181/266\n|\n|upkeep\n|turn|28\n|inactive|Time left: 300 sec this turn | 300 sec total\n|\n|t:|1783549142\n|move|p2a: Illumise|Roost|p2a: Illumise\n|-heal|p2a: Illumise|266/266\n|-singleturn|p2a: Illumise|move: Roost\n|move|p1a: Milotic|Scald|p2a: Illumise\n|-damage|p2a: Illumise|178/266\n|\n|upkeep\n|turn|29\n|inactive|Time left: 300 sec this turn | 300 sec total\n|\n|t:|1783549143\n|move|p2a: Illumise|Thunder Wave|p1a: Milotic\n|-status|p1a: Milotic|par\n|move|p1a: Milotic|Ice Beam|p2a: Illumise\n|-damage|p2a: Illumise|114/266\n|\n|upkeep\n|turn|30\n|inactive|Time left: 300 sec this turn | 300 sec total\n|\n|t:|1783549144\n|move|p2a: Illumise|Roost|p2a: Illumise\n|-heal|p2a: Illumise|247/266\n|-singleturn|p2a: Illumise|move: Roost\n|move|p1a: Milotic|Scald|p2a: Illumise\n|-damage|p2a: Illumise|166/266\n|\n|upkeep\n|turn|31\n|inactive|Time left: 300 sec this turn | 300 sec total\n|\n|t:|1783549145\n|move|p2a: Illumise|Roost|p2a: Illumise\n|-heal|p2a: Illumise|266/266\n|-singleturn|p2a: Illumise|move: Roost\n|move|p1a: Milotic|Scald|p2a: Illumise\n|-damage|p2a: Illumise|190/266\n|\n|upkeep\n|turn|32\n|inactive|Time left: 300 sec this turn | 300 sec total\n|\n|t:|1783549147\n|move|p2a: Illumise|Roost|p2a: Illumise\n|-heal|p2a: Illumise|266/266\n|-singleturn|p2a: Illumise|move: Roost\n|move|p1a: Milotic|Ice Beam|p2a: Illumise\n|-damage|p2a: Illumise|201/266\n|\n|upkeep\n|turn|33\n|inactive|Time left: 300 sec this turn | 300 sec total\n|\n|t:|1783549148\n|move|p2a: Illumise|Roost|p2a: Illumise\n|-heal|p2a: Illumise|266/266\n|-singleturn|p2a: Illumise|move: Roost\n|move|p1a: Milotic|Scald|p2a: Illumise\n|-damage|p2a: Illumise|187/266\n|-status|p2a: Illumise|brn\n|\n|-damage|p2a: Illumise|171/266 brn|[from] brn\n|upkeep\n|turn|34\n|inactive|Time left: 300 sec this turn | 300 sec total\n|\n|t:|1783549149\n|move|p2a: Illumise|Roost|p2a: Illumise\n|-heal|p2a: Illumise|266/266 brn\n|-singleturn|p2a: Illumise|move: Roost\n|cant|p1a: Milotic|par\n|\n|-damage|p2a: Illumise|250/266 brn|[from] brn\n|upkeep\n|turn|35\n|inactive|Time left: 300 sec this turn | 300 sec total\n|\n|t:|1783549150\n|switch|p2a: Toxapex|Toxapex, L82, F|188/216 brn\n|move|p1a: Milotic|Ice Beam|p2a: Toxapex\n|-resisted|p2a: Toxapex\n|-damage|p2a: Toxapex|164/216 brn\n|\n|-damage|p2a: Toxapex|151/216 brn|[from] brn\n|upkeep\n|turn|36\n|inactive|Time left: 300 sec this turn | 300 sec total\n|\n|t:|1783549151\n|switch|p2a: Heatran|Heatran, L79, F, tera:Flying|212/273\n|move|p1a: Milotic|Ice Beam|p2a: Heatran\n|-supereffective|p2a: Heatran\n|-damage|p2a: Heatran|84/273\n|\n|upkeep\n|turn|37\n|inactive|Time left: 300 sec this turn | 300 sec total\n|\n|t:|1783549152\n|switch|p2a: Toxapex|Toxapex, L82, F|216/216 brn\n|move|p1a: Milotic|Ice Beam|p2a: Toxapex\n|-resisted|p2a: Toxapex\n|-damage|p2a: Toxapex|194/216 brn\n|\n|-damage|p2a: Toxapex|181/216 brn|[from] brn\n|upkeep\n|turn|38\n|inactive|Time left: 300 sec this turn | 300 sec total\n|\n|t:|1783549152\n|move|p2a: Toxapex|Haze|p2a: Toxapex\n|-clearallboost\n|move|p1a: Milotic|Scald|p2a: Toxapex\n|-resisted|p2a: Toxapex\n|-damage|p2a: Toxapex|149/216 brn\n|\n|-damage|p2a: Toxapex|136/216 brn|[from] brn\n|upkeep\n|turn|39\n|inactive|Time left: 300 sec this turn | 300 sec total\n|\n|t:|1783549153\n|switch|p2a: Heatran|Heatran, L79, F, tera:Flying|84/273\n|move|p1a: Milotic|Scald|p2a: Heatran\n|-damage|p2a: Heatran|5/273\n|-status|p2a: Heatran|brn\n|\n|-damage|p2a: Heatran|0 fnt|[from] brn\n|faint|p2a: Heatran\n|upkeep\n|inactive|Time left: 300 sec this turn | 300 sec total | 5 sec grace\n|\n|t:|1783549154\n|switch|p2a: Haxorus|Haxorus, L77, M|244/244\n|-ability|p2a: Haxorus|Mold Breaker\n|turn|40\n|inactive|Time left: 300 sec this turn | 300 sec total\n|\n|t:|1783549155\n|move|p2a: Haxorus|Swords Dance|p2a: Haxorus\n|-boost|p2a: Haxorus|atk|2\n|cant|p1a: Milotic|par\n|\n|upkeep\n|turn|41\n|inactive|Time left: 300 sec this turn | 300 sec total\n|\n|t:|1783549155\n|move|p2a: Haxorus|Scale Shot|p1a: Milotic\n|-damage|p1a: Milotic|78/100 par\n|-damage|p1a: Milotic|56/100 par\n|-damage|p1a: Milotic|34/100 par\n|-damage|p1a: Milotic|9/100 par\n|-hitcount|p1a: Milotic|4\n|-unboost|p2a: Haxorus|def|1\n|-boost|p2a: Haxorus|spe|1\n|move|p1a: Milotic|Dragon Tail|p2a: Haxorus\n|-supereffective|p2a: Haxorus\n|-damage|p2a: Haxorus|154/244\n|drag|p2a: Toxapex|Toxapex, L82, F|208/216 brn\n|\n|-heal|p1a: Milotic|16/100 par|[from] item: Leftovers\n|-damage|p2a: Toxapex|195/216 brn|[from] brn\n|upkeep\n|turn|42\n|inactive|Time left: 300 sec this turn | 300 sec total\n|\n|t:|1783549156\n|move|p2a: Toxapex|Toxic Spikes||[still]\n|-fail|p2a: Toxapex\n|move|p1a: Milotic|Recover|p1a: Milotic\n|-heal|p1a: Milotic|66/100 par\n|\n|-heal|p1a: Milotic|72/100 par|[from] item: Leftovers\n|-damage|p2a: Toxapex|182/216 brn|[from] brn\n|upkeep\n|turn|43\n|inactive|Time left: 300 sec this turn | 300 sec total\n|\n|t:|1783549157\n|move|p2a: Toxapex|Liquidation|p1a: Milotic\n|-resisted|p1a: Milotic\n|-crit|p1a: Milotic\n|-damage|p1a: Milotic|63/100 par\n|move|p1a: Milotic|Ice Beam|p2a: Toxapex\n|-resisted|p2a: Toxapex\n|-damage|p2a: Toxapex|158/216 brn\n|\n|-heal|p1a: Milotic|69/100 par|[from] item: Leftovers\n|-damage|p2a: Toxapex|145/216 brn|[from] brn\n|upkeep\n|turn|44\n|inactive|Time left: 300 sec this turn | 300 sec total\n|\n|t:|1783549158\n|switch|p2a: Illumise|Illumise, L91, F|250/266 brn\n|cant|p1a: Milotic|par\n|\n|-heal|p1a: Milotic|75/100 par|[from] item: Leftovers\n|-damage|p2a: Illumise|234/266 brn|[from] brn\n|upkeep\n|turn|45\n|inactive|Time left: 300 sec this turn | 300 sec total\n|\n|t:|1783549158\n|switch|p2a: Toxapex|Toxapex, L82, F|216/216 brn\n|cant|p1a: Milotic|par\n|\n|-heal|p1a: Milotic|81/100 par|[from] item: Leftovers\n|-damage|p2a: Toxapex|203/216 brn|[from] brn\n|upkeep\n|turn|46\n|inactive|Time left: 300 sec this turn | 300 sec total\n|\n|t:|1783549159\n|move|p2a: Toxapex|Haze|p2a: Toxapex\n|-clearallboost\n|move|p1a: Milotic|Scald|p2a: Toxapex\n|-resisted|p2a: Toxapex\n|-damage|p2a: Toxapex|173/216 brn\n|\n|-heal|p1a: Milotic|87/100 par|[from] item: Leftovers\n|-damage|p2a: Toxapex|160/216 brn|[from] brn\n|upkeep\n|turn|47\n|inactive|Time left: 300 sec this turn | 300 sec total\n|\n|t:|1783549161\n|switch|p2a: Illumise|Illumise, L91, F|234/266 brn\n|move|p1a: Milotic|Ice Beam|p2a: Illumise\n|-damage|p2a: Illumise|177/266 brn\n|\n|-heal|p1a: Milotic|93/100 par|[from] item: Leftovers\n|-damage|p2a: Illumise|161/266 brn|[from] brn\n|upkeep\n|turn|48\n|inactive|Time left: 300 sec this turn | 300 sec total\n|\n|t:|1783549162\n|move|p2a: Illumise|Roost|p2a: Illumise\n|-heal|p2a: Illumise|266/266 brn\n|-singleturn|p2a: Illumise|move: Roost\n|move|p1a: Milotic|Scald|p2a: Illumise\n|-damage|p2a: Illumise|181/266 brn\n|\n|-heal|p1a: Milotic|99/100 par|[from] item: Leftovers\n|-damage|p2a: Illumise|165/266 brn|[from] brn\n|upkeep\n|turn|49\n|inactive|Time left: 300 sec this turn | 300 sec total\n|\n|t:|1783549163\n|switch|p2a: Toxapex|Toxapex, L82, F|216/216 brn\n|move|p1a: Milotic|Scald|p2a: Toxapex\n|-resisted|p2a: Toxapex\n|-damage|p2a: Toxapex|189/216 brn\n|\n|-heal|p1a: Milotic|100/100 par|[from] item: Leftovers\n|-damage|p2a: Toxapex|176/216 brn|[from] brn\n|upkeep\n|turn|50\n|inactive|Time left: 300 sec this turn | 300 sec total\n|\n|t:|1783549164\n|move|p2a: Toxapex|Liquidation|p1a: Milotic\n|-resisted|p1a: Milotic\n|-damage|p1a: Milotic|95/100 par\n|cant|p1a: Milotic|par\n|\n|-heal|p1a: Milotic|100/100 par|[from] item: Leftovers\n|-damage|p2a: Toxapex|163/216 brn|[from] brn\n|upkeep\n|turn|51\n|inactive|Time left: 300 sec this turn | 300 sec total\n|\n|t:|1783549165\n|switch|p2a: Illumise|Illumise, L91, F|165/266 brn\n|move|p1a: Milotic|Scald|p2a: Illumise\n|-damage|p2a: Illumise|84/266 brn\n|\n|-damage|p2a: Illumise|68/266 brn|[from] brn\n|upkeep\n|turn|52\n|inactive|Time left: 300 sec this turn | 300 sec total\n|\n|t:|1783549166\n|switch|p2a: Toxapex|Toxapex, L82, F|216/216 brn\n|move|p1a: Milotic|Ice Beam|p2a: Toxapex\n|-resisted|p2a: Toxapex\n|-damage|p2a: Toxapex|192/216 brn\n|\n|-damage|p2a: Toxapex|179/216 brn|[from] brn\n|upkeep\n|turn|53\n|inactive|Time left: 300 sec this turn | 300 sec total\n|\n|t:|1783549167\n|move|p2a: Toxapex|Toxic Spikes||[still]\n|-fail|p2a: Toxapex\n|move|p1a: Milotic|Scald|p2a: Toxapex\n|-resisted|p2a: Toxapex\n|-damage|p2a: Toxapex|147/216 brn\n|\n|-damage|p2a: Toxapex|134/216 brn|[from] brn\n|upkeep\n|turn|54\n|inactive|Time left: 300 sec this turn | 300 sec total\n|\n|t:|1783549168\n|switch|p2a: Haxorus|Haxorus, L77, M|154/244\n|-ability|p2a: Haxorus|Mold Breaker\n|move|p1a: Milotic|Scald|p2a: Haxorus\n|-resisted|p2a: Haxorus\n|-damage|p2a: Haxorus|97/244\n|\n|upkeep\n|turn|55\n|inactive|Time left: 300 sec this turn | 300 sec total\n|\n|t:|1783549169\n|move|p2a: Haxorus|Swords Dance|p2a: Haxorus\n|-boost|p2a: Haxorus|atk|2\n|move|p1a: Milotic|Dragon Tail|p2a: Haxorus|[miss]\n|-miss|p1a: Milotic|p2a: Haxorus\n|\n|upkeep\n|turn|56\n|inactive|Time left: 300 sec this turn | 300 sec total\n|\n|t:|1783549170\n|move|p2a: Haxorus|Scale Shot|p1a: Milotic\n|-damage|p1a: Milotic|78/100 par\n|-damage|p1a: Milotic|54/100 par\n|-damage|p1a: Milotic|31/100 par\n|-damage|p1a: Milotic|5/100 par\n|-damage|p1a: Milotic|0 fnt\n|faint|p1a: Milotic\n|-hitcount|p1: Milotic|5\n|-unboost|p2a: Haxorus|def|1\n|-boost|p2a: Haxorus|spe|1\n|\n|upkeep\n|\n|t:|1783549171\n|switch|p1a: Oinkologne|Oinkologne-F, L92, F|100/100\n|-damage|p1a: Oinkologne|88/100|[from] Stealth Rock\n|-status|p1a: Oinkologne|tox\n|turn|57\n|inactive|Time left: 300 sec this turn | 300 sec total\n|\n|t:|1783549172\n|move|p2a: Haxorus|Close Combat|p1a: Oinkologne\n|-supereffective|p1a: Oinkologne\n|-damage|p1a: Oinkologne|0 fnt\n|-unboost|p2a: Haxorus|def|1\n|-unboost|p2a: Haxorus|spd|1\n|faint|p1a: Oinkologne\n|\n|upkeep\n|\n|t:|1783549173\n|switch|p1a: Bombirdier|Bombirdier, L85, M|100/100\n|-damage|p1a: Bombirdier|76/100|[from] Stealth Rock\n|turn|58\n|inactive|Time left: 300 sec this turn | 300 sec total\n|\n|t:|1783549174\n|move|p2a: Haxorus|Scale Shot|p1a: Bombirdier\n|-damage|p1a: Bombirdier|52/100\n|-damage|p1a: Bombirdier|26/100\n|-damage|p1a: Bombirdier|2/100\n|-damage|p1a: Bombirdier|0 fnt\n|faint|p1a: Bombirdier\n|-hitcount|p1: Bombirdier|4\n|-unboost|p2a: Haxorus|def|1\n|-boost|p2a: Haxorus|spe|1\n|\n|upkeep\n|\n|t:|1783549175\n|switch|p1a: Dodrio|Dodrio, L85, F|100/100\n|-damage|p1a: Dodrio|76/100|[from] Stealth Rock\n|turn|59\n|inactive|Time left: 300 sec this turn | 300 sec total\n|\n|t:|1783549176\n|-terastallize|p1a: Dodrio|Ground\n|move|p2a: Haxorus|Close Combat|p1a: Dodrio\n|-damage|p1a: Dodrio|0 fnt\n|-unboost|p2a: Haxorus|def|1\n|-unboost|p2a: Haxorus|spd|1\n|faint|p1a: Dodrio\n|\n|win|p0y79662cd", "uploadtime": 1783549176, "views": 0, "rating": 0, "private": 0, "password": null, "_winner": "p0y79662cd", "_our_name": "p0y79662cd"}