{"id": "battle-gen9randombattle-1119", "formatid": "gen9randombattle", "format": "[Gen 9] Random Battle", "players": ["p0x1119537e", "p0y11196c44"], "log": "|init|battle\n|title|p0x1119537e vs. p0y11196c44\n|j|\u2606p0x1119537e\n|j|\u2606p0y11196c44\n|t:|1783552937\n|gametype|singles\n|player|p1|p0x1119537e|2|\n|player|p2|p0y11196c44|265|\n|gen|9\n|tier|[Gen 9] Random Battle\n|rule|Species Clause: Limit one of each Pok\u00e9mon\n|rule|HP Percentage Mod: HP is shown in percentages\n|rule|Sleep Clause Mod: Limit one foe put to sleep\n|rule|Illusion Level Mod: Illusion disguises the Pok\u00e9mon's true level\n|\n|t:|1783552937\n|teamsize|p1|6\n|teamsize|p2|6\n|start\n|switch|p1a: Ribombee|Ribombee, L83, M|235/235\n|switch|p2a: Mandibuzz|Mandibuzz, L85, F|100/100\n|turn|1\n|inactive|Battle timer is ON: inactive players will automatically lose when time's up. (requested by p0y11196c44)\n|inactive|Time left: 300 sec this turn | 300 sec total | 60 sec grace\n|inactive|p0x1119537e also wants the timer to be on.\n|\n|t:|1783552938\n|move|p1a: Ribombee|Quiver Dance|p1a: Ribombee\n|-boost|p1a: Ribombee|spa|1\n|-boost|p1a: Ribombee|spd|1\n|-boost|p1a: Ribombee|spe|1\n|move|p2a: Mandibuzz|Brave Bird|p1a: Ribombee\n|-supereffective|p1a: Ribombee\n|-damage|p1a: Ribombee|0 fnt\n|faint|p1a: Ribombee\n|-damage|p2a: Mandibuzz|77/100|[from] Recoil\n|\n|upkeep\n|inactive|Time left: 300 sec this turn | 300 sec total | 65 sec grace\n|\n|t:|1783552939\n|switch|p1a: Zamazenta|Zamazenta, L71|248/248\n|-ability|p1a: Zamazenta|Dauntless Shield|boost\n|-boost|p1a: Zamazenta|def|1\n|turn|2\n|inactive|Time left: 300 sec this turn | 300 sec total\n|\n|t:|1783552941\n|move|p1a: Zamazenta|Close Combat|p2a: Mandibuzz\n|-damage|p2a: Mandibuzz|34/100\n|-unboost|p1a: Zamazenta|def|1\n|-unboost|p1a: Zamazenta|spd|1\n|move|p2a: Mandibuzz|Brave Bird|p1a: Zamazenta\n|-supereffective|p1a: Zamazenta\n|-damage|p1a: Zamazenta|50/248\n|-damage|p2a: Mandibuzz|14/100|[from] Recoil\n|\n|upkeep\n|turn|3\n|inactive|Time left: 300 sec this turn | 300 sec total\n|\n|t:|1783552942\n|switch|p2a: Torkoal|Torkoal, L88, M|100/100\n|-weather|SunnyDay|[from] ability: Drought|[of] p2a: Torkoal\n|move|p1a: Zamazenta|Close Combat|p2a: Torkoal\n|-damage|p2a: Torkoal|63/100\n|-unboost|p1a: Zamazenta|def|1\n|-unboost|p1a: Zamazenta|spd|1\n|\n|-weather|SunnyDay|[upkeep]\n|upkeep\n|turn|4\n|inactive|Time left: 300 sec this turn | 300 sec total\n|\n|t:|1783552944\n|move|p1a: Zamazenta|Close Combat|p2a: Torkoal\n|-crit|p2a: Torkoal\n|-damage|p2a: Torkoal|0 fnt\n|-unboost|p1a: Zamazenta|def|1\n|-unboost|p1a: Zamazenta|spd|1\n|faint|p2a: Torkoal\n|\n|-weather|SunnyDay|[upkeep]\n|upkeep\n|\n|t:|1783552945\n|switch|p2a: Iron Boulder|Iron Boulder, L77|100/100\n|-enditem|p2a: Iron Boulder|Booster Energy\n|-activate|p2a: Iron Boulder|ability: Quark Drive|[fromitem]\n|-start|p2a: Iron Boulder|quarkdrivespe\n|turn|5\n|inactive|Time left: 300 sec this turn | 300 sec total\n|\n|t:|1783552946\n|switch|p1a: Cresselia|Cresselia, L80, F|323/323\n|move|p2a: Iron Boulder|Mighty Cleave|p1a: Cresselia\n|-damage|p1a: Cresselia|227/323\n|\n|-weather|SunnyDay|[upkeep]\n|-heal|p1a: Cresselia|247/323|[from] item: Leftovers\n|upkeep\n|turn|6\n|inactive|Time left: 300 sec this turn | 300 sec total\n|\n|t:|1783552947\n|move|p2a: Iron Boulder|Swords Dance|p2a: Iron Boulder\n|-boost|p2a: Iron Boulder|atk|2\n|move|p1a: Cresselia|Calm Mind|p1a: Cresselia\n|-boost|p1a: Cresselia|spa|1\n|-boost|p1a: Cresselia|spd|1\n|\n|-weather|SunnyDay|[upkeep]\n|-heal|p1a: Cresselia|267/323|[from] item: Leftovers\n|upkeep\n|turn|7\n|inactive|Time left: 300 sec this turn | 300 sec total\n|\n|t:|1783552948\n|move|p2a: Iron Boulder|Swords Dance|p2a: Iron Boulder\n|-boost|p2a: Iron Boulder|atk|2\n|move|p1a: Cresselia|Moonlight|p1a: Cresselia\n|-heal|p1a: Cresselia|323/323\n|\n|-weather|none\n|upkeep\n|turn|8\n|inactive|Time left: 300 sec this turn | 300 sec total\n|\n|t:|1783552949\n|move|p2a: Iron Boulder|Mighty Cleave|p1a: Cresselia\n|-damage|p1a: Cresselia|82/323\n|move|p1a: Cresselia|Moonlight|p1a: Cresselia\n|-heal|p1a: Cresselia|243/323\n|\n|-heal|p1a: Cresselia|263/323|[from] item: Leftovers\n|upkeep\n|turn|9\n|inactive|Time left: 300 sec this turn | 300 sec total\n|\n|t:|1783552950\n|switch|p1a: Excadrill|Excadrill, L79, F|303/303\n|-ability|p1a: Excadrill|Mold Breaker\n|move|p2a: Iron Boulder|Mighty Cleave|p1a: Excadrill\n|-resisted|p1a: Excadrill\n|-damage|p1a: Excadrill|208/303\n|\n|upkeep\n|turn|10\n|inactive|Time left: 300 sec this turn | 300 sec total\n|\n|t:|1783552951\n|switch|p1a: Talonflame|Talonflame, L83, F|265/265\n|move|p2a: Iron Boulder|Close Combat|p1a: Talonflame\n|-resisted|p1a: Talonflame\n|-damage|p1a: Talonflame|106/265\n|-unboost|p2a: Iron Boulder|def|1\n|-unboost|p2a: Iron Boulder|spd|1\n|-status|p2a: Iron Boulder|brn|[from] ability: Flame Body|[of] p1a: Talonflame\n|\n|-damage|p2a: Iron Boulder|94/100 brn|[from] brn\n|upkeep\n|turn|11\n|inactive|Time left: 300 sec this turn | 300 sec total\n|\n|t:|1783552952\n|switch|p1a: Cresselia|Cresselia, L80, F|263/323\n|move|p2a: Iron Boulder|Mighty Cleave|p1a: Cresselia\n|-damage|p1a: Cresselia|135/323\n|\n|-heal|p1a: Cresselia|155/323|[from] item: Leftovers\n|-damage|p2a: Iron Boulder|88/100 brn|[from] brn\n|upkeep\n|turn|12\n|inactive|Time left: 300 sec this turn | 300 sec total\n|\n|t:|1783552953\n|move|p2a: Iron Boulder|Mighty Cleave|p1a: Cresselia\n|-damage|p1a: Cresselia|30/323\n|move|p1a: Cresselia|Moonlight|p1a: Cresselia\n|-heal|p1a: Cresselia|191/323\n|\n|-heal|p1a: Cresselia|211/323|[from] item: Leftovers\n|-damage|p2a: Iron Boulder|82/100 brn|[from] brn\n|upkeep\n|turn|13\n|inactive|Time left: 300 sec this turn | 300 sec total\n|\n|t:|1783552953\n|move|p2a: Iron Boulder|Mighty Cleave|p1a: Cresselia\n|-damage|p1a: Cresselia|79/323\n|move|p1a: Cresselia|Moonlight|p1a: Cresselia\n|-heal|p1a: Cresselia|240/323\n|\n|-heal|p1a: Cresselia|260/323|[from] item: Leftovers\n|-damage|p2a: Iron Boulder|76/100 brn|[from] brn\n|upkeep\n|turn|14\n|inactive|Time left: 300 sec this turn | 300 sec total\n|\n|t:|1783552954\n|move|p2a: Iron Boulder|Mighty Cleave|p1a: Cresselia\n|-damage|p1a: Cresselia|137/323\n|move|p1a: Cresselia|Moonlight|p1a: Cresselia\n|-heal|p1a: Cresselia|298/323\n|\n|-heal|p1a: Cresselia|318/323|[from] item: Leftovers\n|-damage|p2a: Iron Boulder|70/100 brn|[from] brn\n|upkeep\n|turn|15\n|inactive|Time left: 300 sec this turn | 300 sec total\n|\n|t:|1783552955\n|move|p2a: Iron Boulder|Mighty Cleave|p1a: Cresselia\n|-crit|p1a: Cresselia\n|-damage|p1a: Cresselia|118/323\n|move|p1a: Cresselia|Calm Mind|p1a: Cresselia\n|-boost|p1a: Cresselia|spa|1\n|-boost|p1a: Cresselia|spd|1\n|\n|-heal|p1a: Cresselia|138/323|[from] item: Leftovers\n|-damage|p2a: Iron Boulder|64/100 brn|[from] brn\n|upkeep\n|turn|16\n|inactive|Time left: 300 sec this turn | 300 sec total\n|\n|t:|1783552956\n|move|p2a: Iron Boulder|Zen Headbutt|p1a: Cresselia\n|-resisted|p1a: Cresselia\n|-damage|p1a: Cresselia|83/323\n|move|p1a: Cresselia|Moonlight|p1a: Cresselia\n|-heal|p1a: Cresselia|244/323\n|\n|-heal|p1a: Cresselia|264/323|[from] item: Leftovers\n|-damage|p2a: Iron Boulder|58/100 brn|[from] brn\n|upkeep\n|turn|17\n|inactive|Time left: 300 sec this turn | 300 sec total\n|\n|t:|1783552957\n|move|p2a: Iron Boulder|Zen Headbutt|p1a: Cresselia\n|-resisted|p1a: Cresselia\n|-damage|p1a: Cresselia|204/323\n|move|p1a: Cresselia|Calm Mind|p1a: Cresselia\n|-boost|p1a: Cresselia|spa|1\n|-boost|p1a: Cresselia|spd|1\n|\n|-heal|p1a: Cresselia|224/323|[from] item: Leftovers\n|-damage|p2a: Iron Boulder|52/100 brn|[from] brn\n|upkeep\n|turn|18\n|inactive|Time left: 300 sec this turn | 300 sec total\n|\n|t:|1783552958\n|-end|p2a: Iron Boulder|Quark Drive|[silent]\n|switch|p2a: Gumshoos|Gumshoos, L95, M|100/100\n|move|p1a: Cresselia|Thunderbolt|p2a: Gumshoos\n|-damage|p2a: Gumshoos|66/100\n|\n|-heal|p1a: Cresselia|244/323|[from] item: Leftovers\n|upkeep\n|turn|19\n|inactive|Time left: 300 sec this turn | 300 sec total\n|\n|t:|1783552959\n|-terastallize|p1a: Cresselia|Electric\n|move|p1a: Cresselia|Thunderbolt|p2a: Gumshoos\n|-damage|p2a: Gumshoos|18/100\n|move|p2a: Gumshoos|Double-Edge|p1a: Cresselia\n|-damage|p1a: Cresselia|0 fnt\n|faint|p1a: Cresselia\n|-damage|p2a: Gumshoos|0 fnt|[from] Recoil\n|faint|p2a: Gumshoos\n|\n|upkeep\n|inactive|Time left: 300 sec this turn | 300 sec total | 5 sec grace\n|\n|t:|1783552960\n|switch|p1a: Zamazenta|Zamazenta, L71|50/248\n|switch|p2a: Iron Boulder|Iron Boulder, L77|52/100 brn\n|turn|20\n|inactive|Time left: 300 sec this turn | 300 sec total\n|\n|t:|1783552961\n|move|p1a: Zamazenta|Close Combat|p2a: Iron Boulder\n|-damage|p2a: Iron Boulder|0 fnt\n|-unboost|p1a: Zamazenta|def|1\n|-unboost|p1a: Zamazenta|spd|1\n|faint|p2a: Iron Boulder\n|-end|p2a: Iron Boulder|Quark Drive|[silent]\n|\n|upkeep\n|\n|t:|1783552962\n|switch|p2a: Shaymin|Shaymin, L82|100/100\n|turn|21\n|inactive|Time left: 300 sec this turn | 300 sec total\n|\n|t:|1783552963\n|move|p1a: Zamazenta|Close Combat|p2a: Shaymin\n|-damage|p2a: Shaymin|54/100\n|-unboost|p1a: Zamazenta|def|1\n|-unboost|p1a: Zamazenta|spd|1\n|move|p2a: Shaymin|Air Slash|p1a: Zamazenta\n|-supereffective|p1a: Zamazenta\n|-damage|p1a: Zamazenta|0 fnt\n|faint|p1a: Zamazenta\n|\n|-heal|p2a: Shaymin|60/100|[from] item: Leftovers\n|upkeep\n|inactive|Time left: 300 sec this turn | 300 sec total | 5 sec grace\n|\n|t:|1783552964\n|switch|p1a: Talonflame|Talonflame, L83, F|106/265\n|turn|22\n|inactive|Time left: 300 sec this turn | 300 sec total\n|\n|t:|1783552965\n|switch|p2a: Mandibuzz|Mandibuzz, L85, F|14/100\n|move|p1a: Talonflame|Overheat|p2a: Mandibuzz\n|-damage|p2a: Mandibuzz|0 fnt\n|-unboost|p1a: Talonflame|spa|2\n|faint|p2a: Mandibuzz\n|\n|upkeep\n|\n|t:|1783552966\n|switch|p2a: Ogerpon|Ogerpon-Wellspring, L76, F|100/100\n|turn|23\n|inactive|Time left: 300 sec this turn | 300 sec total\n|\n|t:|1783552967\n|-terastallize|p2a: Ogerpon|Water\n|detailschange|p2a: Ogerpon|Ogerpon-Wellspring-Tera, L76, F, tera:Water\n|-ability|p2a: Ogerpon|Embody Aspect (Wellspring)|boost\n|-boost|p2a: Ogerpon|spd|1\n|move|p1a: Talonflame|Brave Bird|p2a: Ogerpon\n|-damage|p2a: Ogerpon|53/100\n|-damage|p1a: Talonflame|67/265|[from] Recoil\n|move|p2a: Ogerpon|Ivy Cudgel|p1a: Talonflame|[anim] Ivy Cudgel Water\n|-supereffective|p1a: Talonflame\n|-crit|p1a: Talonflame\n|-damage|p1a: Talonflame|0 fnt\n|faint|p1a: Talonflame\n|\n|upkeep\n|inactive|Time left: 300 sec this turn | 300 sec total | 5 sec grace\n|\n|t:|1783552968\n|switch|p1a: Cryogonal|Cryogonal, L89|287/287\n|turn|24\n|inactive|Time left: 300 sec this turn | 300 sec total\n|\n|t:|1783552970\n|move|p1a: Cryogonal|Freeze-Dry|p2a: Ogerpon\n|-supereffective|p2a: Ogerpon\n|-damage|p2a: Ogerpon|8/100\n|move|p2a: Ogerpon|Swords Dance|p2a: Ogerpon\n|-boost|p2a: Ogerpon|atk|2\n|\n|upkeep\n|turn|25\n|inactive|Time left: 300 sec this turn | 300 sec total\n|\n|t:|1783552971\n|switch|p2a: Shaymin|Shaymin, L82|60/100\n|move|p1a: Cryogonal|Freeze-Dry|p2a: Shaymin\n|-supereffective|p2a: Shaymin\n|-damage|p2a: Shaymin|6/100\n|-status|p2a: Shaymin|frz\n|\n|-heal|p2a: Shaymin|12/100 frz|[from] item: Leftovers\n|upkeep\n|turn|26\n|inactive|Time left: 300 sec this turn | 300 sec total\n|\n|t:|1783552971\n|-curestatus|p2a: Shaymin|frz|[from] ability: Natural Cure|[silent]\n|switch|p2a: Ogerpon|Ogerpon-Wellspring-Tera, L76, F, tera:Water|8/100\n|-ability|p2a: Ogerpon|Embody Aspect (Wellspring)|boost\n|-boost|p2a: Ogerpon|spd|1\n|move|p1a: Cryogonal|Freeze-Dry|p2a: Ogerpon\n|-supereffective|p2a: Ogerpon\n|-damage|p2a: Ogerpon|0 fnt\n|faint|p2a: Ogerpon\n|detailschange|p2: Ogerpon|Ogerpon-Wellspring, L76, F|[silent]\n|\n|upkeep\n|\n|t:|1783552972\n|switch|p2a: Shaymin|Shaymin, L82|12/100\n|turn|27\n|inactive|Time left: 300 sec this turn | 300 sec total\n|\n|t:|1783552973\n|move|p1a: Cryogonal|Freeze-Dry|p2a: Shaymin\n|-supereffective|p2a: Shaymin\n|-damage|p2a: Shaymin|0 fnt\n|faint|p2a: Shaymin\n|\n|win|p0x1119537e", "uploadtime": 1783552973, "views": 0, "rating": 0, "private": 0, "password": null, "_winner": "p0x1119537e", "_our_name": "p0x1119537e"}