{"id": "battle-gen9randombattle-1116", "formatid": "gen9randombattle", "format": "[Gen 9] Random Battle", "players": ["p0x11168c68", "p0y11168699"], "log": "|init|battle\n|title|p0x11168c68 vs. p0y11168699\n|j|\u2606p0x11168c68\n|j|\u2606p0y11168699\n|t:|1783552100\n|gametype|singles\n|player|p1|p0x11168c68|1|\n|player|p2|p0y11168699|170|\n|gen|9\n|tier|[Gen 9] Random Battle\n|rule|Species Clause: Limit one of each Pok\u00e9mon\n|rule|HP Percentage Mod: HP is shown in percentages\n|rule|Sleep Clause Mod: Limit one foe put to sleep\n|rule|Illusion Level Mod: Illusion disguises the Pok\u00e9mon's true level\n|\n|t:|1783552100\n|teamsize|p1|6\n|teamsize|p2|6\n|start\n|switch|p1a: Cinderace|Cinderace, L77, M|249/249\n|switch|p2a: Cobalion|Cobalion, L80|100/100\n|turn|1\n|inactive|Battle timer is ON: inactive players will automatically lose when time's up. (requested by p0y11168699)\n|inactive|Time left: 300 sec this turn | 300 sec total | 60 sec grace\n|inactive|p0x11168c68 also wants the timer to be on.\n|\n|t:|1783552101\n|move|p1a: Cinderace|Pyro Ball|p2a: Cobalion\n|-supereffective|p2a: Cobalion\n|-damage|p2a: Cobalion|2/100\n|move|p2a: Cobalion|Stealth Rock|p1a: Cinderace\n|-sidestart|p1: p0x11168c68|move: Stealth Rock\n|\n|-heal|p2a: Cobalion|8/100|[from] item: Leftovers\n|upkeep\n|turn|2\n|inactive|Time left: 300 sec this turn | 300 sec total\n|\n|t:|1783552103\n|move|p1a: Cinderace|Pyro Ball|p2a: Cobalion\n|-supereffective|p2a: Cobalion\n|-damage|p2a: Cobalion|0 fnt\n|faint|p2a: Cobalion\n|\n|upkeep\n|\n|t:|1783552104\n|switch|p2a: Floatzel|Floatzel, L86, M|100/100\n|turn|3\n|inactive|Time left: 300 sec this turn | 300 sec total\n|\n|t:|1783552105\n|switch|p1a: Lumineon|Lumineon, L93, M|279/279\n|move|p2a: Floatzel|Wave Crash|p1a: Lumineon\n|-ability|p1a: Lumineon|Storm Drain|boost\n|-boost|p1a: Lumineon|spa|1\n|\n|upkeep\n|turn|4\n|inactive|Time left: 300 sec this turn | 300 sec total\n|\n|t:|1783552106\n|switch|p2a: Eelektross|Eelektross, L87, F|100/100\n|move|p1a: Lumineon|Hydro Pump|p2a: Eelektross\n|-damage|p2a: Eelektross|38/100\n|\n|-heal|p2a: Eelektross|45/100|[from] item: Leftovers\n|upkeep\n|turn|5\n|inactive|Time left: 300 sec this turn | 300 sec total\n|\n|t:|1783552108\n|switch|p2a: Meganium|Meganium, L90, M|100/100\n|move|p1a: Lumineon|Hydro Pump|p2a: Meganium\n|-resisted|p2a: Meganium\n|-damage|p2a: Meganium|75/100\n|\n|-heal|p2a: Meganium|81/100|[from] item: Leftovers\n|upkeep\n|turn|6\n|inactive|Time left: 300 sec this turn | 300 sec total\n|\n|t:|1783552109\n|move|p1a: Lumineon|Ice Beam|p2a: Meganium\n|-supereffective|p2a: Meganium\n|-damage|p2a: Meganium|27/100\n|-status|p2a: Meganium|frz\n|cant|p2a: Meganium|frz\n|\n|-heal|p2a: Meganium|34/100 frz|[from] item: Leftovers\n|upkeep\n|turn|7\n|inactive|Time left: 300 sec this turn | 300 sec total\n|\n|t:|1783552110\n|move|p1a: Lumineon|Ice Beam|p2a: Meganium\n|-supereffective|p2a: Meganium\n|-damage|p2a: Meganium|0 fnt\n|faint|p2a: Meganium\n|\n|upkeep\n|\n|t:|1783552110\n|switch|p2a: Mismagius|Mismagius, L86, M|100/100\n|turn|8\n|inactive|Time left: 300 sec this turn | 300 sec total\n|\n|t:|1783552111\n|move|p2a: Mismagius|Nasty Plot|p2a: Mismagius\n|-boost|p2a: Mismagius|spa|2\n|move|p1a: Lumineon|Hydro Pump|p2a: Mismagius|[miss]\n|-miss|p1a: Lumineon|p2a: Mismagius\n|\n|upkeep\n|turn|9\n|inactive|Time left: 300 sec this turn | 300 sec total\n|\n|t:|1783552112\n|move|p2a: Mismagius|Shadow Ball|p1a: Lumineon\n|-damage|p1a: Lumineon|65/279\n|-unboost|p1a: Lumineon|spd|1\n|-damage|p2a: Mismagius|91/100|[from] item: Life Orb\n|move|p1a: Lumineon|Hydro Pump|p2a: Mismagius\n|-damage|p2a: Mismagius|27/100\n|\n|upkeep\n|turn|10\n|inactive|Time left: 300 sec this turn | 300 sec total\n|\n|t:|1783552113\n|move|p2a: Mismagius|Shadow Ball|p1a: Lumineon\n|-damage|p1a: Lumineon|0 fnt\n|faint|p1a: Lumineon\n|-damage|p2a: Mismagius|17/100|[from] item: Life Orb\n|\n|upkeep\n|inactive|Time left: 300 sec this turn | 300 sec total | 5 sec grace\n|\n|t:|1783552114\n|switch|p1a: Overqwil|Overqwil, L82, M|274/274\n|-damage|p1a: Overqwil|240/274|[from] Stealth Rock\n|-ability|p1a: Overqwil|Intimidate|boost\n|-unboost|p2a: Mismagius|atk|1\n|turn|11\n|inactive|Time left: 300 sec this turn | 300 sec total\n|\n|t:|1783552115\n|move|p1a: Overqwil|Aqua Jet|p2a: Mismagius\n|-crit|p2a: Mismagius\n|-damage|p2a: Mismagius|0 fnt\n|faint|p2a: Mismagius\n|\n|upkeep\n|\n|t:|1783552116\n|switch|p2a: Floatzel|Floatzel, L86, M|100/100\n|turn|12\n|inactive|Time left: 300 sec this turn | 300 sec total\n|\n|t:|1783552117\n|switch|p1a: Gurdurr|Gurdurr, L85, F|283/283\n|-damage|p1a: Gurdurr|266/283|[from] Stealth Rock\n|move|p2a: Floatzel|Wave Crash|p1a: Gurdurr\n|-damage|p1a: Gurdurr|127/283\n|-damage|p2a: Floatzel|84/100|[from] Recoil\n|\n|upkeep\n|turn|13\n|inactive|Time left: 300 sec this turn | 300 sec total\n|\n|t:|1783552118\n|move|p1a: Gurdurr|Mach Punch|p2a: Floatzel\n|-damage|p2a: Floatzel|61/100\n|move|p2a: Floatzel|Wave Crash|p1a: Gurdurr\n|-damage|p1a: Gurdurr|0 fnt\n|faint|p1a: Gurdurr\n|-damage|p2a: Floatzel|47/100|[from] Recoil\n|\n|upkeep\n|inactive|Time left: 300 sec this turn | 300 sec total | 5 sec grace\n|\n|t:|1783552119\n|switch|p1a: Overqwil|Overqwil, L82, M|240/274\n|-damage|p1a: Overqwil|206/274|[from] Stealth Rock\n|-ability|p1a: Overqwil|Intimidate|boost\n|-unboost|p2a: Floatzel|atk|1\n|turn|14\n|inactive|Time left: 300 sec this turn | 300 sec total\n|\n|t:|1783552120\n|move|p2a: Floatzel|Wave Crash|p1a: Overqwil\n|-damage|p1a: Overqwil|68/274\n|-damage|p2a: Floatzel|31/100|[from] Recoil\n|move|p1a: Overqwil|Crunch|p2a: Floatzel\n|-damage|p2a: Floatzel|0 fnt\n|faint|p2a: Floatzel\n|\n|upkeep\n|\n|t:|1783552121\n|switch|p2a: Passimian|Passimian, L83, M|100/100\n|turn|15\n|inactive|Time left: 300 sec this turn | 300 sec total\n|\n|t:|1783552122\n|switch|p1a: Alcremie|Alcremie-Ruby-Swirl, L90, F|263/263\n|-damage|p1a: Alcremie|231/263|[from] Stealth Rock\n|move|p2a: Passimian|Bulk Up|p2a: Passimian\n|-boost|p2a: Passimian|atk|1\n|-boost|p2a: Passimian|def|1\n|\n|-heal|p1a: Alcremie|247/263|[from] item: Leftovers\n|upkeep\n|turn|16\n|inactive|Time left: 300 sec this turn | 300 sec total\n|\n|t:|1783552123\n|-terastallize|p1a: Alcremie|Ground\n|move|p2a: Passimian|Gunk Shot|p1a: Alcremie\n|-resisted|p1a: Alcremie\n|-damage|p1a: Alcremie|175/263\n|move|p1a: Alcremie|Alluring Voice|p2a: Passimian\n|-supereffective|p2a: Passimian\n|-damage|p2a: Passimian|13/100\n|\n|-heal|p2a: Passimian|19/100|[from] item: Leftovers\n|-heal|p1a: Alcremie|191/263|[from] item: Leftovers\n|upkeep\n|turn|17\n|inactive|Time left: 300 sec this turn | 300 sec total\n|\n|t:|1783552124\n|-terastallize|p2a: Passimian|Dark\n|move|p2a: Passimian|Knock Off|p1a: Alcremie\n|-damage|p1a: Alcremie|2/263\n|-enditem|p1a: Alcremie|Leftovers|[from] move: Knock Off|[of] p2a: Passimian\n|move|p1a: Alcremie|Alluring Voice|p2a: Passimian\n|-supereffective|p2a: Passimian\n|-damage|p2a: Passimian|0 fnt\n|faint|p2a: Passimian\n|\n|upkeep\n|\n|t:|1783552125\n|switch|p2a: Eelektross|Eelektross, L87, F|45/100\n|turn|18\n|inactive|Time left: 300 sec this turn | 300 sec total\n|\n|t:|1783552125\n|move|p1a: Alcremie|Alluring Voice|p2a: Eelektross\n|-damage|p2a: Eelektross|5/100\n|move|p2a: Eelektross|Drain Punch|p1a: Alcremie\n|-damage|p1a: Alcremie|0 fnt\n|-heal|p2a: Eelektross|6/100|[from] drain|[of] p1a: Alcremie\n|faint|p1a: Alcremie\n|\n|-heal|p2a: Eelektross|12/100|[from] item: Leftovers\n|upkeep\n|inactive|Time left: 300 sec this turn | 300 sec total | 5 sec grace\n|\n|t:|1783552126\n|switch|p1a: Overqwil|Overqwil, L82, M|68/274\n|-damage|p1a: Overqwil|34/274|[from] Stealth Rock\n|-ability|p1a: Overqwil|Intimidate|boost\n|-unboost|p2a: Eelektross|atk|1\n|turn|19\n|inactive|Time left: 300 sec this turn | 300 sec total\n|\n|t:|1783552127\n|move|p1a: Overqwil|Liquidation|p2a: Eelektross\n|-damage|p2a: Eelektross|0 fnt\n|faint|p2a: Eelektross\n|\n|win|p0x11168c68", "uploadtime": 1783552127, "views": 0, "rating": 0, "private": 0, "password": null, "_winner": "p0x11168c68", "_our_name": "p0x11168c68"}