{"id": "battle-gen9randombattle-577", "formatid": "gen9randombattle", "format": "[Gen 9] Random Battle", "players": ["p0x577dd9c", "p0y57775c0"], "log": "|init|battle\n|title|p0x577dd9c vs. p0y57775c0\n|j|\u2606p0x577dd9c\n|j|\u2606p0y57775c0\n|t:|1783545774\n|gametype|singles\n|player|p1|p0x577dd9c|2|\n|player|p2|p0y57775c0|170|\n|gen|9\n|tier|[Gen 9] Random Battle\n|rule|Species Clause: Limit one of each Pok\u00e9mon\n|rule|HP Percentage Mod: HP is shown in percentages\n|rule|Sleep Clause Mod: Limit one foe put to sleep\n|rule|Illusion Level Mod: Illusion disguises the Pok\u00e9mon's true level\n|\n|t:|1783545774\n|teamsize|p1|6\n|teamsize|p2|6\n|start\n|switch|p1a: Ditto|Ditto, L87|225/225\n|switch|p2a: Lunala|Lunala, L70|100/100\n|-transform|p1a: Ditto|p2a: Lunala|[from] ability: Imposter\n|turn|1\n|inactive|Battle timer is ON: inactive players will automatically lose when time's up. (requested by p0y57775c0)\n|inactive|Time left: 300 sec this turn | 300 sec total | 60 sec grace\n|inactive|p0x577dd9c also wants the timer to be on.\n|\n|t:|1783545775\n|switch|p1a: Mamoswine|Mamoswine, L81, M|311/311\n|move|p2a: Lunala|Moongeist Beam|p1a: Mamoswine\n|-damage|p1a: Mamoswine|185/311\n|\n|upkeep\n|turn|2\n|inactive|Time left: 300 sec this turn | 300 sec total\n|\n|t:|1783545777\n|move|p2a: Lunala|Moongeist Beam|p1a: Mamoswine\n|-damage|p1a: Mamoswine|47/311\n|move|p1a: Mamoswine|Knock Off|p2a: Lunala\n|-supereffective|p2a: Lunala\n|-damage|p2a: Lunala|13/100\n|-enditem|p2a: Lunala|Leftovers|[from] move: Knock Off|[of] p1a: Mamoswine\n|\n|upkeep\n|turn|3\n|inactive|Time left: 300 sec this turn | 300 sec total\n|\n|t:|1783545778\n|move|p2a: Lunala|Psyshock|p1a: Mamoswine\n|-damage|p1a: Mamoswine|0 fnt\n|faint|p1a: Mamoswine\n|\n|upkeep\n|inactive|Time left: 300 sec this turn | 300 sec total | 5 sec grace\n|\n|t:|1783545778\n|switch|p1a: Iron Jugulis|Iron Jugulis, L77|271/271\n|turn|4\n|inactive|Time left: 300 sec this turn | 300 sec total\n|\n|t:|1783545780\n|move|p1a: Iron Jugulis|Meteor Beam||[still]\n|-prepare|p1a: Iron Jugulis|Meteor Beam\n|-boost|p1a: Iron Jugulis|spa|1\n|-enditem|p1a: Iron Jugulis|Power Herb\n|-anim|p1a: Iron Jugulis|Meteor Beam|p2a: Lunala|[miss]\n|-miss|p1a: Iron Jugulis|p2a: Lunala\n|move|p2a: Lunala|Moonlight|p2a: Lunala\n|-heal|p2a: Lunala|63/100\n|\n|upkeep\n|turn|5\n|inactive|Time left: 300 sec this turn | 300 sec total\n|\n|t:|1783545781\n|switch|p2a: Pincurchin|Pincurchin, M|100/100\n|-fieldstart|move: Electric Terrain|[from] ability: Electric Surge|[of] p2a: Pincurchin\n|-activate|p1a: Iron Jugulis|ability: Quark Drive\n|-start|p1a: Iron Jugulis|quarkdrivespa\n|move|p1a: Iron Jugulis|Meteor Beam||[still]\n|-prepare|p1a: Iron Jugulis|Meteor Beam\n|-boost|p1a: Iron Jugulis|spa|1\n|\n|upkeep\n|turn|6\n|inactive|Time left: 300 sec this turn | 300 sec total\n|\n|t:|1783545781\n|move|p1a: Iron Jugulis|Meteor Beam|p2a: Pincurchin|[from] lockedmove\n|-damage|p2a: Pincurchin|21/100\n|move|p2a: Pincurchin|Zing Zap|p1a: Iron Jugulis\n|-supereffective|p1a: Iron Jugulis\n|-damage|p1a: Iron Jugulis|0 fnt\n|faint|p1a: Iron Jugulis\n|-end|p1a: Iron Jugulis|Quark Drive|[silent]\n|\n|-heal|p2a: Pincurchin|27/100|[from] item: Leftovers\n|upkeep\n|inactive|Time left: 300 sec this turn | 300 sec total | 5 sec grace\n|\n|t:|1783545782\n|switch|p1a: Pikachu|Pikachu, L93, M|216/216\n|turn|7\n|inactive|Time left: 300 sec this turn | 300 sec total\n|\n|t:|1783545783\n|switch|p2a: Piloswine|Piloswine, L85, F|100/100\n|move|p1a: Pikachu|Knock Off|p2a: Piloswine\n|-damage|p2a: Piloswine|73/100\n|-enditem|p2a: Piloswine|Eviolite|[from] move: Knock Off|[of] p1a: Pikachu\n|\n|upkeep\n|turn|8\n|inactive|Time left: 300 sec this turn | 300 sec total\n|\n|t:|1783545784\n|-terastallize|p2a: Piloswine|Poison\n|move|p1a: Pikachu|Surf|p2a: Piloswine\n|-damage|p2a: Piloswine|29/100\n|move|p2a: Piloswine|Earthquake|p1a: Pikachu\n|-supereffective|p1a: Pikachu\n|-damage|p1a: Pikachu|0 fnt\n|faint|p1a: Pikachu\n|\n|upkeep\n|inactive|Time left: 300 sec this turn | 300 sec total | 5 sec grace\n|\n|t:|1783545785\n|switch|p1a: Dragonite|Dragonite, L74, M|257/257\n|turn|9\n|inactive|Time left: 300 sec this turn | 300 sec total\n|\n|t:|1783545786\n|move|p2a: Piloswine|Ice Shard|p1a: Dragonite\n|-supereffective|p1a: Dragonite\n|-damage|p1a: Dragonite|161/257\n|move|p1a: Dragonite|Outrage|p2a: Piloswine\n|-damage|p2a: Piloswine|0 fnt\n|faint|p2a: Piloswine\n|\n|-fieldend|move: Electric Terrain\n|upkeep\n|\n|t:|1783545787\n|switch|p2a: Falinks|Falinks, L84|100/100\n|turn|10\n|inactive|Time left: 300 sec this turn | 300 sec total\n|\n|t:|1783545788\n|move|p2a: Falinks|No Retreat|p2a: Falinks\n|-boost|p2a: Falinks|atk|1\n|-boost|p2a: Falinks|def|1\n|-boost|p2a: Falinks|spa|1\n|-boost|p2a: Falinks|spd|1\n|-boost|p2a: Falinks|spe|1\n|-start|p2a: Falinks|move: No Retreat\n|move|p1a: Dragonite|Outrage|p2a: Falinks|[from] lockedmove\n|-damage|p2a: Falinks|68/100\n|-start|p1a: Dragonite|confusion|[fatigue]\n|\n|upkeep\n|turn|11\n|inactive|Time left: 300 sec this turn | 300 sec total\n|\n|t:|1783545789\n|move|p2a: Falinks|Knock Off|p1a: Dragonite\n|-damage|p1a: Dragonite|26/257\n|-enditem|p1a: Dragonite|Heavy-Duty Boots|[from] move: Knock Off|[of] p2a: Falinks\n|-damage|p2a: Falinks|59/100|[from] item: Life Orb\n|-activate|p1a: Dragonite|confusion\n|-damage|p1a: Dragonite|0 fnt|[from] confusion\n|faint|p1a: Dragonite\n|\n|upkeep\n|inactive|Time left: 300 sec this turn | 300 sec total | 5 sec grace\n|\n|t:|1783545790\n|switch|p1a: Iron Thorns|Iron Thorns, L83|302/302\n|-item|p1a: Iron Thorns|Air Balloon\n|turn|12\n|inactive|Time left: 300 sec this turn | 300 sec total\n|\n|t:|1783545791\n|-terastallize|p1a: Iron Thorns|Water\n|move|p2a: Falinks|Close Combat|p1a: Iron Thorns\n|-damage|p1a: Iron Thorns|78/302\n|-unboost|p2a: Falinks|def|1\n|-unboost|p2a: Falinks|spd|1\n|-enditem|p1a: Iron Thorns|Air Balloon\n|-damage|p2a: Falinks|49/100|[from] item: Life Orb\n|move|p1a: Iron Thorns|Wild Charge|p2a: Falinks\n|-damage|p2a: Falinks|7/100\n|-damage|p1a: Iron Thorns|52/302|[from] Recoil\n|\n|upkeep\n|turn|13\n|inactive|Time left: 300 sec this turn | 300 sec total\n|\n|t:|1783545792\n|move|p2a: Falinks|Close Combat|p1a: Iron Thorns\n|-damage|p1a: Iron Thorns|0 fnt\n|-unboost|p2a: Falinks|def|1\n|-unboost|p2a: Falinks|spd|1\n|faint|p1a: Iron Thorns\n|-end|p1a: Iron Thorns|Quark Drive|[silent]\n|-damage|p2a: Falinks|0 fnt|[from] item: Life Orb\n|faint|p2a: Falinks\n|\n|upkeep\n|inactive|Time left: 300 sec this turn | 300 sec total | 5 sec grace\n|\n|t:|1783545793\n|switch|p2a: Bruxish|Bruxish, L85, M|100/100\n|switch|p1a: Ditto|Ditto, L87|225/225\n|-transform|p1a: Ditto|p2a: Bruxish|[from] ability: Imposter\n|turn|14\n|inactive|Time left: 300 sec this turn | 300 sec total\n|\n|t:|1783545794\n|move|p1a: Ditto|Wave Crash|p2a: Bruxish\n|-resisted|p2a: Bruxish\n|-damage|p2a: Bruxish|67/100\n|-damage|p1a: Ditto|197/225|[from] Recoil\n|move|p2a: Bruxish|Psychic Fangs|p1a: Ditto\n|-resisted|p1a: Ditto\n|-damage|p1a: Ditto|83/225\n|-damage|p2a: Bruxish|57/100|[from] item: Life Orb\n|\n|upkeep\n|turn|15\n|inactive|Time left: 300 sec this turn | 300 sec total\n|\n|t:|1783545795\n|move|p2a: Bruxish|Aqua Jet|p1a: Ditto\n|-resisted|p1a: Ditto\n|-damage|p1a: Ditto|45/225\n|-damage|p2a: Bruxish|47/100|[from] item: Life Orb\n|move|p1a: Ditto|Wave Crash|p2a: Bruxish\n|-resisted|p2a: Bruxish\n|-damage|p2a: Bruxish|13/100\n|-damage|p1a: Ditto|17/225|[from] Recoil\n|\n|upkeep\n|turn|16\n|inactive|Time left: 300 sec this turn | 300 sec total\n|\n|t:|1783545795\n|switch|p2a: Pincurchin|Pincurchin, M|27/100\n|-fieldstart|move: Electric Terrain|[from] ability: Electric Surge|[of] p2a: Pincurchin\n|move|p1a: Ditto|Wave Crash|p2a: Pincurchin\n|-damage|p2a: Pincurchin|0 fnt\n|faint|p2a: Pincurchin\n|-damage|p1a: Ditto|0 fnt|[from] Recoil\n|faint|p1a: Ditto\n|\n|win|p0y57775c0", "uploadtime": 1783545795, "views": 0, "rating": 0, "private": 0, "password": null, "_winner": "p0y57775c0", "_our_name": "p0x577dd9c"}