{"id": "battle-gen9randombattle-88", "formatid": "gen9randombattle", "format": "[Gen 9] Random Battle", "players": ["p0x0881d96", "p0y0887b05"], "log": "|init|battle\n|title|p0x0881d96 vs. p0y0887b05\n|j|\u2606p0x0881d96\n|j|\u2606p0y0887b05\n|t:|1783534796\n|gametype|singles\n|player|p1|p0x0881d96|1|\n|player|p2|p0y0887b05|1|\n|gen|9\n|tier|[Gen 9] Random Battle\n|rule|Species Clause: Limit one of each Pok\u00e9mon\n|rule|HP Percentage Mod: HP is shown in percentages\n|rule|Sleep Clause Mod: Limit one foe put to sleep\n|rule|Illusion Level Mod: Illusion disguises the Pok\u00e9mon's true level\n|\n|t:|1783534796\n|teamsize|p1|6\n|teamsize|p2|6\n|start\n|switch|p1a: Morpeko|Morpeko, L88, F|100/100\n|switch|p2a: Sinistcha|Sinistcha-Masterpiece, L83|254/254\n|turn|1\n|inactive|Battle timer is ON: inactive players will automatically lose when time's up. (requested by p0y0887b05)\n|inactive|p0x0881d96 also wants the timer to be on.\n|\n|t:|1783534797\n|move|p1a: Morpeko|Knock Off|p2a: Sinistcha\n|-supereffective|p2a: Sinistcha\n|-damage|p2a: Sinistcha|56/254\n|-enditem|p2a: Sinistcha|Leftovers|[from] move: Knock Off|[of] p1a: Morpeko\n|move|p2a: Sinistcha|Calm Mind|p2a: Sinistcha\n|-boost|p2a: Sinistcha|spa|1\n|-boost|p2a: Sinistcha|spd|1\n|\n|-formechange|p1a: Morpeko|Morpeko-Hangry||[from] ability: Hunger Switch\n|upkeep\n|turn|2\n|inactive|Time left: 300 sec this turn | 300 sec total\n|\n|t:|1783534798\n|switch|p2a: Heracross|Heracross, L80, F|259/259\n|move|p1a: Morpeko|Aura Wheel|p2a: Heracross\n|-resisted|p2a: Heracross\n|-damage|p2a: Heracross|187/259\n|-boost|p1a: Morpeko|spe|1\n|\n|-status|p2a: Heracross|brn|[from] item: Flame Orb\n|-formechange|p1a: Morpeko|Morpeko||[from] ability: Hunger Switch\n|upkeep\n|turn|3\n|inactive|Time left: 300 sec this turn | 300 sec total\n|\n|t:|1783534799\n|switch|p2a: Sinistcha|Sinistcha-Masterpiece, L83|56/254\n|-terastallize|p1a: Morpeko|Electric\n|move|p1a: Morpeko|Aura Wheel|p2a: Sinistcha\n|-resisted|p2a: Sinistcha\n|-damage|p2a: Sinistcha|0 fnt\n|-boost|p1a: Morpeko|spe|1\n|faint|p2a: Sinistcha\n|\n|upkeep\n|inactive|Time left: 300 sec this turn | 300 sec total | 5 sec grace\n|\n|t:|1783534800\n|switch|p2a: Talonflame|Talonflame, L83, M|265/265\n|turn|4\n|inactive|Time left: 300 sec this turn | 300 sec total\n|\n|t:|1783534801\n|-terastallize|p2a: Talonflame|Ground\n|move|p1a: Morpeko|Aura Wheel|p2a: Talonflame\n|-immune|p2a: Talonflame\n|move|p2a: Talonflame|Swords Dance|p2a: Talonflame\n|-boost|p2a: Talonflame|atk|2\n|\n|upkeep\n|turn|5\n|inactive|Time left: 300 sec this turn | 300 sec total\n|\n|t:|1783534802\n|switch|p1a: Heatran|Heatran, L79, F|100/100\n|-item|p1a: Heatran|Air Balloon\n|move|p2a: Talonflame|Tera Blast|p1a: Heatran|[anim] Tera Blast Ground\n|-immune|p1a: Heatran\n|\n|upkeep\n|turn|6\n|inactive|Time left: 300 sec this turn | 300 sec total\n|\n|t:|1783534803\n|move|p2a: Talonflame|Brave Bird|p1a: Heatran\n|-resisted|p1a: Heatran\n|-damage|p1a: Heatran|62/100\n|-enditem|p1a: Heatran|Air Balloon\n|-damage|p2a: Talonflame|230/265|[from] Recoil\n|move|p1a: Heatran|Magma Storm|p2a: Talonflame\n|-damage|p2a: Talonflame|74/265\n|-activate|p2a: Talonflame|move: Magma Storm|[of] p1a: Heatran\n|\n|-damage|p2a: Talonflame|41/265|[from] move: Magma Storm|[partiallytrapped]\n|upkeep\n|turn|7\n|inactive|Time left: 300 sec this turn | 300 sec total\n|\n|t:|1783534804\n|switch|p1a: Ursaluna|Ursaluna-Bloodmoon, L79, M|100/100\n|move|p2a: Talonflame|Tera Blast|p1a: Ursaluna|[anim] Tera Blast Ground\n|-damage|p1a: Ursaluna|62/100\n|\n|-heal|p1a: Ursaluna|68/100|[from] item: Leftovers\n|-end|p2a: Talonflame|Magma Storm|[partiallytrapped]|[silent]\n|upkeep\n|turn|8\n|inactive|Time left: 300 sec this turn | 300 sec total\n|\n|t:|1783534805\n|move|p2a: Talonflame|Tera Blast|p1a: Ursaluna|[anim] Tera Blast Ground\n|-damage|p1a: Ursaluna|27/100\n|move|p1a: Ursaluna|Moonlight|p1a: Ursaluna\n|-heal|p1a: Ursaluna|77/100\n|\n|-heal|p1a: Ursaluna|84/100|[from] item: Leftovers\n|upkeep\n|turn|9\n|inactive|Time left: 300 sec this turn | 300 sec total\n|\n|t:|1783534806\n|switch|p2a: Politoed|Politoed, L88, M|302/302\n|-weather|RainDance|[from] ability: Drizzle|[of] p2a: Politoed\n|move|p1a: Ursaluna|Blood Moon|p2a: Politoed\n|-damage|p2a: Politoed|149/302\n|\n|-weather|RainDance|[upkeep]\n|-heal|p1a: Ursaluna|90/100|[from] item: Leftovers\n|upkeep\n|turn|10\n|inactive|Time left: 300 sec this turn | 300 sec total\n|\n|t:|1783534807\n|switch|p1a: Heatran|Heatran, L79, F|62/100\n|move|p2a: Politoed|Weather Ball|p1a: Heatran\n|-supereffective|p1a: Heatran\n|-damage|p1a: Heatran|0 fnt\n|faint|p1a: Heatran\n|\n|-weather|RainDance|[upkeep]\n|upkeep\n|\n|t:|1783534808\n|switch|p1a: Morpeko|Morpeko, L88, F, tera:Electric|100/100\n|turn|11\n|inactive|Time left: 300 sec this turn | 300 sec total\n|\n|t:|1783534809\n|switch|p2a: Talonflame|Talonflame, L83, M, tera:Ground|41/265\n|move|p1a: Morpeko|Aura Wheel|p2a: Talonflame\n|-immune|p2a: Talonflame\n|\n|-weather|RainDance|[upkeep]\n|upkeep\n|turn|12\n|inactive|Time left: 300 sec this turn | 300 sec total\n|\n|t:|1783534810\n|move|p2a: Talonflame|Tera Blast|p1a: Morpeko|[anim] Tera Blast Ground\n|-supereffective|p1a: Morpeko\n|-damage|p1a: Morpeko|19/100\n|move|p1a: Morpeko|Knock Off|p2a: Talonflame\n|-crit|p2a: Talonflame\n|-damage|p2a: Talonflame|0 fnt\n|-enditem|p2a: Talonflame|Heavy-Duty Boots|[from] move: Knock Off|[of] p1a: Morpeko\n|faint|p2a: Talonflame\n|\n|-weather|RainDance|[upkeep]\n|-heal|p1a: Morpeko|25/100|[from] item: Leftovers\n|upkeep\n|inactive|Time left: 300 sec this turn | 300 sec total | 5 sec grace\n|\n|t:|1783534811\n|switch|p2a: Beartic|Beartic, L91, F|321/321\n|turn|13\n|inactive|Time left: 300 sec this turn | 300 sec total\n|\n|t:|1783534812\n|move|p1a: Morpeko|Protect|p1a: Morpeko\n|-singleturn|p1a: Morpeko|Protect\n|move|p2a: Beartic|Aqua Jet|p1a: Morpeko\n|-activate|p1a: Morpeko|move: Protect\n|\n|-weather|none\n|-heal|p1a: Morpeko|31/100|[from] item: Leftovers\n|upkeep\n|turn|14\n|inactive|Time left: 300 sec this turn | 300 sec total\n|\n|t:|1783534813\n|switch|p1a: Passimian|Passimian, L83, F|100/100\n|move|p2a: Beartic|Swords Dance|p2a: Beartic\n|-boost|p2a: Beartic|atk|2\n|\n|upkeep\n|turn|15\n|inactive|Time left: 300 sec this turn | 300 sec total\n|\n|t:|1783534814\n|move|p1a: Passimian|Bulk Up|p1a: Passimian\n|-boost|p1a: Passimian|atk|1\n|-boost|p1a: Passimian|def|1\n|move|p2a: Beartic|Icicle Crash|p1a: Passimian\n|-damage|p1a: Passimian|47/100\n|\n|-heal|p1a: Passimian|53/100|[from] item: Leftovers\n|upkeep\n|turn|16\n|inactive|Time left: 300 sec this turn | 300 sec total\n|\n|t:|1783534815\n|move|p1a: Passimian|Drain Punch|p2a: Beartic\n|-supereffective|p2a: Beartic\n|-crit|p2a: Beartic\n|-damage|p2a: Beartic|0 fnt\n|-heal|p1a: Passimian|100/100|[from] drain|[of] p2a: Beartic\n|faint|p2a: Beartic\n|\n|upkeep\n|inactive|Time left: 300 sec this turn | 300 sec total | 5 sec grace\n|\n|t:|1783534816\n|switch|p2a: Iron Moth|Iron Moth, L78|253/253\n|turn|17\n|inactive|Time left: 300 sec this turn | 300 sec total\n|\n|t:|1783534816\n|move|p2a: Iron Moth|Fiery Dance|p1a: Passimian\n|-damage|p1a: Passimian|56/100\n|move|p1a: Passimian|Knock Off|p2a: Iron Moth\n|-damage|p2a: Iron Moth|77/253\n|-enditem|p2a: Iron Moth|Heavy-Duty Boots|[from] move: Knock Off|[of] p1a: Passimian\n|\n|-heal|p1a: Passimian|62/100|[from] item: Leftovers\n|upkeep\n|turn|18\n|inactive|Time left: 300 sec this turn | 300 sec total\n|\n|t:|1783534817\n|move|p2a: Iron Moth|Sludge Wave|p1a: Passimian\n|-damage|p1a: Passimian|14/100\n|move|p1a: Passimian|Drain Punch|p2a: Iron Moth\n|-resisted|p2a: Iron Moth\n|-damage|p2a: Iron Moth|0 fnt\n|-heal|p1a: Passimian|27/100|[from] drain|[of] p2a: Iron Moth\n|faint|p2a: Iron Moth\n|-end|p2a: Iron Moth|Quark Drive|[silent]\n|\n|-heal|p1a: Passimian|33/100|[from] item: Leftovers\n|upkeep\n|inactive|Time left: 300 sec this turn | 300 sec total | 5 sec grace\n|\n|t:|1783534818\n|switch|p2a: Heracross|Heracross, L80, F|187/259 brn\n|turn|19\n|inactive|Time left: 300 sec this turn | 300 sec total\n|\n|t:|1783534819\n|move|p2a: Heracross|Facade|p1a: Passimian\n|-damage|p1a: Passimian|0 fnt\n|faint|p1a: Passimian\n|\n|-damage|p2a: Heracross|171/259 brn|[from] brn\n|upkeep\n|\n|t:|1783534820\n|switch|p1a: Morpeko|Morpeko, L88, F, tera:Electric|31/100\n|turn|20\n|inactive|Time left: 300 sec this turn | 300 sec total\n|\n|t:|1783534821\n|move|p1a: Morpeko|Aura Wheel|p2a: Heracross\n|-damage|p2a: Heracross|0 fnt\n|-boost|p1a: Morpeko|spe|1\n|faint|p2a: Heracross\n|\n|-heal|p1a: Morpeko|37/100|[from] item: Leftovers\n|upkeep\n|inactive|Time left: 300 sec this turn | 300 sec total | 5 sec grace\n|\n|t:|1783534822\n|switch|p2a: Politoed|Politoed, L88, M|149/302\n|-weather|RainDance|[from] ability: Drizzle|[of] p2a: Politoed\n|turn|21\n|inactive|Time left: 300 sec this turn | 300 sec total\n|\n|t:|1783534823\n|move|p1a: Morpeko|Aura Wheel|p2a: Politoed\n|-supereffective|p2a: Politoed\n|-damage|p2a: Politoed|0 fnt\n|-boost|p1a: Morpeko|spe|1\n|faint|p2a: Politoed\n|\n|win|p0x0881d96", "uploadtime": 1783534823, "views": 0, "rating": 0, "private": 0, "password": null, "_winner": "p0x0881d96", "_our_name": "p0y0887b05"}