{"id": "battle-gen9randombattle-686", "formatid": "gen9randombattle", "format": "[Gen 9] Random Battle", "players": ["p0x6860aea", "p0y6866b20"], "log": "|init|battle\n|title|p0x6860aea vs. p0y6866b20\n|j|\u2606p0x6860aea\n|j|\u2606p0y6866b20\n|t:|1783547078\n|gametype|singles\n|player|p1|p0x6860aea|102|\n|player|p2|p0y6866b20|265|\n|gen|9\n|tier|[Gen 9] Random Battle\n|rule|Species Clause: Limit one of each Pok\u00e9mon\n|rule|HP Percentage Mod: HP is shown in percentages\n|rule|Sleep Clause Mod: Limit one foe put to sleep\n|rule|Illusion Level Mod: Illusion disguises the Pok\u00e9mon's true level\n|\n|t:|1783547078\n|teamsize|p1|6\n|teamsize|p2|6\n|start\n|switch|p1a: Infernape|Infernape, L82, F|100/100\n|switch|p2a: Okidogi|Okidogi, L77, M|262/262\n|turn|1\n|inactive|Battle timer is ON: inactive players will automatically lose when time's up. (requested by p0y6866b20)\n|inactive|p0x6860aea also wants the timer to be on.\n|\n|t:|1783547080\n|switch|p1a: Hydrapple|Hydrapple, L83, F|100/100\n|move|p2a: Okidogi|Gunk Shot|p1a: Hydrapple|[miss]\n|-miss|p2a: Okidogi|p1a: Hydrapple\n|\n|upkeep\n|turn|2\n|inactive|Time left: 300 sec this turn | 300 sec total\n|\n|t:|1783547081\n|move|p2a: Okidogi|Knock Off|p1a: Hydrapple\n|-damage|p1a: Hydrapple|80/100\n|-enditem|p1a: Hydrapple|Life Orb|[from] move: Knock Off|[of] p2a: Okidogi\n|move|p1a: Hydrapple|Nasty Plot|p1a: Hydrapple\n|-boost|p1a: Hydrapple|spa|2\n|\n|upkeep\n|turn|3\n|inactive|Time left: 300 sec this turn | 300 sec total\n|\n|t:|1783547082\n|move|p2a: Okidogi|Gunk Shot|p1a: Hydrapple\n|-supereffective|p1a: Hydrapple\n|-damage|p1a: Hydrapple|14/100\n|-status|p1a: Hydrapple|psn\n|move|p1a: Hydrapple|Earth Power|p2a: Okidogi\n|-supereffective|p2a: Okidogi\n|-damage|p2a: Okidogi|32/262\n|\n|-damage|p1a: Hydrapple|1/100 psn|[from] psn\n|upkeep\n|turn|4\n|inactive|Time left: 300 sec this turn | 300 sec total\n|\n|t:|1783547083\n|move|p2a: Okidogi|Knock Off|p1a: Hydrapple\n|-damage|p1a: Hydrapple|0 fnt\n|faint|p1a: Hydrapple\n|\n|upkeep\n|\n|t:|1783547083\n|switch|p1a: Minior|Minior-Yellow, L79|100/100\n|-formechange|p1a: Minior|Minior-Meteor||[from] ability: Shields Down\n|turn|5\n|inactive|Time left: 300 sec this turn | 300 sec total\n|\n|t:|1783547084\n|switch|p2a: Gyarados|Gyarados, L79, F|280/280\n|-ability|p2a: Gyarados|Intimidate|boost\n|-unboost|p1a: Minior|atk|1\n|-enditem|p1a: Minior|White Herb\n|-clearnegativeboost|p1a: Minior|[silent]\n|move|p1a: Minior|Shell Smash|p1a: Minior\n|-unboost|p1a: Minior|def|1\n|-unboost|p1a: Minior|spd|1\n|-boost|p1a: Minior|atk|2\n|-boost|p1a: Minior|spa|2\n|-boost|p1a: Minior|spe|2\n|\n|upkeep\n|turn|6\n|inactive|Time left: 300 sec this turn | 300 sec total\n|\n|t:|1783547085\n|move|p1a: Minior|Acrobatics|p2a: Gyarados\n|-damage|p2a: Gyarados|103/280\n|move|p2a: Gyarados|Waterfall|p1a: Minior\n|-supereffective|p1a: Minior\n|-damage|p1a: Minior|0 fnt\n|faint|p1a: Minior\n|\n|upkeep\n|\n|t:|1783547086\n|switch|p1a: Bruxish|Bruxish, L85, M|100/100\n|turn|7\n|inactive|Time left: 300 sec this turn | 300 sec total\n|\n|t:|1783547087\n|switch|p2a: Okidogi|Okidogi, L77, M|32/262\n|move|p1a: Bruxish|Psychic Fangs|p2a: Okidogi\n|-supereffective|p2a: Okidogi\n|-damage|p2a: Okidogi|0 fnt\n|faint|p2a: Okidogi\n|-damage|p1a: Bruxish|91/100|[from] item: Life Orb\n|\n|upkeep\n|inactive|Time left: 300 sec this turn | 300 sec total | 5 sec grace\n|\n|t:|1783547088\n|switch|p2a: Maushold|Maushold, L76|238/238\n|turn|8\n|inactive|Time left: 300 sec this turn | 300 sec total\n|\n|t:|1783547089\n|move|p2a: Maushold|Population Bomb|p1a: Bruxish\n|-damage|p1a: Bruxish|80/100\n|-damage|p1a: Bruxish|69/100\n|-crit|p1a: Bruxish\n|-damage|p1a: Bruxish|52/100\n|-damage|p1a: Bruxish|42/100\n|-damage|p1a: Bruxish|32/100\n|-damage|p1a: Bruxish|21/100\n|-damage|p1a: Bruxish|10/100\n|-damage|p1a: Bruxish|0 fnt\n|faint|p1a: Bruxish\n|-hitcount|p1: Bruxish|8\n|\n|upkeep\n|\n|t:|1783547090\n|switch|p1a: Infernape|Infernape, L82, F|100/100\n|turn|9\n|inactive|Time left: 300 sec this turn | 300 sec total\n|\n|t:|1783547091\n|switch|p2a: Gyarados|Gyarados, L79, F|103/280\n|-ability|p2a: Gyarados|Intimidate|boost\n|-unboost|p1a: Infernape|atk|1\n|move|p1a: Infernape|Close Combat|p2a: Gyarados\n|-resisted|p2a: Gyarados\n|-damage|p2a: Gyarados|54/280\n|-unboost|p1a: Infernape|def|1\n|-unboost|p1a: Infernape|spd|1\n|\n|upkeep\n|turn|10\n|inactive|Time left: 300 sec this turn | 300 sec total\n|\n|t:|1783547093\n|switch|p1a: Ludicolo|Ludicolo, L90, F|100/100\n|move|p2a: Gyarados|Dragon Dance|p2a: Gyarados\n|-boost|p2a: Gyarados|atk|1\n|-boost|p2a: Gyarados|spe|1\n|\n|upkeep\n|turn|11\n|inactive|Time left: 300 sec this turn | 300 sec total\n|\n|t:|1783547094\n|-terastallize|p2a: Gyarados|Flying\n|move|p2a: Gyarados|Tera Blast|p1a: Ludicolo|[anim] Tera Blast Flying\n|-supereffective|p1a: Ludicolo\n|-damage|p1a: Ludicolo|0 fnt\n|faint|p1a: Ludicolo\n|\n|upkeep\n|\n|t:|1783547095\n|switch|p1a: Infernape|Infernape, L82, F|100/100\n|turn|12\n|inactive|Time left: 300 sec this turn | 300 sec total\n|\n|t:|1783547096\n|move|p1a: Infernape|Flare Blitz|p2a: Gyarados\n|-damage|p2a: Gyarados|0 fnt\n|faint|p2a: Gyarados\n|-damage|p1a: Infernape|94/100|[from] Recoil\n|\n|upkeep\n|inactive|Time left: 300 sec this turn | 300 sec total | 5 sec grace\n|\n|t:|1783547097\n|switch|p2a: Dudunsparce|Dudunsparce-Three-Segment, L83, M, shiny|343/343\n|turn|13\n|inactive|Time left: 300 sec this turn | 300 sec total\n|\n|t:|1783547099\n|move|p1a: Infernape|Flare Blitz|p2a: Dudunsparce\n|-damage|p2a: Dudunsparce|214/343\n|-damage|p1a: Infernape|77/100|[from] Recoil\n|move|p2a: Dudunsparce|Boomburst|p1a: Infernape\n|-damage|p1a: Infernape|11/100\n|\n|-heal|p2a: Dudunsparce|235/343|[from] item: Leftovers\n|upkeep\n|turn|14\n|inactive|Time left: 300 sec this turn | 300 sec total\n|\n|t:|1783547100\n|move|p1a: Infernape|Flare Blitz|p2a: Dudunsparce\n|-damage|p2a: Dudunsparce|19/343\n|-damage|p1a: Infernape|0 fnt|[from] Recoil\n|faint|p1a: Infernape\n|move|p2a: Dudunsparce|Roost|p2a: Dudunsparce\n|-heal|p2a: Dudunsparce|191/343\n|-singleturn|p2a: Dudunsparce|move: Roost\n|\n|-heal|p2a: Dudunsparce|212/343|[from] item: Leftovers\n|upkeep\n|\n|t:|1783547101\n|switch|p1a: Delphox|Delphox, L84, F|100/100\n|turn|15\n|inactive|Time left: 300 sec this turn | 300 sec total\n|\n|t:|1783547102\n|-terastallize|p1a: Delphox|Grass\n|move|p1a: Delphox|Nasty Plot|p1a: Delphox\n|-boost|p1a: Delphox|spa|2\n|move|p2a: Dudunsparce|Shadow Ball|p1a: Delphox\n|-damage|p1a: Delphox|82/100\n|\n|-heal|p2a: Dudunsparce|233/343|[from] item: Leftovers\n|upkeep\n|turn|16\n|inactive|Time left: 300 sec this turn | 300 sec total\n|\n|t:|1783547104\n|move|p1a: Delphox|Fire Blast|p2a: Dudunsparce\n|-damage|p2a: Dudunsparce|0 fnt\n|faint|p2a: Dudunsparce\n|\n|upkeep\n|inactive|Time left: 300 sec this turn | 300 sec total | 5 sec grace\n|\n|t:|1783547104\n|switch|p2a: Regice|Regice, L88|284/284\n|turn|17\n|inactive|Time left: 300 sec this turn | 300 sec total\n|\n|t:|1783547106\n|move|p1a: Delphox|Fire Blast|p2a: Regice\n|-supereffective|p2a: Regice\n|-damage|p2a: Regice|42/284\n|move|p2a: Regice|Ice Beam|p1a: Delphox\n|-supereffective|p1a: Delphox\n|-damage|p1a: Delphox|7/100\n|\n|upkeep\n|turn|18\n|inactive|Time left: 300 sec this turn | 300 sec total\n|\n|t:|1783547107\n|move|p1a: Delphox|Psyshock|p2a: Regice\n|-damage|p2a: Regice|0 fnt\n|faint|p2a: Regice\n|\n|upkeep\n|inactive|Time left: 300 sec this turn | 300 sec total | 5 sec grace\n|\n|t:|1783547108\n|switch|p2a: Arceus|Arceus-Ground, L70|284/284\n|turn|19\n|inactive|Time left: 300 sec this turn | 300 sec total\n|\n|t:|1783547109\n|move|p2a: Arceus|Extreme Speed|p1a: Delphox\n|-damage|p1a: Delphox|0 fnt\n|faint|p1a: Delphox\n|\n|win|p0y6866b20", "uploadtime": 1783547109, "views": 0, "rating": 0, "private": 0, "password": null, "_winner": "p0y6866b20", "_our_name": "p0y6866b20"}