{"id": "battle-gen9randombattle-2893", "formatid": "gen9randombattle", "format": "[Gen 9] Random Battle", "players": ["p0x289393f8", "p0y289375ba"], "log": "|init|battle\n|title|p0x289393f8 vs. p0y289375ba\n|j|\u2606p0x289393f8\n|j|\u2606p0y289375ba\n|t:|1783573315\n|gametype|singles\n|player|p1|p0x289393f8|102|\n|player|p2|p0y289375ba|265|\n|gen|9\n|tier|[Gen 9] Random Battle\n|rule|Species Clause: Limit one of each Pok\u00e9mon\n|rule|HP Percentage Mod: HP is shown in percentages\n|rule|Sleep Clause Mod: Limit one foe put to sleep\n|rule|Illusion Level Mod: Illusion disguises the Pok\u00e9mon's true level\n|\n|t:|1783573315\n|teamsize|p1|6\n|teamsize|p2|6\n|start\n|switch|p1a: Gardevoir|Gardevoir, L83, M|100/100\n|switch|p2a: Chimecho|Chimecho, L93, M|290/290\n|-ability|p1a: Gardevoir|Levitate|Trace|[from] ability: Trace|[of] p2a: Chimecho\n|turn|1\n|inactive|Battle timer is ON: inactive players will automatically lose when time's up. (requested by p0y289375ba)\n|\n|t:|1783573317\n|move|p1a: Gardevoir|Mystical Fire|p2a: Chimecho\n|-damage|p2a: Chimecho|236/290\n|-unboost|p2a: Chimecho|spa|1\n|move|p2a: Chimecho|Psyshock|p1a: Gardevoir\n|-resisted|p1a: Gardevoir\n|-damage|p1a: Gardevoir|82/100\n|\n|-heal|p2a: Chimecho|254/290|[from] item: Leftovers\n|upkeep\n|turn|2\n|inactive|Time left: 300 sec this turn | 300 sec total\n|inactive|p0x289393f8 also wants the timer to be on.\n|\n|t:|1783573318\n|move|p1a: Gardevoir|Mystical Fire|p2a: Chimecho\n|-crit|p2a: Chimecho\n|-damage|p2a: Chimecho|166/290\n|-unboost|p2a: Chimecho|spa|1\n|move|p2a: Chimecho|Calm Mind|p2a: Chimecho\n|-boost|p2a: Chimecho|spa|1\n|-boost|p2a: Chimecho|spd|1\n|\n|-heal|p2a: Chimecho|184/290|[from] item: Leftovers\n|upkeep\n|turn|3\n|inactive|Time left: 300 sec this turn | 300 sec total\n|\n|t:|1783573319\n|move|p1a: Gardevoir|Mystical Fire|p2a: Chimecho\n|-damage|p2a: Chimecho|146/290\n|-unboost|p2a: Chimecho|spa|1\n|move|p2a: Chimecho|Calm Mind|p2a: Chimecho\n|-boost|p2a: Chimecho|spa|1\n|-boost|p2a: Chimecho|spd|1\n|\n|-heal|p2a: Chimecho|164/290|[from] item: Leftovers\n|upkeep\n|turn|4\n|inactive|Time left: 300 sec this turn | 300 sec total\n|\n|t:|1783573320\n|switch|p1a: Conkeldurr|Conkeldurr, L80, F|100/100\n|move|p2a: Chimecho|Calm Mind|p2a: Chimecho\n|-boost|p2a: Chimecho|spa|1\n|-boost|p2a: Chimecho|spd|1\n|\n|-heal|p2a: Chimecho|182/290|[from] item: Leftovers\n|-status|p1a: Conkeldurr|brn|[from] item: Flame Orb\n|upkeep\n|turn|5\n|inactive|Time left: 300 sec this turn | 300 sec total\n|\n|t:|1783573321\n|move|p2a: Chimecho|Psyshock|p1a: Conkeldurr\n|-supereffective|p1a: Conkeldurr\n|-damage|p1a: Conkeldurr|28/100 brn\n|move|p1a: Conkeldurr|Knock Off|p2a: Chimecho\n|-supereffective|p2a: Chimecho\n|-damage|p2a: Chimecho|0 fnt\n|-enditem|p2a: Chimecho|Leftovers|[from] move: Knock Off|[of] p1a: Conkeldurr\n|faint|p2a: Chimecho\n|\n|-damage|p1a: Conkeldurr|22/100 brn|[from] brn\n|upkeep\n|inactive|Time left: 300 sec this turn | 300 sec total | 5 sec grace\n|\n|t:|1783573322\n|switch|p2a: Dragalge|Dragalge, L88, M|258/258\n|turn|6\n|inactive|Time left: 300 sec this turn | 300 sec total\n|\n|t:|1783573323\n|switch|p1a: Crabominable|Crabominable, L90, F|100/100\n|move|p2a: Dragalge|Sludge Wave|p1a: Crabominable\n|-damage|p1a: Crabominable|46/100\n|\n|upkeep\n|turn|7\n|inactive|Time left: 300 sec this turn | 300 sec total\n|\n|t:|1783573324\n|switch|p2a: Tinkaton|Tinkaton, L82, F|274/274\n|-ability|p2a: Tinkaton|Mold Breaker\n|move|p1a: Crabominable|Ice Hammer|p2a: Tinkaton|[miss]\n|-miss|p1a: Crabominable|p2a: Tinkaton\n|\n|upkeep\n|turn|8\n|inactive|Time left: 300 sec this turn | 300 sec total\n|\n|t:|1783573325\n|switch|p1a: Komala|Komala, L87, F|100/100\n|-ability|p1a: Komala|Comatose\n|move|p2a: Tinkaton|Gigaton Hammer|p1a: Komala\n|-crit|p1a: Komala\n|-damage|p1a: Komala|14/100\n|\n|upkeep\n|turn|9\n|inactive|Time left: 300 sec this turn | 300 sec total\n|\n|t:|1783573326\n|switch|p1a: Gardevoir|Gardevoir, L83, M|82/100\n|-ability|p1a: Gardevoir|Mold Breaker|Trace|[from] ability: Trace|[of] p2a: Tinkaton\n|-ability|p1a: Gardevoir|Mold Breaker\n|move|p2a: Tinkaton|Play Rough|p1a: Gardevoir\n|-damage|p1a: Gardevoir|45/100\n|\n|upkeep\n|turn|10\n|inactive|Time left: 300 sec this turn | 300 sec total\n|\n|t:|1783573328\n|move|p1a: Gardevoir|Mystical Fire|p2a: Tinkaton\n|-supereffective|p2a: Tinkaton\n|-crit|p2a: Tinkaton\n|-damage|p2a: Tinkaton|104/274\n|-unboost|p2a: Tinkaton|spa|1\n|move|p2a: Tinkaton|Gigaton Hammer|p1a: Gardevoir\n|-supereffective|p1a: Gardevoir\n|-damage|p1a: Gardevoir|0 fnt\n|faint|p1a: Gardevoir\n|\n|-heal|p2a: Tinkaton|121/274|[from] item: Leftovers\n|upkeep\n|\n|t:|1783573329\n|switch|p1a: Crabominable|Crabominable, L90, F|46/100\n|turn|11\n|inactive|Time left: 300 sec this turn | 300 sec total\n|\n|t:|1783573330\n|-terastallize|p1a: Crabominable|Ground\n|move|p2a: Tinkaton|Play Rough|p1a: Crabominable\n|-damage|p1a: Crabominable|22/100\n|move|p1a: Crabominable|Drain Punch|p2a: Tinkaton\n|-damage|p2a: Tinkaton|0 fnt\n|-heal|p1a: Crabominable|41/100|[from] drain|[of] p2a: Tinkaton\n|faint|p2a: Tinkaton\n|\n|upkeep\n|inactive|Time left: 300 sec this turn | 300 sec total | 5 sec grace\n|\n|t:|1783573331\n|switch|p2a: Tatsugiri|Tatsugiri, L87, F|260/260\n|turn|12\n|inactive|Time left: 300 sec this turn | 300 sec total\n|\n|t:|1783573332\n|move|p2a: Tatsugiri|Surf|p1a: Crabominable\n|-supereffective|p1a: Crabominable\n|-damage|p1a: Crabominable|0 fnt\n|faint|p1a: Crabominable\n|\n|upkeep\n|\n|t:|1783573333\n|switch|p1a: Tauros|Tauros, L82, M|100/100\n|turn|13\n|inactive|Time left: 300 sec this turn | 300 sec total\n|\n|t:|1783573334\n|move|p1a: Tauros|Body Slam|p2a: Tatsugiri\n|-damage|p2a: Tatsugiri|56/260\n|move|p2a: Tatsugiri|Draco Meteor|p1a: Tauros\n|-crit|p1a: Tauros\n|-damage|p1a: Tauros|0 fnt\n|-unboost|p2a: Tatsugiri|spa|2\n|faint|p1a: Tauros\n|\n|upkeep\n|\n|t:|1783573335\n|switch|p1a: Komala|Komala, L87, F|14/100\n|-ability|p1a: Komala|Comatose\n|turn|14\n|inactive|Time left: 300 sec this turn | 300 sec total\n|\n|t:|1783573336\n|move|p2a: Tatsugiri|Draco Meteor|p1a: Komala\n|-damage|p1a: Komala|0 fnt\n|-unboost|p2a: Tatsugiri|spa|2\n|faint|p1a: Komala\n|\n|upkeep\n|\n|t:|1783573336\n|switch|p1a: Noivern|Noivern, L82, F|100/100\n|turn|15\n|inactive|Time left: 300 sec this turn | 300 sec total\n|\n|t:|1783573337\n|switch|p2a: Slowking|Slowking-Galar, L85, F|300/300\n|move|p1a: Noivern|Hurricane|p2a: Slowking\n|-damage|p2a: Slowking|234/300\n|\n|upkeep\n|turn|16\n|inactive|Time left: 300 sec this turn | 300 sec total\n|\n|t:|1783573338\n|move|p1a: Noivern|Hurricane|p2a: Slowking|[miss]\n|-miss|p1a: Noivern|p2a: Slowking\n|move|p2a: Slowking|Sludge Bomb|p1a: Noivern\n|-crit|p1a: Noivern\n|-damage|p1a: Noivern|33/100\n|-status|p1a: Noivern|psn\n|\n|-damage|p1a: Noivern|21/100 psn|[from] psn\n|upkeep\n|turn|17\n|inactive|Time left: 300 sec this turn | 300 sec total\n|\n|t:|1783573339\n|move|p1a: Noivern|Roost|p1a: Noivern\n|-heal|p1a: Noivern|71/100 psn\n|-singleturn|p1a: Noivern|move: Roost\n|move|p2a: Slowking|Future Sight|p1a: Noivern\n|-start|p2a: Slowking|move: Future Sight\n|\n|-damage|p1a: Noivern|59/100 psn|[from] psn\n|upkeep\n|turn|18\n|inactive|Time left: 300 sec this turn | 300 sec total\n|\n|t:|1783573339\n|move|p1a: Noivern|Hurricane|p2a: Slowking|[miss]\n|-miss|p1a: Noivern|p2a: Slowking\n|move|p2a: Slowking|Psychic Noise|p1a: Noivern\n|-damage|p1a: Noivern|20/100 psn\n|-start|p1a: Noivern|move: Heal Block\n|\n|-damage|p1a: Noivern|7/100 psn|[from] psn\n|upkeep\n|turn|19\n|inactive|Time left: 300 sec this turn | 300 sec total\n|\n|t:|1783573340\n|switch|p2a: Dragalge|Dragalge, L88, M|258/258\n|move|p1a: Noivern|Hurricane|p2a: Dragalge\n|-damage|p2a: Dragalge|173/258\n|\n|-end|p1a: Noivern|move: Future Sight\n|-damage|p1a: Noivern|0 fnt\n|faint|p1a: Noivern\n|-heal|p2a: Dragalge|189/258|[from] item: Leftovers\n|upkeep\n|\n|t:|1783573341\n|switch|p1a: Conkeldurr|Conkeldurr, L80, F|22/100 brn\n|turn|20\n|inactive|Time left: 300 sec this turn | 300 sec total\n|\n|t:|1783573341\n|move|p2a: Dragalge|Sludge Wave|p1a: Conkeldurr\n|-crit|p1a: Conkeldurr\n|-damage|p1a: Conkeldurr|0 fnt\n|faint|p1a: Conkeldurr\n|\n|win|p0y289375ba", "uploadtime": 1783573341, "views": 0, "rating": 0, "private": 0, "password": null, "_winner": "p0y289375ba", "_our_name": "p0y289375ba"}