{"id": "battle-gen9randombattle-1576", "formatid": "gen9randombattle", "format": "[Gen 9] Random Battle", "players": ["p0x1576a2d4", "p0y15760fba"], "log": "|init|battle\n|title|p0x1576a2d4 vs. p0y15760fba\n|j|\u2606p0x1576a2d4\n|j|\u2606p0y15760fba\n|t:|1783558253\n|gametype|singles\n|player|p1|p0x1576a2d4|1|\n|player|p2|p0y15760fba|101|\n|gen|9\n|tier|[Gen 9] Random Battle\n|rule|Species Clause: Limit one of each Pok\u00e9mon\n|rule|HP Percentage Mod: HP is shown in percentages\n|rule|Sleep Clause Mod: Limit one foe put to sleep\n|rule|Illusion Level Mod: Illusion disguises the Pok\u00e9mon's true level\n|\n|t:|1783558253\n|teamsize|p1|6\n|teamsize|p2|6\n|start\n|switch|p1a: Golduck|Golduck, L90, F|290/290\n|switch|p2a: Amoonguss|Amoonguss, L82, M|100/100\n|-ability|p1a: Golduck|Cloud Nine\n|turn|1\n|inactive|Battle timer is ON: inactive players will automatically lose when time's up. (requested by p0y15760fba)\n|inactive|Time left: 300 sec this turn | 300 sec total | 60 sec grace\n|inactive|p0x1576a2d4 also wants the timer to be on.\n|\n|t:|1783558254\n|move|p1a: Golduck|Nasty Plot|p1a: Golduck\n|-boost|p1a: Golduck|spa|2\n|move|p2a: Amoonguss|Giga Drain|p1a: Golduck\n|-supereffective|p1a: Golduck\n|-damage|p1a: Golduck|144/290\n|\n|upkeep\n|turn|2\n|inactive|Time left: 300 sec this turn | 300 sec total\n|\n|t:|1783558255\n|-terastallize|p2a: Amoonguss|Water\n|move|p1a: Golduck|Ice Beam|p2a: Amoonguss\n|-resisted|p2a: Amoonguss\n|-damage|p2a: Amoonguss|67/100\n|-status|p2a: Amoonguss|frz\n|-damage|p1a: Golduck|115/290|[from] item: Life Orb\n|cant|p2a: Amoonguss|frz\n|\n|-heal|p2a: Amoonguss|73/100 frz|[from] item: Leftovers\n|upkeep\n|turn|3\n|inactive|Time left: 300 sec this turn | 300 sec total\n|\n|t:|1783558256\n|move|p1a: Golduck|Hydro Pump|p2a: Amoonguss\n|-resisted|p2a: Amoonguss\n|-damage|p2a: Amoonguss|10/100 frz\n|-damage|p1a: Golduck|86/290|[from] item: Life Orb\n|cant|p2a: Amoonguss|frz\n|\n|-heal|p2a: Amoonguss|17/100 frz|[from] item: Leftovers\n|upkeep\n|turn|4\n|inactive|Time left: 300 sec this turn | 300 sec total\n|\n|t:|1783558257\n|move|p1a: Golduck|Hydro Pump|p2a: Amoonguss\n|-resisted|p2a: Amoonguss\n|-damage|p2a: Amoonguss|0 fnt\n|faint|p2a: Amoonguss\n|-damage|p1a: Golduck|57/290|[from] item: Life Orb\n|\n|upkeep\n|\n|t:|1783558258\n|switch|p2a: Iron Bundle|Iron Bundle, L78|100/100\n|turn|5\n|inactive|Time left: 300 sec this turn | 300 sec total\n|\n|t:|1783558259\n|switch|p1a: Slaking|Slaking, L84, M|389/389\n|move|p2a: Iron Bundle|Freeze-Dry|p1a: Slaking\n|-damage|p1a: Slaking|284/389\n|\n|upkeep\n|turn|6\n|inactive|Time left: 300 sec this turn | 300 sec total\n|\n|t:|1783558260\n|-end|p2a: Iron Bundle|Quark Drive|[silent]\n|switch|p2a: Granbull|Granbull, L88, M|100/100\n|-ability|p2a: Granbull|Intimidate|boost\n|-unboost|p1a: Slaking|atk|1\n|move|p1a: Slaking|Giga Impact|p2a: Granbull|[miss]\n|-miss|p1a: Slaking|p2a: Granbull\n|\n|upkeep\n|turn|7\n|inactive|Time left: 300 sec this turn | 300 sec total\n|\n|t:|1783558261\n|switch|p1a: Sunflora|Sunflora, M|312/312\n|move|p2a: Granbull|Play Rough|p1a: Sunflora|[miss]\n|-miss|p2a: Granbull|p1a: Sunflora\n|\n|upkeep\n|turn|8\n|inactive|Time left: 300 sec this turn | 300 sec total\n|\n|t:|1783558262\n|move|p2a: Granbull|Play Rough|p1a: Sunflora\n|-damage|p1a: Sunflora|174/312\n|move|p1a: Sunflora|Sludge Bomb|p2a: Granbull\n|-supereffective|p2a: Granbull\n|-damage|p2a: Granbull|0 fnt\n|faint|p2a: Granbull\n|\n|upkeep\n|\n|t:|1783558263\n|switch|p2a: Crabominable|Crabominable, L90, M|100/100\n|turn|9\n|inactive|Time left: 300 sec this turn | 300 sec total\n|\n|t:|1783558264\n|switch|p1a: Slaking|Slaking, L84, M|284/389\n|move|p2a: Crabominable|Knock Off|p1a: Slaking\n|-damage|p1a: Slaking|143/389\n|-enditem|p1a: Slaking|Choice Band|[from] move: Knock Off|[of] p2a: Crabominable\n|\n|upkeep\n|turn|10\n|inactive|Time left: 300 sec this turn | 300 sec total\n|\n|t:|1783558265\n|move|p1a: Slaking|Giga Impact|p2a: Crabominable\n|-damage|p2a: Crabominable|25/100\n|-mustrecharge|p1a: Slaking\n|move|p2a: Crabominable|Knock Off|p1a: Slaking\n|-damage|p1a: Slaking|46/389\n|\n|upkeep\n|turn|11\n|inactive|Time left: 300 sec this turn | 300 sec total\n|\n|t:|1783558267\n|cant|p1a: Slaking|recharge\n|move|p2a: Crabominable|Knock Off|p1a: Slaking\n|-damage|p1a: Slaking|0 fnt\n|faint|p1a: Slaking\n|\n|upkeep\n|inactive|Time left: 300 sec this turn | 300 sec total | 5 sec grace\n|\n|t:|1783558268\n|switch|p1a: Garchomp|Garchomp, L74, F|282/282\n|turn|12\n|inactive|Time left: 300 sec this turn | 300 sec total\n|\n|t:|1783558269\n|move|p1a: Garchomp|Earthquake|p2a: Crabominable\n|-crit|p2a: Crabominable\n|-damage|p2a: Crabominable|0 fnt\n|faint|p2a: Crabominable\n|\n|upkeep\n|\n|t:|1783558270\n|switch|p2a: Iron Bundle|Iron Bundle, L78|100/100\n|turn|13\n|inactive|Time left: 300 sec this turn | 300 sec total\n|\n|t:|1783558271\n|switch|p1a: Kingambit|Kingambit, L74, M|270/270\n|-activate|p1a: Kingambit|ability: Supreme Overlord\n|-start|p1a: Kingambit|fallen1|[silent]\n|move|p2a: Iron Bundle|Ice Beam|p1a: Kingambit\n|-resisted|p1a: Kingambit\n|-damage|p1a: Kingambit|210/270\n|\n|-heal|p1a: Kingambit|226/270|[from] item: Leftovers\n|upkeep\n|turn|14\n|inactive|Time left: 300 sec this turn | 300 sec total\n|\n|t:|1783558272\n|move|p2a: Iron Bundle|Hydro Pump|p1a: Kingambit\n|-damage|p1a: Kingambit|85/270\n|move|p1a: Kingambit|Kowtow Cleave|p2a: Iron Bundle\n|-damage|p2a: Iron Bundle|56/100\n|\n|-heal|p1a: Kingambit|101/270|[from] item: Leftovers\n|upkeep\n|turn|15\n|inactive|Time left: 300 sec this turn | 300 sec total\n|\n|t:|1783558273\n|move|p2a: Iron Bundle|Hydro Pump|p1a: Kingambit\n|-damage|p1a: Kingambit|0 fnt\n|faint|p1a: Kingambit\n|-end|p1a: Kingambit|fallen1|[silent]\n|\n|upkeep\n|inactive|Time left: 300 sec this turn | 300 sec total | 5 sec grace\n|\n|t:|1783558274\n|switch|p1a: Sunflora|Sunflora, M|174/312\n|turn|16\n|inactive|Time left: 300 sec this turn | 300 sec total\n|\n|t:|1783558275\n|-terastallize|p1a: Sunflora|Poison\n|move|p2a: Iron Bundle|Ice Beam|p1a: Sunflora\n|-damage|p1a: Sunflora|93/312\n|move|p1a: Sunflora|Sludge Bomb|p2a: Iron Bundle\n|-damage|p2a: Iron Bundle|0 fnt\n|faint|p2a: Iron Bundle\n|-end|p2a: Iron Bundle|Quark Drive|[silent]\n|\n|upkeep\n|\n|t:|1783558276\n|switch|p2a: Pincurchin|Pincurchin, F|100/100\n|-fieldstart|move: Electric Terrain|[from] ability: Electric Surge|[of] p2a: Pincurchin\n|turn|17\n|inactive|Time left: 300 sec this turn | 300 sec total\n|\n|t:|1783558277\n|move|p1a: Sunflora|Sludge Bomb|p2a: Pincurchin\n|-damage|p2a: Pincurchin|22/100\n|-status|p2a: Pincurchin|psn\n|move|p2a: Pincurchin|Zing Zap|p1a: Sunflora\n|-damage|p1a: Sunflora|0 fnt\n|faint|p1a: Sunflora\n|\n|-heal|p2a: Pincurchin|28/100 psn|[from] item: Leftovers\n|-damage|p2a: Pincurchin|16/100 psn|[from] psn\n|upkeep\n|inactive|Time left: 300 sec this turn | 300 sec total | 5 sec grace\n|\n|t:|1783558278\n|switch|p1a: Garchomp|Garchomp, L74, F|282/282\n|turn|18\n|inactive|Time left: 300 sec this turn | 300 sec total\n|\n|t:|1783558279\n|switch|p2a: Scream Tail|Scream Tail, L84|100/100\n|move|p1a: Garchomp|Swords Dance|p1a: Garchomp\n|-boost|p1a: Garchomp|atk|2\n|\n|upkeep\n|turn|19\n|inactive|Time left: 300 sec this turn | 300 sec total\n|\n|t:|1783558280\n|switch|p1a: Quagsire|Quagsire, L84, F|297/297\n|move|p2a: Scream Tail|Play Rough|p1a: Quagsire\n|-damage|p1a: Quagsire|221/297\n|\n|-heal|p1a: Quagsire|239/297|[from] item: Leftovers\n|upkeep\n|turn|20\n|inactive|Time left: 300 sec this turn | 300 sec total\n|\n|t:|1783558281\n|move|p2a: Scream Tail|Play Rough|p1a: Quagsire|[miss]\n|-miss|p2a: Scream Tail|p1a: Quagsire\n|move|p1a: Quagsire|Toxic|p2a: Scream Tail\n|-status|p2a: Scream Tail|tox\n|\n|-heal|p1a: Quagsire|257/297|[from] item: Leftovers\n|-damage|p2a: Scream Tail|94/100 tox|[from] psn\n|upkeep\n|turn|21\n|inactive|Time left: 300 sec this turn | 300 sec total\n|\n|t:|1783558282\n|move|p2a: Scream Tail|Play Rough|p1a: Quagsire\n|-damage|p1a: Quagsire|181/297\n|move|p1a: Quagsire|Spikes|p2a: Scream Tail\n|-sidestart|p2: p0y15760fba|Spikes\n|\n|-heal|p2a: Scream Tail|100/100 tox|[from] item: Leftovers\n|-heal|p1a: Quagsire|199/297|[from] item: Leftovers\n|-damage|p2a: Scream Tail|88/100 tox|[from] psn\n|-fieldend|move: Electric Terrain\n|upkeep\n|turn|22\n|inactive|Time left: 300 sec this turn | 300 sec total\n|\n|t:|1783558283\n|move|p2a: Scream Tail|Play Rough|p1a: Quagsire\n|-damage|p1a: Quagsire|132/297\n|move|p1a: Quagsire|Spikes|p2a: Scream Tail\n|-sidestart|p2: p0y15760fba|Spikes\n|\n|-heal|p2a: Scream Tail|94/100 tox|[from] item: Leftovers\n|-heal|p1a: Quagsire|150/297|[from] item: Leftovers\n|-damage|p2a: Scream Tail|76/100 tox|[from] psn\n|upkeep\n|turn|23\n|inactive|Time left: 300 sec this turn | 300 sec total\n|\n|t:|1783558284\n|move|p2a: Scream Tail|Wish|p2a: Scream Tail\n|move|p1a: Quagsire|Earthquake|p2a: Scream Tail\n|-damage|p2a: Scream Tail|48/100 tox\n|\n|-heal|p2a: Scream Tail|54/100 tox|[from] item: Leftovers\n|-heal|p1a: Quagsire|168/297|[from] item: Leftovers\n|-damage|p2a: Scream Tail|30/100 tox|[from] psn\n|upkeep\n|turn|24\n|inactive|Time left: 300 sec this turn | 300 sec total\n|\n|t:|1783558285\n|move|p2a: Scream Tail|Protect|p2a: Scream Tail\n|-singleturn|p2a: Scream Tail|Protect\n|move|p1a: Quagsire|Earthquake|p2a: Scream Tail\n|-activate|p2a: Scream Tail|move: Protect\n|\n|-heal|p2a: Scream Tail|80/100 tox|[from] move: Wish|[wisher] Scream Tail\n|-heal|p2a: Scream Tail|86/100 tox|[from] item: Leftovers\n|-heal|p1a: Quagsire|186/297|[from] item: Leftovers\n|-damage|p2a: Scream Tail|56/100 tox|[from] psn\n|upkeep\n|turn|25\n|inactive|Time left: 300 sec this turn | 300 sec total\n|\n|t:|1783558286\n|-end|p2a: Scream Tail|Protosynthesis|[silent]\n|switch|p2a: Pincurchin|Pincurchin, F|16/100 psn\n|-damage|p2a: Pincurchin|0 fnt|[from] Spikes\n|faint|p2a: Pincurchin\n|move|p1a: Quagsire|Earthquake|p2: Pincurchin|[notarget]\n|-fail|p1a: Quagsire\n|\n|-heal|p1a: Quagsire|204/297|[from] item: Leftovers\n|upkeep\n|\n|t:|1783558286\n|switch|p2a: Scream Tail|Scream Tail, L84|56/100 tox\n|-damage|p2a: Scream Tail|39/100 tox|[from] Spikes\n|turn|26\n|inactive|Time left: 300 sec this turn | 300 sec total\n|\n|t:|1783558287\n|move|p2a: Scream Tail|Wish|p2a: Scream Tail\n|move|p1a: Quagsire|Earthquake|p2a: Scream Tail\n|-damage|p2a: Scream Tail|11/100 tox\n|\n|-heal|p2a: Scream Tail|17/100 tox|[from] item: Leftovers\n|-heal|p1a: Quagsire|222/297|[from] item: Leftovers\n|-damage|p2a: Scream Tail|11/100 tox|[from] psn\n|upkeep\n|turn|27\n|inactive|Time left: 300 sec this turn | 300 sec total\n|\n|t:|1783558288\n|move|p2a: Scream Tail|Protect|p2a: Scream Tail\n|-singleturn|p2a: Scream Tail|Protect\n|move|p1a: Quagsire|Earthquake|p2a: Scream Tail\n|-activate|p2a: Scream Tail|move: Protect\n|\n|-heal|p2a: Scream Tail|61/100 tox|[from] move: Wish|[wisher] Scream Tail\n|-heal|p2a: Scream Tail|67/100 tox|[from] item: Leftovers\n|-heal|p1a: Quagsire|240/297|[from] item: Leftovers\n|-damage|p2a: Scream Tail|55/100 tox|[from] psn\n|upkeep\n|turn|28\n|inactive|Time left: 300 sec this turn | 300 sec total\n|\n|t:|1783558289\n|move|p2a: Scream Tail|Wish|p2a: Scream Tail\n|move|p1a: Quagsire|Earthquake|p2a: Scream Tail\n|-damage|p2a: Scream Tail|30/100 tox\n|\n|-heal|p2a: Scream Tail|36/100 tox|[from] item: Leftovers\n|-heal|p1a: Quagsire|258/297|[from] item: Leftovers\n|-damage|p2a: Scream Tail|18/100 tox|[from] psn\n|upkeep\n|turn|29\n|inactive|Time left: 300 sec this turn | 300 sec total\n|\n|t:|1783558290\n|move|p2a: Scream Tail|Protect|p2a: Scream Tail\n|-singleturn|p2a: Scream Tail|Protect\n|move|p1a: Quagsire|Earthquake|p2a: Scream Tail\n|-activate|p2a: Scream Tail|move: Protect\n|\n|-heal|p2a: Scream Tail|68/100 tox|[from] move: Wish|[wisher] Scream Tail\n|-heal|p2a: Scream Tail|74/100 tox|[from] item: Leftovers\n|-heal|p1a: Quagsire|276/297|[from] item: Leftovers\n|-damage|p2a: Scream Tail|50/100 tox|[from] psn\n|upkeep\n|turn|30\n|inactive|Time left: 300 sec this turn | 300 sec total\n|\n|t:|1783558290\n|switch|p1a: Golduck|Golduck, L90, F|57/290\n|-ability|p1a: Golduck|Cloud Nine\n|move|p2a: Scream Tail|Wish|p2a: Scream Tail\n|\n|-heal|p2a: Scream Tail|56/100 tox|[from] item: Leftovers\n|-damage|p2a: Scream Tail|25/100 tox|[from] psn\n|upkeep\n|turn|31\n|inactive|Time left: 300 sec this turn | 300 sec total\n|\n|t:|1783558291\n|move|p2a: Scream Tail|Wish||[still]\n|-fail|p2a: Scream Tail\n|move|p1a: Golduck|Hydro Pump|p2a: Scream Tail\n|-damage|p2a: Scream Tail|0 fnt\n|faint|p2a: Scream Tail\n|-end|p2a: Scream Tail|Protosynthesis|[silent]\n|-damage|p1a: Golduck|28/290|[from] item: Life Orb\n|\n|win|p0x1576a2d4", "uploadtime": 1783558291, "views": 0, "rating": 0, "private": 0, "password": null, "_winner": "p0x1576a2d4", "_our_name": "p0x1576a2d4"}