{"id": "battle-gen9randombattle-965", "formatid": "gen9randombattle", "format": "[Gen 9] Random Battle", "players": ["p0x9653032", "p0y9658bd2"], "log": "|init|battle\n|title|p0x9653032 vs. p0y9658bd2\n|j|\u2606p0x9653032\n|j|\u2606p0y9658bd2\n|t:|1783551080\n|gametype|singles\n|player|p1|p0x9653032|2|\n|player|p2|p0y9658bd2|170|\n|gen|9\n|tier|[Gen 9] Random Battle\n|rule|Species Clause: Limit one of each Pok\u00e9mon\n|rule|HP Percentage Mod: HP is shown in percentages\n|rule|Sleep Clause Mod: Limit one foe put to sleep\n|rule|Illusion Level Mod: Illusion disguises the Pok\u00e9mon's true level\n|\n|t:|1783551080\n|teamsize|p1|6\n|teamsize|p2|6\n|start\n|switch|p1a: Regigigas|Regigigas, L84|100/100\n|switch|p2a: Mandibuzz|Mandibuzz, L85, F|326/326\n|-start|p1a: Regigigas|ability: Slow Start\n|turn|1\n|inactive|Battle timer is ON: inactive players will automatically lose when time's up. (requested by p0y9658bd2)\n|inactive|p0x9653032 also wants the timer to be on.\n|\n|t:|1783551082\n|move|p2a: Mandibuzz|Foul Play|p1a: Regigigas\n|-damage|p1a: Regigigas|63/100\n|move|p1a: Regigigas|Knock Off|p2a: Mandibuzz\n|-resisted|p2a: Mandibuzz\n|-damage|p2a: Mandibuzz|303/326\n|-enditem|p2a: Mandibuzz|Heavy-Duty Boots|[from] move: Knock Off|[of] p1a: Regigigas\n|\n|-heal|p1a: Regigigas|69/100|[from] item: Leftovers\n|upkeep\n|turn|2\n|inactive|Time left: 300 sec this turn | 300 sec total\n|\n|t:|1783551083\n|move|p2a: Mandibuzz|Foul Play|p1a: Regigigas\n|-damage|p1a: Regigigas|27/100\n|move|p1a: Regigigas|Body Slam|p2a: Mandibuzz\n|-damage|p2a: Mandibuzz|246/326\n|\n|-heal|p1a: Regigigas|33/100|[from] item: Leftovers\n|upkeep\n|turn|3\n|inactive|Time left: 300 sec this turn | 300 sec total\n|\n|t:|1783551084\n|switch|p1a: Toxapex|Toxapex, L82, F|100/100\n|move|p2a: Mandibuzz|Foul Play|p1a: Toxapex\n|-crit|p1a: Toxapex\n|-damage|p1a: Toxapex|68/100\n|-damage|p2a: Mandibuzz|192/326|[from] item: Rocky Helmet|[of] p1a: Toxapex\n|\n|upkeep\n|turn|4\n|inactive|Time left: 300 sec this turn | 300 sec total\n|\n|t:|1783551085\n|move|p2a: Mandibuzz|Roost|p2a: Mandibuzz\n|-heal|p2a: Mandibuzz|326/326\n|-singleturn|p2a: Mandibuzz|move: Roost\n|move|p1a: Toxapex|Toxic Spikes|p2a: Mandibuzz\n|-sidestart|p2: p0y9658bd2|move: Toxic Spikes\n|\n|upkeep\n|turn|5\n|inactive|Time left: 300 sec this turn | 300 sec total\n|\n|t:|1783551086\n|switch|p2a: Toxicroak|Toxicroak, L84, F|277/277\n|-sideend|p2: p0y9658bd2|move: Toxic Spikes|[of] p2a: Toxicroak\n|move|p1a: Toxapex|Toxic Spikes|p2a: Toxicroak\n|-sidestart|p2: p0y9658bd2|move: Toxic Spikes\n|\n|upkeep\n|turn|6\n|inactive|Time left: 300 sec this turn | 300 sec total\n|\n|t:|1783551088\n|switch|p1a: Ariados|Ariados, L95, M|100/100\n|move|p2a: Toxicroak|Swords Dance|p2a: Toxicroak\n|-boost|p2a: Toxicroak|atk|2\n|\n|upkeep\n|turn|7\n|inactive|Time left: 300 sec this turn | 300 sec total\n|\n|t:|1783551089\n|-terastallize|p2a: Toxicroak|Ground\n|move|p2a: Toxicroak|Earthquake|p1a: Ariados\n|-damage|p1a: Ariados|0 fnt\n|faint|p1a: Ariados\n|-damage|p2a: Toxicroak|250/277|[from] item: Life Orb\n|\n|upkeep\n|\n|t:|1783551090\n|switch|p1a: Tornadus|Tornadus, L82, M|100/100\n|turn|8\n|inactive|Time left: 300 sec this turn | 300 sec total\n|\n|t:|1783551091\n|move|p1a: Tornadus|Heat Wave|p2a: Toxicroak\n|-damage|p2a: Toxicroak|129/277\n|move|p2a: Toxicroak|Gunk Shot|p1a: Tornadus\n|-damage|p1a: Tornadus|0 fnt\n|faint|p1a: Tornadus\n|-damage|p2a: Toxicroak|102/277|[from] item: Life Orb\n|\n|upkeep\n|\n|t:|1783551092\n|switch|p1a: Cyclizar|Cyclizar, L84, F|100/100\n|turn|9\n|inactive|Time left: 300 sec this turn | 300 sec total\n|\n|t:|1783551093\n|move|p1a: Cyclizar|Draco Meteor|p2a: Toxicroak\n|-damage|p2a: Toxicroak|0 fnt\n|-unboost|p1a: Cyclizar|spa|2\n|faint|p2a: Toxicroak\n|\n|upkeep\n|inactive|Time left: 300 sec this turn | 300 sec total | 5 sec grace\n|\n|t:|1783551094\n|switch|p2a: Minior|Minior-Orange, L79|224/224\n|-formechange|p2a: Minior|Minior-Meteor||[from] ability: Shields Down\n|turn|10\n|inactive|Time left: 300 sec this turn | 300 sec total\n|\n|t:|1783551095\n|move|p1a: Cyclizar|Shed Tail|p1a: Cyclizar\n|-start|p1a: Cyclizar|Substitute|[from] move: Shed Tail\n|-damage|p1a: Cyclizar|50/100\n|\n|t:|1783551095\n|switch|p1a: Dewgong|Dewgong, L94, M|100/100|[from] Shed Tail\n|move|p2a: Minior|Shell Smash|p2a: Minior\n|-unboost|p2a: Minior|def|1\n|-unboost|p2a: Minior|spd|1\n|-boost|p2a: Minior|atk|2\n|-boost|p2a: Minior|spa|2\n|-boost|p2a: Minior|spe|2\n|-enditem|p2a: Minior|White Herb\n|-clearnegativeboost|p2a: Minior|[silent]\n|\n|upkeep\n|turn|11\n|inactive|Time left: 300 sec this turn | 300 sec total\n|\n|t:|1783551096\n|move|p2a: Minior|Power Gem|p1a: Dewgong\n|-supereffective|p1a: Dewgong\n|-end|p1a: Dewgong|Substitute\n|move|p1a: Dewgong|Ice Beam|p2a: Minior\n|-supereffective|p2a: Minior\n|-damage|p2a: Minior|32/224\n|\n|-formechange|p2a: Minior|Minior-Orange||[from] ability: Shields Down\n|upkeep\n|turn|12\n|inactive|Time left: 300 sec this turn | 300 sec total\n|\n|t:|1783551097\n|move|p2a: Minior|Acrobatics|p1a: Dewgong\n|-damage|p1a: Dewgong|32/100\n|move|p1a: Dewgong|Ice Beam|p2a: Minior\n|-supereffective|p2a: Minior\n|-damage|p2a: Minior|0 fnt\n|faint|p2a: Minior\n|\n|upkeep\n|inactive|Time left: 300 sec this turn | 300 sec total | 5 sec grace\n|\n|t:|1783551098\n|switch|p2a: Solgaleo|Solgaleo, L74|325/325\n|turn|13\n|inactive|Time left: 300 sec this turn | 300 sec total\n|\n|t:|1783551099\n|switch|p1a: Toxapex|Toxapex, L82, F|100/100\n|move|p2a: Solgaleo|Sunsteel Strike|p1a: Toxapex\n|-resisted|p1a: Toxapex\n|-damage|p1a: Toxapex|83/100\n|-damage|p2a: Solgaleo|271/325|[from] item: Rocky Helmet|[of] p1a: Toxapex\n|\n|upkeep\n|turn|14\n|inactive|Time left: 300 sec this turn | 300 sec total\n|\n|t:|1783551099\n|move|p2a: Solgaleo|Earthquake|p1a: Toxapex\n|-supereffective|p1a: Toxapex\n|-crit|p1a: Toxapex\n|-damage|p1a: Toxapex|20/100\n|move|p1a: Toxapex|Recover|p1a: Toxapex\n|-heal|p1a: Toxapex|70/100\n|\n|upkeep\n|turn|15\n|inactive|Time left: 300 sec this turn | 300 sec total\n|\n|t:|1783551100\n|move|p2a: Solgaleo|Earthquake|p1a: Toxapex\n|-supereffective|p1a: Toxapex\n|-damage|p1a: Toxapex|28/100\n|move|p1a: Toxapex|Recover|p1a: Toxapex\n|-heal|p1a: Toxapex|78/100\n|\n|upkeep\n|turn|16\n|inactive|Time left: 300 sec this turn | 300 sec total\n|\n|t:|1783551101\n|move|p2a: Solgaleo|Earthquake|p1a: Toxapex\n|-supereffective|p1a: Toxapex\n|-damage|p1a: Toxapex|32/100\n|move|p1a: Toxapex|Recover|p1a: Toxapex\n|-heal|p1a: Toxapex|82/100\n|\n|upkeep\n|turn|17\n|inactive|Time left: 300 sec this turn | 300 sec total\n|\n|t:|1783551102\n|move|p2a: Solgaleo|Earthquake|p1a: Toxapex\n|-supereffective|p1a: Toxapex\n|-damage|p1a: Toxapex|36/100\n|move|p1a: Toxapex|Recover|p1a: Toxapex\n|-heal|p1a: Toxapex|86/100\n|\n|upkeep\n|turn|18\n|inactive|Time left: 300 sec this turn | 300 sec total\n|\n|t:|1783551104\n|move|p2a: Solgaleo|Earthquake|p1a: Toxapex\n|-supereffective|p1a: Toxapex\n|-damage|p1a: Toxapex|40/100\n|move|p1a: Toxapex|Recover|p1a: Toxapex\n|-heal|p1a: Toxapex|90/100\n|\n|upkeep\n|turn|19\n|inactive|Time left: 300 sec this turn | 300 sec total\n|\n|t:|1783551105\n|move|p2a: Solgaleo|Earthquake|p1a: Toxapex\n|-supereffective|p1a: Toxapex\n|-damage|p1a: Toxapex|44/100\n|move|p1a: Toxapex|Recover|p1a: Toxapex\n|-heal|p1a: Toxapex|94/100\n|\n|upkeep\n|turn|20\n|inactive|Time left: 300 sec this turn | 300 sec total\n|\n|t:|1783551106\n|move|p2a: Solgaleo|Earthquake|p1a: Toxapex\n|-supereffective|p1a: Toxapex\n|-damage|p1a: Toxapex|49/100\n|move|p1a: Toxapex|Liquidation|p2a: Solgaleo\n|-damage|p2a: Solgaleo|210/325\n|\n|upkeep\n|turn|21\n|inactive|Time left: 300 sec this turn | 300 sec total\n|\n|t:|1783551107\n|move|p2a: Solgaleo|Earthquake|p1a: Toxapex\n|-supereffective|p1a: Toxapex\n|-damage|p1a: Toxapex|1/100\n|move|p1a: Toxapex|Recover|p1a: Toxapex\n|-heal|p1a: Toxapex|51/100\n|\n|upkeep\n|turn|22\n|inactive|Time left: 300 sec this turn | 300 sec total\n|\n|t:|1783551108\n|move|p2a: Solgaleo|Earthquake|p1a: Toxapex\n|-supereffective|p1a: Toxapex\n|-damage|p1a: Toxapex|5/100\n|move|p1a: Toxapex|Recover|p1a: Toxapex\n|-heal|p1a: Toxapex|55/100\n|\n|upkeep\n|turn|23\n|inactive|Time left: 300 sec this turn | 300 sec total\n|\n|t:|1783551109\n|switch|p1a: Regigigas|Regigigas, L84|33/100\n|-start|p1a: Regigigas|ability: Slow Start\n|move|p2a: Solgaleo|Earthquake|p1a: Regigigas\n|-damage|p1a: Regigigas|15/100\n|\n|-heal|p1a: Regigigas|22/100|[from] item: Leftovers\n|upkeep\n|turn|24\n|inactive|Time left: 300 sec this turn | 300 sec total\n|\n|t:|1783551110\n|switch|p1a: Toxapex|Toxapex, L82, F|88/100\n|move|p2a: Solgaleo|Sunsteel Strike|p1a: Toxapex\n|-resisted|p1a: Toxapex\n|-damage|p1a: Toxapex|71/100\n|-damage|p2a: Solgaleo|156/325|[from] item: Rocky Helmet|[of] p1a: Toxapex\n|\n|upkeep\n|turn|25\n|inactive|Time left: 300 sec this turn | 300 sec total\n|\n|t:|1783551111\n|move|p2a: Solgaleo|Earthquake|p1a: Toxapex\n|-supereffective|p1a: Toxapex\n|-damage|p1a: Toxapex|27/100\n|move|p1a: Toxapex|Liquidation|p2a: Solgaleo\n|-crit|p2a: Solgaleo\n|-damage|p2a: Solgaleo|65/325\n|\n|upkeep\n|turn|26\n|inactive|Time left: 300 sec this turn | 300 sec total\n|\n|t:|1783551112\n|switch|p1a: Dewgong|Dewgong, L94, M|32/100\n|move|p2a: Solgaleo|Earthquake|p1a: Dewgong\n|-damage|p1a: Dewgong|10/100\n|\n|upkeep\n|turn|27\n|inactive|Time left: 300 sec this turn | 300 sec total\n|\n|t:|1783551113\n|switch|p1a: Toxapex|Toxapex, L82, F|60/100\n|move|p2a: Solgaleo|Earthquake|p1a: Toxapex\n|-supereffective|p1a: Toxapex\n|-damage|p1a: Toxapex|18/100\n|\n|upkeep\n|turn|28\n|inactive|Time left: 300 sec this turn | 300 sec total\n|\n|t:|1783551115\n|switch|p1a: Dewgong|Dewgong, L94, M|10/100\n|move|p2a: Solgaleo|Earthquake|p1a: Dewgong\n|-damage|p1a: Dewgong|0 fnt\n|faint|p1a: Dewgong\n|\n|upkeep\n|\n|t:|1783551116\n|switch|p1a: Cyclizar|Cyclizar, L84, F|84/100\n|turn|29\n|inactive|Time left: 300 sec this turn | 300 sec total\n|\n|t:|1783551117\n|move|p1a: Cyclizar|Shed Tail|p1a: Cyclizar\n|-start|p1a: Cyclizar|Substitute|[from] move: Shed Tail\n|-damage|p1a: Cyclizar|33/100\n|\n|t:|1783551118\n|switch|p1a: Toxapex|Toxapex, L82, F|51/100|[from] Shed Tail\n|move|p2a: Solgaleo|Earthquake|p1a: Toxapex\n|-supereffective|p1a: Toxapex\n|-end|p1a: Toxapex|Substitute\n|\n|upkeep\n|turn|30\n|inactive|Time left: 300 sec this turn | 300 sec total\n|\n|t:|1783551119\n|switch|p1a: Regigigas|Regigigas, L84|22/100\n|-start|p1a: Regigigas|ability: Slow Start\n|move|p2a: Solgaleo|Earthquake|p1a: Regigigas\n|-damage|p1a: Regigigas|3/100\n|\n|-heal|p1a: Regigigas|10/100|[from] item: Leftovers\n|upkeep\n|turn|31\n|inactive|Time left: 300 sec this turn | 300 sec total\n|\n|t:|1783551120\n|switch|p1a: Toxapex|Toxapex, L82, F|84/100\n|move|p2a: Solgaleo|Sunsteel Strike|p1a: Toxapex\n|-resisted|p1a: Toxapex\n|-damage|p1a: Toxapex|67/100\n|-damage|p2a: Solgaleo|11/325|[from] item: Rocky Helmet|[of] p1a: Toxapex\n|\n|upkeep\n|turn|32\n|inactive|Time left: 300 sec this turn | 300 sec total\n|\n|t:|1783551121\n|switch|p2a: Mandibuzz|Mandibuzz, L85, F|326/326\n|move|p1a: Toxapex|Toxic Spikes|p2a: Mandibuzz\n|-sidestart|p2: p0y9658bd2|move: Toxic Spikes\n|\n|upkeep\n|turn|33\n|inactive|Time left: 300 sec this turn | 300 sec total\n|\n|t:|1783551122\n|move|p2a: Mandibuzz|Defog|p1a: Toxapex\n|-unboost|p1a: Toxapex|evasion|1\n|-sideend|p2: p0y9658bd2|Toxic Spikes|[from] move: Defog|[of] p2a: Mandibuzz\n|move|p1a: Toxapex|Liquidation|p2a: Mandibuzz\n|-damage|p2a: Mandibuzz|269/326\n|\n|upkeep\n|turn|34\n|inactive|Time left: 300 sec this turn | 300 sec total\n|\n|t:|1783551123\n|move|p2a: Mandibuzz|Foul Play|p1a: Toxapex\n|-damage|p1a: Toxapex|44/100\n|-damage|p2a: Mandibuzz|215/326|[from] item: Rocky Helmet|[of] p1a: Toxapex\n|move|p1a: Toxapex|Liquidation|p2a: Mandibuzz\n|-damage|p2a: Mandibuzz|158/326\n|\n|upkeep\n|turn|35\n|inactive|Time left: 300 sec this turn | 300 sec total\n|\n|t:|1783551125\n|move|p2a: Mandibuzz|Roost|p2a: Mandibuzz\n|-heal|p2a: Mandibuzz|321/326\n|-singleturn|p2a: Mandibuzz|move: Roost\n|move|p1a: Toxapex|Toxic Spikes|p2a: Mandibuzz\n|-sidestart|p2: p0y9658bd2|move: Toxic Spikes\n|\n|upkeep\n|turn|36\n|inactive|Time left: 300 sec this turn | 300 sec total\n|\n|t:|1783551126\n|move|p2a: Mandibuzz|Brave Bird|p1a: Toxapex\n|-damage|p1a: Toxapex|14/100\n|-damage|p2a: Mandibuzz|267/326|[from] item: Rocky Helmet|[of] p1a: Toxapex\n|-damage|p2a: Mandibuzz|245/326|[from] Recoil\n|move|p1a: Toxapex|Liquidation|p2a: Mandibuzz\n|-damage|p2a: Mandibuzz|188/326\n|\n|upkeep\n|turn|37\n|inactive|Time left: 300 sec this turn | 300 sec total\n|\n|t:|1783551127\n|switch|p1a: Regigigas|Regigigas, L84|10/100\n|-start|p1a: Regigigas|ability: Slow Start\n|move|p2a: Mandibuzz|Foul Play|p1a: Regigigas\n|-damage|p1a: Regigigas|0 fnt\n|faint|p1a: Regigigas\n|-end|p1a: Regigigas|Slow Start|[silent]\n|\n|upkeep\n|\n|t:|1783551127\n|switch|p1a: Cyclizar|Cyclizar, L84, F|67/100\n|turn|38\n|inactive|Time left: 300 sec this turn | 300 sec total\n|\n|t:|1783551128\n|switch|p1a: Toxapex|Toxapex, L82, F|47/100\n|move|p2a: Mandibuzz|Roost|p2a: Mandibuzz\n|-heal|p2a: Mandibuzz|326/326\n|-singleturn|p2a: Mandibuzz|move: Roost\n|\n|upkeep\n|turn|39\n|inactive|Time left: 300 sec this turn | 300 sec total\n|\n|t:|1783551129\n|move|p2a: Mandibuzz|Brave Bird|p1a: Toxapex\n|-damage|p1a: Toxapex|16/100\n|-damage|p2a: Mandibuzz|272/326|[from] item: Rocky Helmet|[of] p1a: Toxapex\n|-damage|p2a: Mandibuzz|250/326|[from] Recoil\n|move|p1a: Toxapex|Liquidation|p2a: Mandibuzz\n|-damage|p2a: Mandibuzz|193/326\n|\n|upkeep\n|turn|40\n|inactive|Time left: 300 sec this turn | 300 sec total\n|\n|t:|1783551130\n|switch|p1a: Cyclizar|Cyclizar, L84, F|99/100\n|move|p2a: Mandibuzz|Foul Play|p1a: Cyclizar\n|-damage|p1a: Cyclizar|48/100\n|\n|upkeep\n|turn|41\n|inactive|Time left: 300 sec this turn | 300 sec total\n|\n|t:|1783551131\n|switch|p1a: Toxapex|Toxapex, L82, F|50/100\n|move|p2a: Mandibuzz|Foul Play|p1a: Toxapex\n|-damage|p1a: Toxapex|27/100\n|-damage|p2a: Mandibuzz|139/326|[from] item: Rocky Helmet|[of] p1a: Toxapex\n|\n|upkeep\n|turn|42\n|inactive|Time left: 300 sec this turn | 300 sec total\n|\n|t:|1783551132\n|switch|p1a: Cyclizar|Cyclizar, L84, F|81/100\n|move|p2a: Mandibuzz|Roost|p2a: Mandibuzz\n|-heal|p2a: Mandibuzz|302/326\n|-singleturn|p2a: Mandibuzz|move: Roost\n|\n|upkeep\n|turn|43\n|inactive|Time left: 300 sec this turn | 300 sec total\n|\n|t:|1783551133\n|move|p1a: Cyclizar|Shed Tail|p1a: Cyclizar\n|-start|p1a: Cyclizar|Substitute|[from] move: Shed Tail\n|-damage|p1a: Cyclizar|31/100\n|\n|t:|1783551134\n|switch|p1a: Toxapex|Toxapex, L82, F|61/100|[from] Shed Tail\n|move|p2a: Mandibuzz|Brave Bird|p1a: Toxapex\n|-end|p1a: Toxapex|Substitute\n|-damage|p2a: Mandibuzz|281/326|[from] Recoil|[of] p1a: Toxapex\n|\n|upkeep\n|turn|44\n|inactive|Time left: 300 sec this turn | 300 sec total\n|\n|t:|1783551135\n|move|p2a: Mandibuzz|Brave Bird|p1a: Toxapex\n|-damage|p1a: Toxapex|30/100\n|-damage|p2a: Mandibuzz|227/326|[from] item: Rocky Helmet|[of] p1a: Toxapex\n|-damage|p2a: Mandibuzz|205/326|[from] Recoil\n|move|p1a: Toxapex|Liquidation|p2a: Mandibuzz\n|-damage|p2a: Mandibuzz|148/326\n|-unboost|p2a: Mandibuzz|def|1\n|\n|upkeep\n|turn|45\n|inactive|Time left: 300 sec this turn | 300 sec total\n|\n|t:|1783551136\n|switch|p1a: Cyclizar|Cyclizar, L84, F|64/100\n|move|p2a: Mandibuzz|Roost|p2a: Mandibuzz\n|-heal|p2a: Mandibuzz|311/326\n|-singleturn|p2a: Mandibuzz|move: Roost\n|\n|upkeep\n|turn|46\n|inactive|Time left: 300 sec this turn | 300 sec total\n|\n|t:|1783551137\n|switch|p1a: Toxapex|Toxapex, L82, F|63/100\n|move|p2a: Mandibuzz|Defog|p1a: Toxapex\n|-unboost|p1a: Toxapex|evasion|1\n|-sideend|p2: p0y9658bd2|Toxic Spikes|[from] move: Defog|[of] p2a: Mandibuzz\n|\n|upkeep\n|turn|47\n|inactive|Time left: 300 sec this turn | 300 sec total\n|\n|t:|1783551138\n|switch|p2a: Lunala|Lunala, L70|308/308\n|move|p1a: Toxapex|Liquidation|p2a: Lunala\n|-damage|p2a: Lunala|269/308\n|\n|-heal|p2a: Lunala|288/308|[from] item: Leftovers\n|upkeep\n|turn|48\n|inactive|Time left: 300 sec this turn | 300 sec total\n|\n|t:|1783551139\n|switch|p1a: Cyclizar|Cyclizar, L84, F|98/100\n|move|p2a: Lunala|Moonblast|p1a: Cyclizar\n|-supereffective|p1a: Cyclizar\n|-damage|p1a: Cyclizar|34/100\n|\n|-heal|p2a: Lunala|307/308|[from] item: Leftovers\n|upkeep\n|turn|49\n|inactive|Time left: 300 sec this turn | 300 sec total\n|\n|t:|1783551140\n|switch|p1a: Toxapex|Toxapex, L82, F|96/100\n|switch|p2a: Mamoswine|Mamoswine, L81, F|311/311\n|\n|upkeep\n|turn|50\n|inactive|Time left: 300 sec this turn | 300 sec total\n|\n|t:|1783551141\n|-terastallize|p1a: Toxapex|Flying\n|move|p2a: Mamoswine|Earthquake|p1a: Toxapex\n|-immune|p1a: Toxapex\n|move|p1a: Toxapex|Liquidation|p2a: Mamoswine\n|-supereffective|p2a: Mamoswine\n|-damage|p2a: Mamoswine|173/311\n|\n|upkeep\n|turn|51\n|inactive|Time left: 300 sec this turn | 300 sec total\n|\n|t:|1783551142\n|switch|p2a: Lunala|Lunala, L70|307/308\n|move|p1a: Toxapex|Toxic Spikes|p2a: Lunala\n|-sidestart|p2: p0y9658bd2|move: Toxic Spikes\n|\n|-heal|p2a: Lunala|308/308|[from] item: Leftovers\n|upkeep\n|turn|52\n|inactive|Time left: 300 sec this turn | 300 sec total\n|\n|t:|1783551142\n|move|p2a: Lunala|Calm Mind|p2a: Lunala\n|-boost|p2a: Lunala|spa|1\n|-boost|p2a: Lunala|spd|1\n|move|p1a: Toxapex|Haze|p1a: Toxapex\n|-clearallboost\n|\n|upkeep\n|turn|53\n|inactive|Time left: 300 sec this turn | 300 sec total\n|\n|t:|1783551143\n|move|p2a: Lunala|Moonblast|p1a: Toxapex\n|-damage|p1a: Toxapex|75/100\n|-unboost|p1a: Toxapex|spa|1\n|move|p1a: Toxapex|Haze|p1a: Toxapex\n|-clearallboost\n|\n|upkeep\n|turn|54\n|inactive|Time left: 300 sec this turn | 300 sec total\n|\n|t:|1783551144\n|move|p2a: Lunala|Moonblast|p1a: Toxapex\n|-damage|p1a: Toxapex|52/100\n|move|p1a: Toxapex|Haze|p1a: Toxapex\n|-clearallboost\n|\n|upkeep\n|turn|55\n|inactive|Time left: 300 sec this turn | 300 sec total\n|\n|t:|1783551145\n|move|p2a: Lunala|Moonblast|p1a: Toxapex\n|-damage|p1a: Toxapex|31/100\n|move|p1a: Toxapex|Toxic Spikes|p2a: Lunala\n|-sidestart|p2: p0y9658bd2|move: Toxic Spikes\n|\n|upkeep\n|turn|56\n|inactive|Time left: 300 sec this turn | 300 sec total\n|\n|t:|1783551146\n|switch|p1a: Cyclizar|Cyclizar, L84, F|68/100\n|move|p2a: Lunala|Moonblast|p1a: Cyclizar\n|-supereffective|p1a: Cyclizar\n|-damage|p1a: Cyclizar|6/100\n|\n|upkeep\n|turn|57\n|inactive|Time left: 300 sec this turn | 300 sec total\n|\n|t:|1783551147\n|switch|p1a: Toxapex|Toxapex, L82, F, tera:Flying|64/100\n|move|p2a: Lunala|Moonblast|p1a: Toxapex\n|-damage|p1a: Toxapex|41/100\n|-unboost|p1a: Toxapex|spa|1\n|\n|upkeep\n|turn|58\n|inactive|Time left: 300 sec this turn | 300 sec total\n|\n|t:|1783551148\n|move|p2a: Lunala|Moonblast|p1a: Toxapex\n|-damage|p1a: Toxapex|22/100\n|move|p1a: Toxapex|Haze|p1a: Toxapex\n|-clearallboost\n|\n|upkeep\n|turn|59\n|inactive|Time left: 300 sec this turn | 300 sec total\n|\n|t:|1783551149\n|switch|p1a: Cyclizar|Cyclizar, L84, F|39/100\n|move|p2a: Lunala|Moonblast|p1a: Cyclizar\n|-supereffective|p1a: Cyclizar\n|-damage|p1a: Cyclizar|0 fnt\n|faint|p1a: Cyclizar\n|\n|upkeep\n|\n|t:|1783551150\n|switch|p1a: Toxapex|Toxapex, L82, F, tera:Flying|55/100\n|turn|60\n|inactive|Time left: 300 sec this turn | 300 sec total\n|\n|t:|1783551151\n|move|p2a: Lunala|Moongeist Beam|p1a: Toxapex\n|-damage|p1a: Toxapex|22/100\n|move|p1a: Toxapex|Liquidation|p2a: Lunala\n|-damage|p2a: Lunala|274/308\n|\n|-heal|p2a: Lunala|293/308|[from] item: Leftovers\n|upkeep\n|turn|61\n|inactive|Time left: 300 sec this turn | 300 sec total\n|\n|t:|1783551152\n|move|p2a: Lunala|Moongeist Beam|p1a: Toxapex\n|-damage|p1a: Toxapex|0 fnt\n|faint|p1a: Toxapex\n|\n|win|p0y9658bd2", "uploadtime": 1783551152, "views": 0, "rating": 0, "private": 0, "password": null, "_winner": "p0y9658bd2", "_our_name": "p0y9658bd2"}