{"id": "battle-gen9randombattle-2302", "formatid": "gen9randombattle", "format": "[Gen 9] Random Battle", "players": ["p0x23027564", "p0y2302aa55"], "log": "|init|battle\n|title|p0x23027564 vs. p0y2302aa55\n|j|\u2606p0x23027564\n|j|\u2606p0y2302aa55\n|t:|1783565724\n|gametype|singles\n|player|p1|p0x23027564|2|\n|player|p2|p0y2302aa55|101|\n|gen|9\n|tier|[Gen 9] Random Battle\n|rule|Species Clause: Limit one of each Pok\u00e9mon\n|rule|HP Percentage Mod: HP is shown in percentages\n|rule|Sleep Clause Mod: Limit one foe put to sleep\n|rule|Illusion Level Mod: Illusion disguises the Pok\u00e9mon's true level\n|\n|t:|1783565724\n|teamsize|p1|6\n|teamsize|p2|6\n|start\n|switch|p1a: Volcanion|Volcanion, L79|256/256\n|switch|p2a: Quagsire|Quagsire, L84, F|100/100\n|turn|1\n|inactive|Battle timer is ON: inactive players will automatically lose when time's up. (requested by p0x23027564)\n|inactive|p0y2302aa55 also wants the timer to be on.\n|\n|t:|1783565725\n|move|p1a: Volcanion|Steam Eruption|p2a: Quagsire\n|-damage|p2a: Quagsire|50/100\n|move|p2a: Quagsire|Earthquake|p1a: Volcanion\n|-supereffective|p1a: Volcanion\n|-damage|p1a: Volcanion|92/256\n|\n|-heal|p2a: Quagsire|56/100|[from] item: Leftovers\n|upkeep\n|turn|2\n|inactive|Time left: 300 sec this turn | 300 sec total\n|\n|t:|1783565727\n|move|p1a: Volcanion|Steam Eruption|p2a: Quagsire\n|-damage|p2a: Quagsire|2/100\n|-status|p2a: Quagsire|brn\n|move|p2a: Quagsire|Recover|p2a: Quagsire\n|-heal|p2a: Quagsire|52/100 brn\n|\n|-heal|p2a: Quagsire|58/100 brn|[from] item: Leftovers\n|-damage|p2a: Quagsire|52/100 brn|[from] brn\n|upkeep\n|turn|3\n|inactive|Time left: 300 sec this turn | 300 sec total\n|\n|t:|1783565728\n|move|p1a: Volcanion|Steam Eruption|p2a: Quagsire\n|-damage|p2a: Quagsire|0 fnt\n|faint|p2a: Quagsire\n|\n|upkeep\n|\n|t:|1783565728\n|switch|p2a: Virizion|Virizion, L82|100/100\n|turn|4\n|inactive|Time left: 300 sec this turn | 300 sec total\n|\n|t:|1783565730\n|switch|p1a: Okidogi|Okidogi, L77, M|262/262\n|move|p2a: Virizion|Swords Dance|p2a: Virizion\n|-boost|p2a: Virizion|atk|2\n|\n|upkeep\n|turn|5\n|inactive|Time left: 300 sec this turn | 300 sec total\n|\n|t:|1783565731\n|move|p2a: Virizion|Leaf Blade|p1a: Okidogi\n|-resisted|p1a: Okidogi\n|-damage|p1a: Okidogi|162/262\n|-damage|p2a: Virizion|91/100|[from] item: Life Orb\n|move|p1a: Okidogi|Gunk Shot|p2a: Virizion\n|-supereffective|p2a: Virizion\n|-damage|p2a: Virizion|0 fnt\n|faint|p2a: Virizion\n|\n|-heal|p1a: Okidogi|178/262|[from] item: Leftovers\n|upkeep\n|\n|t:|1783565732\n|switch|p2a: Maushold|Maushold-Four, L76|100/100\n|turn|6\n|inactive|Time left: 300 sec this turn | 300 sec total\n|\n|t:|1783565733\n|switch|p1a: Eiscue|Eiscue, L88, F|274/274\n|move|p2a: Maushold|Population Bomb|p1a: Eiscue\n|-activate|p1a: Eiscue|ability: Ice Face\n|-damage|p1a: Eiscue|274/274\n|detailschange|p1a: Eiscue|Eiscue-Noice, L88, F\n|-damage|p1a: Eiscue|249/274\n|-damage|p1a: Eiscue|224/274\n|-damage|p1a: Eiscue|197/274\n|-damage|p1a: Eiscue|172/274\n|-damage|p1a: Eiscue|147/274\n|-damage|p1a: Eiscue|120/274\n|-enditem|p1a: Eiscue|Sitrus Berry|[eat]\n|-heal|p1a: Eiscue|188/274|[from] item: Sitrus Berry\n|-damage|p1a: Eiscue|161/274\n|-damage|p1a: Eiscue|136/274\n|-damage|p1a: Eiscue|111/274\n|-hitcount|p1a: Eiscue|10\n|\n|upkeep\n|turn|7\n|inactive|Time left: 300 sec this turn | 300 sec total\n|\n|t:|1783565734\n|move|p1a: Eiscue|Ice Spinner|p2a: Maushold\n|-damage|p2a: Maushold|53/100\n|move|p2a: Maushold|Population Bomb|p1a: Eiscue\n|-damage|p1a: Eiscue|84/274\n|-damage|p1a: Eiscue|59/274\n|-damage|p1a: Eiscue|32/274\n|-damage|p1a: Eiscue|8/274\n|-damage|p1a: Eiscue|0 fnt\n|faint|p1a: Eiscue\n|-hitcount|p1: Eiscue|5\n|\n|upkeep\n|inactive|Time left: 300 sec this turn | 300 sec total | 5 sec grace\n|\n|t:|1783565735\n|switch|p1a: Krookodile|Krookodile, L79, F|280/280\n|-ability|p1a: Krookodile|Intimidate|boost\n|-unboost|p2a: Maushold|atk|1\n|turn|8\n|inactive|Time left: 300 sec this turn | 300 sec total\n|\n|t:|1783565736\n|switch|p2a: Glastrier|Glastrier, L86|100/100\n|move|p1a: Krookodile|Earthquake|p2a: Glastrier\n|-damage|p2a: Glastrier|75/100\n|\n|upkeep\n|turn|9\n|inactive|Time left: 300 sec this turn | 300 sec total\n|\n|t:|1783565737\n|switch|p1a: Volcanion|Volcanion, L79|92/256\n|move|p2a: Glastrier|Icicle Crash|p1a: Volcanion\n|-resisted|p1a: Volcanion\n|-damage|p1a: Volcanion|66/256\n|\n|upkeep\n|turn|10\n|inactive|Time left: 300 sec this turn | 300 sec total\n|\n|t:|1783565738\n|move|p1a: Volcanion|Flamethrower|p2a: Glastrier\n|-supereffective|p2a: Glastrier\n|-damage|p2a: Glastrier|23/100\n|move|p2a: Glastrier|High Horsepower|p1a: Volcanion\n|-supereffective|p1a: Volcanion\n|-damage|p1a: Volcanion|0 fnt\n|faint|p1a: Volcanion\n|-ability|p2a: Glastrier|Chilling Neigh|boost\n|-boost|p2a: Glastrier|atk|1\n|\n|upkeep\n|inactive|Time left: 300 sec this turn | 300 sec total | 5 sec grace\n|\n|t:|1783565739\n|switch|p1a: Krookodile|Krookodile, L79, F|280/280\n|-ability|p1a: Krookodile|Intimidate|boost\n|-unboost|p2a: Glastrier|atk|1\n|turn|11\n|inactive|Time left: 300 sec this turn | 300 sec total\n|\n|t:|1783565740\n|move|p1a: Krookodile|Earthquake|p2a: Glastrier\n|-damage|p2a: Glastrier|0 fnt\n|faint|p2a: Glastrier\n|\n|upkeep\n|\n|t:|1783565741\n|switch|p2a: Frosmoth|Frosmoth, L82, F|100/100\n|turn|12\n|inactive|Time left: 300 sec this turn | 300 sec total\n|\n|t:|1783565742\n|switch|p1a: Okidogi|Okidogi, L77, M|178/262\n|move|p2a: Frosmoth|Ice Beam|p1a: Okidogi\n|-damage|p1a: Okidogi|46/262\n|\n|-heal|p1a: Okidogi|62/262|[from] item: Leftovers\n|upkeep\n|turn|13\n|inactive|Time left: 300 sec this turn | 300 sec total\n|\n|t:|1783565743\n|move|p1a: Okidogi|Drain Punch|p2a: Frosmoth\n|-damage|p2a: Frosmoth|54/100\n|-heal|p1a: Okidogi|120/262|[from] drain|[of] p2a: Frosmoth\n|move|p2a: Frosmoth|Quiver Dance|p2a: Frosmoth\n|-boost|p2a: Frosmoth|spa|1\n|-boost|p2a: Frosmoth|spd|1\n|-boost|p2a: Frosmoth|spe|1\n|\n|-heal|p1a: Okidogi|136/262|[from] item: Leftovers\n|upkeep\n|turn|14\n|inactive|Time left: 300 sec this turn | 300 sec total\n|\n|t:|1783565744\n|move|p2a: Frosmoth|Ice Beam|p1a: Okidogi\n|-damage|p1a: Okidogi|0 fnt\n|faint|p1a: Okidogi\n|\n|upkeep\n|inactive|Time left: 300 sec this turn | 300 sec total | 5 sec grace\n|\n|t:|1783565745\n|switch|p1a: Krookodile|Krookodile, L79, F|280/280\n|-ability|p1a: Krookodile|Intimidate|boost\n|-unboost|p2a: Frosmoth|atk|1\n|turn|15\n|inactive|Time left: 300 sec this turn | 300 sec total\n|\n|t:|1783565746\n|move|p1a: Krookodile|Knock Off|p2a: Frosmoth\n|-damage|p2a: Frosmoth|1/100\n|-enditem|p2a: Frosmoth|Heavy-Duty Boots|[from] move: Knock Off|[of] p1a: Krookodile\n|move|p2a: Frosmoth|Ice Beam|p1a: Krookodile\n|-supereffective|p1a: Krookodile\n|-damage|p1a: Krookodile|0 fnt\n|faint|p1a: Krookodile\n|\n|upkeep\n|inactive|Time left: 300 sec this turn | 300 sec total | 5 sec grace\n|\n|t:|1783565747\n|switch|p1a: Clefable|Clefable, L83, M|293/293\n|turn|16\n|inactive|Time left: 300 sec this turn | 300 sec total\n|\n|t:|1783565748\n|move|p2a: Frosmoth|Ice Beam|p1a: Clefable\n|-damage|p1a: Clefable|142/293\n|move|p1a: Clefable|Moonblast|p2a: Frosmoth\n|-damage|p2a: Frosmoth|0 fnt\n|faint|p2a: Frosmoth\n|\n|upkeep\n|\n|t:|1783565749\n|switch|p2a: Maushold|Maushold-Four, L76|53/100\n|turn|17\n|inactive|Time left: 300 sec this turn | 300 sec total\n|\n|t:|1783565750\n|-terastallize|p2a: Maushold|Normal\n|move|p2a: Maushold|Population Bomb|p1a: Clefable\n|-damage|p1a: Clefable|110/293\n|-damage|p1a: Clefable|74/293\n|-damage|p1a: Clefable|42/293\n|-damage|p1a: Clefable|10/293\n|-damage|p1a: Clefable|0 fnt\n|faint|p1a: Clefable\n|-hitcount|p1: Clefable|5\n|\n|upkeep\n|inactive|Time left: 300 sec this turn | 300 sec total | 5 sec grace\n|\n|t:|1783565751\n|switch|p1a: Lanturn|Lanturn, L89, F|367/367\n|turn|18\n|inactive|Time left: 300 sec this turn | 300 sec total\n|\n|t:|1783565752\n|move|p2a: Maushold|Population Bomb|p1a: Lanturn\n|-damage|p1a: Lanturn|331/367\n|-damage|p1a: Lanturn|295/367\n|-damage|p1a: Lanturn|255/367\n|-damage|p1a: Lanturn|219/367\n|-damage|p1a: Lanturn|185/367\n|-damage|p1a: Lanturn|145/367\n|-damage|p1a: Lanturn|109/367\n|-damage|p1a: Lanturn|69/367\n|-damage|p1a: Lanturn|29/367\n|-damage|p1a: Lanturn|0 fnt\n|faint|p1a: Lanturn\n|-hitcount|p1: Lanturn|10\n|\n|win|p0y2302aa55", "uploadtime": 1783565752, "views": 0, "rating": 0, "private": 0, "password": null, "_winner": "p0y2302aa55", "_our_name": "p0x23027564"}