{"id": "battle-gen9randombattle-2625", "formatid": "gen9randombattle", "format": "[Gen 9] Random Battle", "players": ["p0x26254930", "p0y262557eb"], "log": "|init|battle\n|title|p0x26254930 vs. p0y262557eb\n|j|\u2606p0x26254930\n|j|\u2606p0y262557eb\n|t:|1783570313\n|gametype|singles\n|player|p1|p0x26254930|1|\n|player|p2|p0y262557eb|102|\n|gen|9\n|tier|[Gen 9] Random Battle\n|rule|Species Clause: Limit one of each Pok\u00e9mon\n|rule|HP Percentage Mod: HP is shown in percentages\n|rule|Sleep Clause Mod: Limit one foe put to sleep\n|rule|Illusion Level Mod: Illusion disguises the Pok\u00e9mon's true level\n|\n|t:|1783570313\n|teamsize|p1|6\n|teamsize|p2|6\n|start\n|switch|p1a: Lanturn|Lanturn, L89, M|367/367\n|switch|p2a: Rampardos|Rampardos, L90, M|100/100\n|turn|1\n|inactive|Battle timer is ON: inactive players will automatically lose when time's up. (requested by p0y262557eb)\n|inactive|Time left: 300 sec this turn | 300 sec total | 60 sec grace\n|inactive|p0x26254930 also wants the timer to be on.\n|\n|t:|1783570315\n|move|p1a: Lanturn|Scald|p2a: Rampardos\n|-supereffective|p2a: Rampardos\n|-damage|p2a: Rampardos|36/100\n|move|p2a: Rampardos|Rock Slide|p1a: Lanturn\n|-damage|p1a: Lanturn|39/367\n|\n|upkeep\n|turn|2\n|inactive|Time left: 300 sec this turn | 300 sec total\n|\n|t:|1783570316\n|switch|p2a: Hoopa|Hoopa-Unbound, L80|100/100\n|move|p1a: Lanturn|Scald|p2a: Hoopa\n|-damage|p2a: Hoopa|85/100\n|\n|upkeep\n|turn|3\n|inactive|Time left: 300 sec this turn | 300 sec total\n|\n|t:|1783570317\n|switch|p1a: Scrafty|Scrafty, L83, M|244/244\n|-ability|p1a: Scrafty|Intimidate|boost\n|-unboost|p2a: Hoopa|atk|1\n|move|p2a: Hoopa|Psychic|p1a: Scrafty\n|-immune|p1a: Scrafty\n|\n|upkeep\n|turn|4\n|inactive|Time left: 300 sec this turn | 300 sec total\n|\n|t:|1783570318\n|move|p2a: Hoopa|Focus Blast|p1a: Scrafty\n|-supereffective|p1a: Scrafty\n|-damage|p1a: Scrafty|38/244\n|move|p1a: Scrafty|Dragon Dance|p1a: Scrafty\n|-boost|p1a: Scrafty|atk|1\n|-boost|p1a: Scrafty|spe|1\n|\n|-heal|p1a: Scrafty|53/244|[from] item: Leftovers\n|upkeep\n|turn|5\n|inactive|Time left: 300 sec this turn | 300 sec total\n|\n|t:|1783570319\n|move|p1a: Scrafty|Drain Punch|p2a: Hoopa\n|-damage|p2a: Hoopa|21/100\n|-heal|p1a: Scrafty|136/244|[from] drain|[of] p2a: Hoopa\n|move|p2a: Hoopa|Focus Blast|p1a: Scrafty|[miss]\n|-miss|p2a: Hoopa|p1a: Scrafty\n|\n|-heal|p1a: Scrafty|151/244|[from] item: Leftovers\n|upkeep\n|turn|6\n|inactive|Time left: 300 sec this turn | 300 sec total\n|\n|t:|1783570320\n|switch|p2a: Venusaur|Venusaur, L84, M|100/100\n|move|p1a: Scrafty|Drain Punch|p2a: Venusaur\n|-resisted|p2a: Venusaur\n|-damage|p2a: Venusaur|79/100\n|-heal|p1a: Scrafty|180/244|[from] drain|[of] p2a: Venusaur\n|\n|-heal|p1a: Scrafty|195/244|[from] item: Leftovers\n|-heal|p2a: Venusaur|85/100|[from] item: Leftovers\n|upkeep\n|turn|7\n|inactive|Time left: 300 sec this turn | 300 sec total\n|\n|t:|1783570322\n|move|p1a: Scrafty|Knock Off|p2a: Venusaur\n|-damage|p2a: Venusaur|26/100\n|-enditem|p2a: Venusaur|Leftovers|[from] move: Knock Off|[of] p1a: Scrafty\n|move|p2a: Venusaur|Leech Seed|p1a: Scrafty|[miss]\n|-miss|p2a: Venusaur|p1a: Scrafty\n|\n|-heal|p1a: Scrafty|210/244|[from] item: Leftovers\n|upkeep\n|turn|8\n|inactive|Time left: 300 sec this turn | 300 sec total\n|\n|t:|1783570323\n|move|p1a: Scrafty|Knock Off|p2a: Venusaur\n|-crit|p2a: Venusaur\n|-damage|p2a: Venusaur|0 fnt\n|faint|p2a: Venusaur\n|\n|-heal|p1a: Scrafty|225/244|[from] item: Leftovers\n|upkeep\n|\n|t:|1783570324\n|switch|p2a: Froslass|Froslass, L87, F|100/100\n|turn|9\n|inactive|Time left: 300 sec this turn | 300 sec total\n|\n|t:|1783570325\n|move|p2a: Froslass|Will-O-Wisp|p1a: Scrafty\n|-status|p1a: Scrafty|brn\n|move|p1a: Scrafty|Knock Off|p2a: Froslass\n|-supereffective|p2a: Froslass\n|-damage|p2a: Froslass|42/100\n|-enditem|p2a: Froslass|Wide Lens|[from] move: Knock Off|[of] p1a: Scrafty\n|\n|-heal|p1a: Scrafty|240/244 brn|[from] item: Leftovers\n|-damage|p1a: Scrafty|225/244 brn|[from] brn\n|upkeep\n|turn|10\n|inactive|Time left: 300 sec this turn | 300 sec total\n|\n|t:|1783570326\n|move|p2a: Froslass|Triple Axel|p1a: Scrafty\n|-damage|p1a: Scrafty|207/244 brn\n|-damage|p1a: Scrafty|174/244 brn\n|-damage|p1a: Scrafty|128/244 brn\n|-hitcount|p1a: Scrafty|3\n|move|p1a: Scrafty|Dragon Dance|p1a: Scrafty\n|-boost|p1a: Scrafty|atk|1\n|-boost|p1a: Scrafty|spe|1\n|\n|-heal|p1a: Scrafty|143/244 brn|[from] item: Leftovers\n|-damage|p1a: Scrafty|128/244 brn|[from] brn\n|upkeep\n|turn|11\n|inactive|Time left: 300 sec this turn | 300 sec total\n|\n|t:|1783570327\n|move|p1a: Scrafty|Knock Off|p2a: Froslass\n|-supereffective|p2a: Froslass\n|-damage|p2a: Froslass|0 fnt\n|faint|p2a: Froslass\n|\n|-heal|p1a: Scrafty|143/244 brn|[from] item: Leftovers\n|-damage|p1a: Scrafty|128/244 brn|[from] brn\n|upkeep\n|\n|t:|1783570327\n|switch|p2a: Bruxish|Bruxish, L85, F|100/100\n|turn|12\n|inactive|Time left: 300 sec this turn | 300 sec total\n|\n|t:|1783570328\n|move|p2a: Bruxish|Wave Crash|p1a: Scrafty\n|-damage|p1a: Scrafty|11/244 brn\n|-damage|p2a: Bruxish|85/100|[from] Recoil\n|move|p1a: Scrafty|Knock Off|p2a: Bruxish\n|-supereffective|p2a: Bruxish\n|-crit|p2a: Bruxish\n|-damage|p2a: Bruxish|0 fnt\n|-enditem|p2a: Bruxish|Choice Scarf|[from] move: Knock Off|[of] p1a: Scrafty\n|faint|p2a: Bruxish\n|\n|-heal|p1a: Scrafty|26/244 brn|[from] item: Leftovers\n|-damage|p1a: Scrafty|11/244 brn|[from] brn\n|upkeep\n|\n|t:|1783570329\n|switch|p2a: Kingambit|Kingambit, L74, M|100/100\n|-activate|p2a: Kingambit|ability: Supreme Overlord\n|-start|p2a: Kingambit|fallen3|[silent]\n|turn|13\n|inactive|Time left: 300 sec this turn | 300 sec total\n|\n|t:|1783570330\n|move|p2a: Kingambit|Sucker Punch|p1a: Scrafty\n|-resisted|p1a: Scrafty\n|-crit|p1a: Scrafty\n|-damage|p1a: Scrafty|0 fnt\n|faint|p1a: Scrafty\n|\n|upkeep\n|inactive|Time left: 300 sec this turn | 300 sec total | 5 sec grace\n|\n|t:|1783570331\n|switch|p1a: Magcargo|Magcargo, L95, M|268/268\n|turn|14\n|inactive|Time left: 300 sec this turn | 300 sec total\n|\n|t:|1783570331\n|-terastallize|p2a: Kingambit|Dark\n|move|p2a: Kingambit|Swords Dance|p2a: Kingambit\n|-boost|p2a: Kingambit|atk|2\n|move|p1a: Magcargo|Fire Blast|p2a: Kingambit\n|-damage|p2a: Kingambit|36/100\n|\n|-heal|p2a: Kingambit|42/100|[from] item: Leftovers\n|upkeep\n|turn|15\n|inactive|Time left: 300 sec this turn | 300 sec total\n|\n|t:|1783570332\n|move|p2a: Kingambit|Iron Head|p1a: Magcargo\n|-damage|p1a: Magcargo|108/268\n|-ability|p1a: Magcargo|Weak Armor|boost\n|-unboost|p1a: Magcargo|def|1\n|-boost|p1a: Magcargo|spe|2\n|move|p1a: Magcargo|Power Gem|p2a: Kingambit\n|-damage|p2a: Kingambit|0 fnt\n|faint|p2a: Kingambit\n|-end|p2a: Kingambit|fallen3|[silent]\n|\n|upkeep\n|\n|t:|1783570333\n|switch|p2a: Hoopa|Hoopa-Unbound, L80|21/100\n|turn|16\n|inactive|Time left: 300 sec this turn | 300 sec total\n|\n|t:|1783570334\n|switch|p2a: Rampardos|Rampardos, L90, M|36/100\n|move|p1a: Magcargo|Fire Blast|p2a: Rampardos\n|-resisted|p2a: Rampardos\n|-damage|p2a: Rampardos|5/100\n|\n|upkeep\n|turn|17\n|inactive|Time left: 300 sec this turn | 300 sec total\n|\n|t:|1783570335\n|switch|p2a: Hoopa|Hoopa-Unbound, L80|21/100\n|move|p1a: Magcargo|Shell Smash|p1a: Magcargo\n|-unboost|p1a: Magcargo|def|1\n|-unboost|p1a: Magcargo|spd|1\n|-boost|p1a: Magcargo|atk|2\n|-boost|p1a: Magcargo|spa|2\n|-boost|p1a: Magcargo|spe|2\n|\n|upkeep\n|turn|18\n|inactive|Time left: 300 sec this turn | 300 sec total\n|\n|t:|1783570336\n|switch|p2a: Rampardos|Rampardos, L90, M|5/100\n|-terastallize|p1a: Magcargo|Dragon\n|move|p1a: Magcargo|Earth Power|p2a: Rampardos\n|-supereffective|p2a: Rampardos\n|-damage|p2a: Rampardos|0 fnt\n|faint|p2a: Rampardos\n|\n|upkeep\n|\n|t:|1783570337\n|switch|p2a: Hoopa|Hoopa-Unbound, L80|21/100\n|turn|19\n|inactive|Time left: 300 sec this turn | 300 sec total\n|\n|t:|1783570338\n|move|p1a: Magcargo|Power Gem|p2a: Hoopa\n|-damage|p2a: Hoopa|0 fnt\n|faint|p2a: Hoopa\n|\n|win|p0x26254930", "uploadtime": 1783570338, "views": 0, "rating": 0, "private": 0, "password": null, "_winner": "p0x26254930", "_our_name": "p0x26254930"}