{"id": "battle-gen9randombattle-2284", "formatid": "gen9randombattle", "format": "[Gen 9] Random Battle", "players": ["p0x2284456b", "p0y228433b0"], "log": "|init|battle\n|title|p0x2284456b vs. p0y228433b0\n|j|\u2606p0x2284456b\n|j|\u2606p0y228433b0\n|t:|1783566456\n|gametype|singles\n|player|p1|p0x2284456b|1|\n|player|p2|p0y228433b0|1|\n|gen|9\n|tier|[Gen 9] Random Battle\n|rule|Species Clause: Limit one of each Pok\u00e9mon\n|rule|HP Percentage Mod: HP is shown in percentages\n|rule|Sleep Clause Mod: Limit one foe put to sleep\n|rule|Illusion Level Mod: Illusion disguises the Pok\u00e9mon's true level\n|\n|t:|1783566456\n|teamsize|p1|6\n|teamsize|p2|6\n|start\n|switch|p1a: Vespiquen|Vespiquen, L99, F|100/100\n|switch|p2a: Tauros|Tauros-Paldea-Blaze, L81, M|254/254\n|-ability|p2a: Tauros|Intimidate|boost\n|-unboost|p1a: Vespiquen|atk|1\n|-ability|p1a: Vespiquen|Pressure\n|turn|1\n|inactive|Battle timer is ON: inactive players will automatically lose when time's up. (requested by p0x2284456b)\n|inactive|Time left: 300 sec this turn | 300 sec total | 60 sec grace\n|inactive|p0y228433b0 also wants the timer to be on.\n|\n|t:|1783566458\n|move|p2a: Tauros|Flare Blitz|p1a: Vespiquen\n|-supereffective|p1a: Vespiquen\n|-damage|p1a: Vespiquen|0 fnt\n|faint|p1a: Vespiquen\n|-damage|p2a: Tauros|155/254|[from] Recoil\n|\n|upkeep\n|\n|t:|1783566459\n|switch|p1a: Flutter Mane|Flutter Mane, L74|100/100\n|turn|2\n|inactive|Time left: 300 sec this turn | 300 sec total\n|\n|t:|1783566460\n|switch|p2a: Scovillain|Scovillain, L91, M|266/266\n|move|p1a: Flutter Mane|Moonblast|p2a: Scovillain\n|-resisted|p2a: Scovillain\n|-damage|p2a: Scovillain|183/266\n|-unboost|p2a: Scovillain|spa|1\n|-damage|p1a: Flutter Mane|91/100|[from] item: Life Orb\n|\n|-heal|p2a: Scovillain|199/266|[from] item: Leftovers\n|upkeep\n|turn|3\n|inactive|Time left: 300 sec this turn | 300 sec total\n|\n|t:|1783566462\n|move|p1a: Flutter Mane|Calm Mind|p1a: Flutter Mane\n|-boost|p1a: Flutter Mane|spa|1\n|-boost|p1a: Flutter Mane|spd|1\n|move|p2a: Scovillain|Leech Seed|p1a: Flutter Mane\n|-start|p1a: Flutter Mane|move: Leech Seed\n|\n|-heal|p2a: Scovillain|215/266|[from] item: Leftovers\n|-damage|p1a: Flutter Mane|78/100|[from] Leech Seed|[of] p2a: Scovillain\n|-heal|p2a: Scovillain|240/266|[silent]\n|upkeep\n|turn|4\n|inactive|Time left: 300 sec this turn | 300 sec total\n|\n|t:|1783566463\n|move|p1a: Flutter Mane|Shadow Ball|p2a: Scovillain\n|-damage|p2a: Scovillain|52/266\n|-unboost|p2a: Scovillain|spd|1\n|-damage|p1a: Flutter Mane|68/100|[from] item: Life Orb\n|move|p2a: Scovillain|Flamethrower|p1a: Flutter Mane\n|-damage|p1a: Flutter Mane|46/100\n|\n|-heal|p2a: Scovillain|68/266|[from] item: Leftovers\n|-damage|p1a: Flutter Mane|34/100|[from] Leech Seed|[of] p2a: Scovillain\n|-heal|p2a: Scovillain|93/266|[silent]\n|upkeep\n|turn|5\n|inactive|Time left: 300 sec this turn | 300 sec total\n|\n|t:|1783566464\n|move|p2a: Scovillain|Protect|p2a: Scovillain\n|-singleturn|p2a: Scovillain|Protect\n|move|p1a: Flutter Mane|Moonblast|p2a: Scovillain\n|-activate|p2a: Scovillain|move: Protect\n|\n|-heal|p2a: Scovillain|109/266|[from] item: Leftovers\n|-damage|p1a: Flutter Mane|21/100|[from] Leech Seed|[of] p2a: Scovillain\n|-heal|p2a: Scovillain|134/266|[silent]\n|upkeep\n|turn|6\n|inactive|Time left: 300 sec this turn | 300 sec total\n|\n|t:|1783566465\n|switch|p2a: Ogerpon|Ogerpon, L80, F|259/259\n|move|p1a: Flutter Mane|Moonblast|p2a: Ogerpon\n|-damage|p2a: Ogerpon|47/259\n|-unboost|p2a: Ogerpon|spa|1\n|-ability|p2a: Ogerpon|Defiant|boost\n|-boost|p2a: Ogerpon|atk|2\n|-damage|p1a: Flutter Mane|11/100|[from] item: Life Orb\n|\n|-heal|p2a: Ogerpon|63/259|[from] item: Leftovers\n|-damage|p1a: Flutter Mane|0 fnt|[from] Leech Seed|[of] p2a: Ogerpon\n|-heal|p2a: Ogerpon|85/259|[silent]\n|faint|p1a: Flutter Mane\n|-end|p1a: Flutter Mane|Protosynthesis|[silent]\n|upkeep\n|\n|t:|1783566466\n|switch|p1a: Toucannon|Toucannon, L88, M|100/100\n|turn|7\n|inactive|Time left: 300 sec this turn | 300 sec total\n|\n|t:|1783566467\n|-singleturn|p1a: Toucannon|move: Beak Blast\n|move|p2a: Ogerpon|Ivy Cudgel|p1a: Toucannon\n|-resisted|p1a: Toucannon\n|-damage|p1a: Toucannon|59/100\n|move|p1a: Toucannon|Beak Blast|p2a: Ogerpon\n|-supereffective|p2a: Ogerpon\n|-damage|p2a: Ogerpon|0 fnt\n|faint|p2a: Ogerpon\n|\n|upkeep\n|inactive|Time left: 300 sec this turn | 300 sec total | 5 sec grace\n|\n|t:|1783566468\n|switch|p2a: Tauros|Tauros-Paldea-Blaze, L81, M|155/254\n|-ability|p2a: Tauros|Intimidate|boost\n|-unboost|p1a: Toucannon|atk|1\n|turn|8\n|inactive|Time left: 300 sec this turn | 300 sec total\n|\n|t:|1783566469\n|switch|p1a: Florges|Florges-Yellow, L85, F|100/100\n|move|p2a: Tauros|Close Combat|p1a: Florges\n|-resisted|p1a: Florges\n|-damage|p1a: Florges|59/100\n|-unboost|p2a: Tauros|def|1\n|-unboost|p2a: Tauros|spd|1\n|\n|-heal|p1a: Florges|65/100|[from] item: Leftovers\n|upkeep\n|turn|9\n|inactive|Time left: 300 sec this turn | 300 sec total\n|\n|t:|1783566470\n|move|p2a: Tauros|Close Combat|p1a: Florges\n|-resisted|p1a: Florges\n|-damage|p1a: Florges|24/100\n|-unboost|p2a: Tauros|def|1\n|-unboost|p2a: Tauros|spd|1\n|move|p1a: Florges|Moonblast|p2a: Tauros\n|-damage|p2a: Tauros|0 fnt\n|faint|p2a: Tauros\n|\n|-heal|p1a: Florges|30/100|[from] item: Leftovers\n|upkeep\n|inactive|Time left: 300 sec this turn | 300 sec total | 5 sec grace\n|\n|t:|1783566471\n|switch|p2a: Scovillain|Scovillain, L91, M|134/266\n|turn|10\n|inactive|Time left: 300 sec this turn | 300 sec total\n|\n|t:|1783566472\n|move|p1a: Florges|Protect|p1a: Florges\n|-singleturn|p1a: Florges|Protect\n|move|p2a: Scovillain|Flamethrower|p1a: Florges\n|-activate|p1a: Florges|move: Protect\n|\n|-heal|p2a: Scovillain|150/266|[from] item: Leftovers\n|-heal|p1a: Florges|36/100|[from] item: Leftovers\n|upkeep\n|turn|11\n|inactive|Time left: 300 sec this turn | 300 sec total\n|\n|t:|1783566473\n|move|p2a: Scovillain|Flamethrower|p1a: Florges\n|-damage|p1a: Florges|6/100\n|move|p1a: Florges|Wish|p1a: Florges\n|\n|-heal|p2a: Scovillain|166/266|[from] item: Leftovers\n|-heal|p1a: Florges|12/100|[from] item: Leftovers\n|upkeep\n|turn|12\n|inactive|Time left: 300 sec this turn | 300 sec total\n|\n|t:|1783566474\n|move|p1a: Florges|Protect|p1a: Florges\n|-singleturn|p1a: Florges|Protect\n|move|p2a: Scovillain|Flamethrower|p1a: Florges\n|-activate|p1a: Florges|move: Protect\n|\n|-heal|p1a: Florges|62/100|[from] move: Wish|[wisher] Florges\n|-heal|p2a: Scovillain|182/266|[from] item: Leftovers\n|-heal|p1a: Florges|68/100|[from] item: Leftovers\n|upkeep\n|turn|13\n|inactive|Time left: 300 sec this turn | 300 sec total\n|\n|t:|1783566475\n|move|p2a: Scovillain|Leech Seed|p1a: Florges\n|-start|p1a: Florges|move: Leech Seed\n|move|p1a: Florges|Calm Mind|p1a: Florges\n|-boost|p1a: Florges|spa|1\n|-boost|p1a: Florges|spd|1\n|\n|-heal|p2a: Scovillain|198/266|[from] item: Leftovers\n|-heal|p1a: Florges|74/100|[from] item: Leftovers\n|-damage|p1a: Florges|62/100|[from] Leech Seed|[of] p2a: Scovillain\n|-heal|p2a: Scovillain|231/266|[silent]\n|upkeep\n|turn|14\n|inactive|Time left: 300 sec this turn | 300 sec total\n|\n|t:|1783566476\n|move|p2a: Scovillain|Flamethrower|p1a: Florges\n|-damage|p1a: Florges|44/100\n|move|p1a: Florges|Wish|p1a: Florges\n|\n|-heal|p2a: Scovillain|247/266|[from] item: Leftovers\n|-heal|p1a: Florges|50/100|[from] item: Leftovers\n|-damage|p1a: Florges|38/100|[from] Leech Seed|[of] p2a: Scovillain\n|-heal|p2a: Scovillain|266/266|[silent]\n|upkeep\n|turn|15\n|inactive|Time left: 300 sec this turn | 300 sec total\n|\n|t:|1783566477\n|move|p2a: Scovillain|Flamethrower|p1a: Florges\n|-damage|p1a: Florges|20/100\n|move|p1a: Florges|Calm Mind|p1a: Florges\n|-boost|p1a: Florges|spa|1\n|-boost|p1a: Florges|spd|1\n|\n|-heal|p1a: Florges|70/100|[from] move: Wish|[wisher] Florges\n|-heal|p1a: Florges|76/100|[from] item: Leftovers\n|-damage|p1a: Florges|64/100|[from] Leech Seed|[of] p2a: Scovillain\n|upkeep\n|turn|16\n|inactive|Time left: 300 sec this turn | 300 sec total\n|\n|t:|1783566478\n|move|p2a: Scovillain|Substitute|p2a: Scovillain\n|-start|p2a: Scovillain|Substitute\n|-damage|p2a: Scovillain|200/266\n|move|p1a: Florges|Wish|p1a: Florges\n|\n|-heal|p2a: Scovillain|216/266|[from] item: Leftovers\n|-heal|p1a: Florges|70/100|[from] item: Leftovers\n|-damage|p1a: Florges|57/100|[from] Leech Seed|[of] p2a: Scovillain\n|-heal|p2a: Scovillain|249/266|[silent]\n|upkeep\n|turn|17\n|inactive|Time left: 300 sec this turn | 300 sec total\n|\n|t:|1783566479\n|move|p2a: Scovillain|Protect|p2a: Scovillain\n|-singleturn|p2a: Scovillain|Protect\n|move|p1a: Florges|Calm Mind|p1a: Florges\n|-boost|p1a: Florges|spa|1\n|-boost|p1a: Florges|spd|1\n|\n|-heal|p1a: Florges|100/100|[from] move: Wish|[wisher] Florges\n|-heal|p2a: Scovillain|265/266|[from] item: Leftovers\n|-damage|p1a: Florges|88/100|[from] Leech Seed|[of] p2a: Scovillain\n|-heal|p2a: Scovillain|266/266|[silent]\n|upkeep\n|turn|18\n|inactive|Time left: 300 sec this turn | 300 sec total\n|\n|t:|1783566480\n|move|p2a: Scovillain|Flamethrower|p1a: Florges\n|-damage|p1a: Florges|76/100\n|move|p1a: Florges|Moonblast|p2a: Scovillain\n|-resisted|p2a: Scovillain\n|-end|p2a: Scovillain|Substitute\n|\n|-heal|p1a: Florges|82/100|[from] item: Leftovers\n|-damage|p1a: Florges|70/100|[from] Leech Seed|[of] p2a: Scovillain\n|upkeep\n|turn|19\n|inactive|Time left: 300 sec this turn | 300 sec total\n|\n|t:|1783566481\n|move|p2a: Scovillain|Substitute|p2a: Scovillain\n|-start|p2a: Scovillain|Substitute\n|-damage|p2a: Scovillain|200/266\n|move|p1a: Florges|Moonblast|p2a: Scovillain\n|-resisted|p2a: Scovillain\n|-end|p2a: Scovillain|Substitute\n|\n|-heal|p2a: Scovillain|216/266|[from] item: Leftovers\n|-heal|p1a: Florges|76/100|[from] item: Leftovers\n|-damage|p1a: Florges|64/100|[from] Leech Seed|[of] p2a: Scovillain\n|-heal|p2a: Scovillain|249/266|[silent]\n|upkeep\n|turn|20\n|inactive|Time left: 300 sec this turn | 300 sec total\n|\n|t:|1783566482\n|move|p2a: Scovillain|Substitute|p2a: Scovillain\n|-start|p2a: Scovillain|Substitute\n|-damage|p2a: Scovillain|183/266\n|move|p1a: Florges|Moonblast|p2a: Scovillain\n|-resisted|p2a: Scovillain\n|-end|p2a: Scovillain|Substitute\n|\n|-heal|p2a: Scovillain|199/266|[from] item: Leftovers\n|-heal|p1a: Florges|70/100|[from] item: Leftovers\n|-damage|p1a: Florges|57/100|[from] Leech Seed|[of] p2a: Scovillain\n|-heal|p2a: Scovillain|232/266|[silent]\n|upkeep\n|turn|21\n|inactive|Time left: 300 sec this turn | 300 sec total\n|\n|t:|1783566482\n|move|p2a: Scovillain|Substitute|p2a: Scovillain\n|-start|p2a: Scovillain|Substitute\n|-damage|p2a: Scovillain|166/266\n|move|p1a: Florges|Moonblast|p2a: Scovillain\n|-resisted|p2a: Scovillain\n|-end|p2a: Scovillain|Substitute\n|\n|-heal|p2a: Scovillain|182/266|[from] item: Leftovers\n|-heal|p1a: Florges|63/100|[from] item: Leftovers\n|-damage|p1a: Florges|51/100|[from] Leech Seed|[of] p2a: Scovillain\n|-heal|p2a: Scovillain|215/266|[silent]\n|upkeep\n|turn|22\n|inactive|Time left: 300 sec this turn | 300 sec total\n|\n|t:|1783566483\n|move|p2a: Scovillain|Substitute|p2a: Scovillain\n|-start|p2a: Scovillain|Substitute\n|-damage|p2a: Scovillain|149/266\n|move|p1a: Florges|Wish|p1a: Florges\n|\n|-heal|p2a: Scovillain|165/266|[from] item: Leftovers\n|-heal|p1a: Florges|57/100|[from] item: Leftovers\n|-damage|p1a: Florges|45/100|[from] Leech Seed|[of] p2a: Scovillain\n|-heal|p2a: Scovillain|198/266|[silent]\n|upkeep\n|turn|23\n|inactive|Time left: 300 sec this turn | 300 sec total\n|\n|t:|1783566484\n|move|p2a: Scovillain|Flamethrower|p1a: Florges\n|-damage|p1a: Florges|33/100\n|move|p1a: Florges|Moonblast|p2a: Scovillain\n|-resisted|p2a: Scovillain\n|-end|p2a: Scovillain|Substitute\n|\n|-heal|p1a: Florges|82/100|[from] move: Wish|[wisher] Florges\n|-heal|p2a: Scovillain|214/266|[from] item: Leftovers\n|-heal|p1a: Florges|88/100|[from] item: Leftovers\n|-damage|p1a: Florges|76/100|[from] Leech Seed|[of] p2a: Scovillain\n|-heal|p2a: Scovillain|247/266|[silent]\n|upkeep\n|turn|24\n|inactive|Time left: 300 sec this turn | 300 sec total\n|\n|t:|1783566485\n|move|p2a: Scovillain|Substitute|p2a: Scovillain\n|-start|p2a: Scovillain|Substitute\n|-damage|p2a: Scovillain|181/266\n|move|p1a: Florges|Moonblast|p2a: Scovillain\n|-resisted|p2a: Scovillain\n|-end|p2a: Scovillain|Substitute\n|\n|-heal|p2a: Scovillain|197/266|[from] item: Leftovers\n|-heal|p1a: Florges|82/100|[from] item: Leftovers\n|-damage|p1a: Florges|70/100|[from] Leech Seed|[of] p2a: Scovillain\n|-heal|p2a: Scovillain|230/266|[silent]\n|upkeep\n|turn|25\n|inactive|Time left: 300 sec this turn | 300 sec total\n|\n|t:|1783566486\n|move|p2a: Scovillain|Substitute|p2a: Scovillain\n|-start|p2a: Scovillain|Substitute\n|-damage|p2a: Scovillain|164/266\n|move|p1a: Florges|Moonblast|p2a: Scovillain\n|-resisted|p2a: Scovillain\n|-end|p2a: Scovillain|Substitute\n|\n|-heal|p2a: Scovillain|180/266|[from] item: Leftovers\n|-heal|p1a: Florges|76/100|[from] item: Leftovers\n|-damage|p1a: Florges|64/100|[from] Leech Seed|[of] p2a: Scovillain\n|-heal|p2a: Scovillain|213/266|[silent]\n|upkeep\n|turn|26\n|inactive|Time left: 300 sec this turn | 300 sec total\n|\n|t:|1783566487\n|move|p2a: Scovillain|Substitute|p2a: Scovillain\n|-start|p2a: Scovillain|Substitute\n|-damage|p2a: Scovillain|147/266\n|move|p1a: Florges|Moonblast|p2a: Scovillain\n|-resisted|p2a: Scovillain\n|-end|p2a: Scovillain|Substitute\n|\n|-heal|p2a: Scovillain|163/266|[from] item: Leftovers\n|-heal|p1a: Florges|70/100|[from] item: Leftovers\n|-damage|p1a: Florges|57/100|[from] Leech Seed|[of] p2a: Scovillain\n|-heal|p2a: Scovillain|196/266|[silent]\n|upkeep\n|turn|27\n|inactive|Time left: 300 sec this turn | 300 sec total\n|\n|t:|1783566488\n|move|p2a: Scovillain|Substitute|p2a: Scovillain\n|-start|p2a: Scovillain|Substitute\n|-damage|p2a: Scovillain|130/266\n|move|p1a: Florges|Moonblast|p2a: Scovillain\n|-resisted|p2a: Scovillain\n|-end|p2a: Scovillain|Substitute\n|\n|-heal|p2a: Scovillain|146/266|[from] item: Leftovers\n|-heal|p1a: Florges|63/100|[from] item: Leftovers\n|-damage|p1a: Florges|51/100|[from] Leech Seed|[of] p2a: Scovillain\n|-heal|p2a: Scovillain|179/266|[silent]\n|upkeep\n|turn|28\n|inactive|Time left: 300 sec this turn | 300 sec total\n|\n|t:|1783566489\n|move|p2a: Scovillain|Substitute|p2a: Scovillain\n|-start|p2a: Scovillain|Substitute\n|-damage|p2a: Scovillain|113/266\n|move|p1a: Florges|Moonblast|p2a: Scovillain\n|-resisted|p2a: Scovillain\n|-crit|p2a: Scovillain\n|-end|p2a: Scovillain|Substitute\n|\n|-heal|p2a: Scovillain|129/266|[from] item: Leftovers\n|-heal|p1a: Florges|57/100|[from] item: Leftovers\n|-damage|p1a: Florges|45/100|[from] Leech Seed|[of] p2a: Scovillain\n|-heal|p2a: Scovillain|162/266|[silent]\n|upkeep\n|turn|29\n|inactive|Time left: 300 sec this turn | 300 sec total\n|\n|t:|1783566490\n|move|p2a: Scovillain|Protect|p2a: Scovillain\n|-singleturn|p2a: Scovillain|Protect\n|move|p1a: Florges|Wish|p1a: Florges\n|\n|-heal|p2a: Scovillain|178/266|[from] item: Leftovers\n|-heal|p1a: Florges|51/100|[from] item: Leftovers\n|-damage|p1a: Florges|39/100|[from] Leech Seed|[of] p2a: Scovillain\n|-heal|p2a: Scovillain|211/266|[silent]\n|upkeep\n|turn|30\n|inactive|Time left: 300 sec this turn | 300 sec total\n|\n|t:|1783566491\n|move|p2a: Scovillain|Substitute|p2a: Scovillain\n|-start|p2a: Scovillain|Substitute\n|-damage|p2a: Scovillain|145/266\n|move|p1a: Florges|Moonblast|p2a: Scovillain\n|-resisted|p2a: Scovillain\n|-end|p2a: Scovillain|Substitute\n|\n|-heal|p1a: Florges|88/100|[from] move: Wish|[wisher] Florges\n|-heal|p2a: Scovillain|161/266|[from] item: Leftovers\n|-heal|p1a: Florges|94/100|[from] item: Leftovers\n|-damage|p1a: Florges|82/100|[from] Leech Seed|[of] p2a: Scovillain\n|-heal|p2a: Scovillain|194/266|[silent]\n|upkeep\n|turn|31\n|inactive|Time left: 300 sec this turn | 300 sec total\n|\n|t:|1783566492\n|move|p2a: Scovillain|Substitute|p2a: Scovillain\n|-start|p2a: Scovillain|Substitute\n|-damage|p2a: Scovillain|128/266\n|move|p1a: Florges|Moonblast|p2a: Scovillain\n|-resisted|p2a: Scovillain\n|-end|p2a: Scovillain|Substitute\n|\n|-heal|p2a: Scovillain|144/266|[from] item: Leftovers\n|-heal|p1a: Florges|88/100|[from] item: Leftovers\n|-damage|p1a: Florges|76/100|[from] Leech Seed|[of] p2a: Scovillain\n|-heal|p2a: Scovillain|177/266|[silent]\n|upkeep\n|turn|32\n|inactive|Time left: 300 sec this turn | 300 sec total\n|\n|t:|1783566493\n|move|p2a: Scovillain|Substitute|p2a: Scovillain\n|-start|p2a: Scovillain|Substitute\n|-damage|p2a: Scovillain|111/266\n|move|p1a: Florges|Moonblast|p2a: Scovillain\n|-resisted|p2a: Scovillain\n|-crit|p2a: Scovillain\n|-end|p2a: Scovillain|Substitute\n|\n|-heal|p2a: Scovillain|127/266|[from] item: Leftovers\n|-heal|p1a: Florges|82/100|[from] item: Leftovers\n|-damage|p1a: Florges|70/100|[from] Leech Seed|[of] p2a: Scovillain\n|-heal|p2a: Scovillain|160/266|[silent]\n|upkeep\n|turn|33\n|inactive|Time left: 300 sec this turn | 300 sec total\n|\n|t:|1783566495\n|move|p2a: Scovillain|Substitute|p2a: Scovillain\n|-start|p2a: Scovillain|Substitute\n|-damage|p2a: Scovillain|94/266\n|move|p1a: Florges|Moonblast|p2a: Scovillain\n|-resisted|p2a: Scovillain\n|-end|p2a: Scovillain|Substitute\n|\n|-heal|p2a: Scovillain|110/266|[from] item: Leftovers\n|-heal|p1a: Florges|75/100|[from] item: Leftovers\n|-damage|p1a: Florges|63/100|[from] Leech Seed|[of] p2a: Scovillain\n|-heal|p2a: Scovillain|143/266|[silent]\n|upkeep\n|turn|34\n|inactive|Time left: 300 sec this turn | 300 sec total\n|\n|t:|1783566496\n|move|p2a: Scovillain|Protect|p2a: Scovillain\n|-singleturn|p2a: Scovillain|Protect\n|move|p1a: Florges|Moonblast|p2a: Scovillain\n|-activate|p2a: Scovillain|move: Protect\n|\n|-heal|p2a: Scovillain|159/266|[from] item: Leftovers\n|-heal|p1a: Florges|69/100|[from] item: Leftovers\n|-damage|p1a: Florges|57/100|[from] Leech Seed|[of] p2a: Scovillain\n|-heal|p2a: Scovillain|192/266|[silent]\n|upkeep\n|turn|35\n|inactive|Time left: 300 sec this turn | 300 sec total\n|\n|t:|1783566497\n|move|p2a: Scovillain|Substitute|p2a: Scovillain\n|-start|p2a: Scovillain|Substitute\n|-damage|p2a: Scovillain|126/266\n|move|p1a: Florges|Moonblast|p2a: Scovillain\n|-resisted|p2a: Scovillain\n|-crit|p2a: Scovillain\n|-end|p2a: Scovillain|Substitute\n|\n|-heal|p2a: Scovillain|142/266|[from] item: Leftovers\n|-heal|p1a: Florges|63/100|[from] item: Leftovers\n|-damage|p1a: Florges|51/100|[from] Leech Seed|[of] p2a: Scovillain\n|-heal|p2a: Scovillain|175/266|[silent]\n|upkeep\n|turn|36\n|inactive|Time left: 300 sec this turn | 300 sec total\n|\n|t:|1783566498\n|move|p2a: Scovillain|Protect|p2a: Scovillain\n|-singleturn|p2a: Scovillain|Protect\n|move|p1a: Florges|Moonblast|p2a: Scovillain\n|-activate|p2a: Scovillain|move: Protect\n|\n|-heal|p2a: Scovillain|191/266|[from] item: Leftovers\n|-heal|p1a: Florges|57/100|[from] item: Leftovers\n|-damage|p1a: Florges|44/100|[from] Leech Seed|[of] p2a: Scovillain\n|-heal|p2a: Scovillain|224/266|[silent]\n|upkeep\n|turn|37\n|inactive|Time left: 300 sec this turn | 300 sec total\n|\n|t:|1783566499\n|move|p2a: Scovillain|Substitute|p2a: Scovillain\n|-start|p2a: Scovillain|Substitute\n|-damage|p2a: Scovillain|158/266\n|move|p1a: Florges|Moonblast|p2a: Scovillain\n|-resisted|p2a: Scovillain\n|-end|p2a: Scovillain|Substitute\n|\n|-heal|p2a: Scovillain|174/266|[from] item: Leftovers\n|-heal|p1a: Florges|50/100|[from] item: Leftovers\n|-damage|p1a: Florges|38/100|[from] Leech Seed|[of] p2a: Scovillain\n|-heal|p2a: Scovillain|207/266|[silent]\n|upkeep\n|turn|38\n|inactive|Time left: 300 sec this turn | 300 sec total\n|\n|t:|1783566500\n|move|p2a: Scovillain|Flamethrower|p1a: Florges\n|-damage|p1a: Florges|27/100\n|move|p1a: Florges|Moonblast|p2a: Scovillain\n|-resisted|p2a: Scovillain\n|-damage|p2a: Scovillain|37/266\n|\n|-heal|p2a: Scovillain|53/266|[from] item: Leftovers\n|-heal|p1a: Florges|33/100|[from] item: Leftovers\n|-damage|p1a: Florges|20/100|[from] Leech Seed|[of] p2a: Scovillain\n|-heal|p2a: Scovillain|86/266|[silent]\n|upkeep\n|turn|39\n|inactive|Time left: 300 sec this turn | 300 sec total\n|\n|t:|1783566501\n|move|p2a: Scovillain|Flamethrower|p1a: Florges\n|-damage|p1a: Florges|8/100\n|-status|p1a: Florges|brn\n|move|p1a: Florges|Moonblast|p2a: Scovillain\n|-resisted|p2a: Scovillain\n|-damage|p2a: Scovillain|0 fnt\n|faint|p2a: Scovillain\n|\n|-heal|p1a: Florges|14/100 brn|[from] item: Leftovers\n|-damage|p1a: Florges|8/100 brn|[from] brn\n|upkeep\n|inactive|Time left: 300 sec this turn | 300 sec total | 5 sec grace\n|\n|t:|1783566502\n|switch|p2a: Kilowattrel|Kilowattrel, L83, F|252/252\n|turn|40\n|inactive|Time left: 300 sec this turn | 300 sec total\n|\n|t:|1783566503\n|move|p2a: Kilowattrel|Thunderbolt|p1a: Florges\n|-damage|p1a: Florges|0 fnt\n|faint|p1a: Florges\n|\n|upkeep\n|\n|t:|1783566504\n|switch|p1a: Rabsca|Rabsca, L91, M|100/100\n|turn|41\n|inactive|Time left: 300 sec this turn | 300 sec total\n|\n|t:|1783566506\n|move|p2a: Kilowattrel|Hurricane|p1a: Rabsca|[miss]\n|-miss|p2a: Kilowattrel|p1a: Rabsca\n|move|p1a: Rabsca|Psychic|p2a: Kilowattrel\n|-damage|p2a: Kilowattrel|92/252\n|\n|upkeep\n|turn|42\n|inactive|Time left: 300 sec this turn | 300 sec total\n|\n|t:|1783566507\n|move|p2a: Kilowattrel|Hurricane|p1a: Rabsca|[miss]\n|-miss|p2a: Kilowattrel|p1a: Rabsca\n|move|p1a: Rabsca|Psychic|p2a: Kilowattrel\n|-damage|p2a: Kilowattrel|0 fnt\n|faint|p2a: Kilowattrel\n|\n|upkeep\n|inactive|Time left: 300 sec this turn | 300 sec total | 5 sec grace\n|\n|t:|1783566508\n|switch|p2a: Kingdra|Kingdra, L84, F|263/263\n|turn|43\n|inactive|Time left: 300 sec this turn | 300 sec total\n|\n|t:|1783566509\n|move|p2a: Kingdra|Hurricane|p1a: Rabsca\n|-supereffective|p1a: Rabsca\n|-damage|p1a: Rabsca|37/100\n|-damage|p2a: Kingdra|237/263|[from] item: Life Orb\n|move|p1a: Rabsca|Psychic|p2a: Kingdra\n|-damage|p2a: Kingdra|122/263\n|\n|upkeep\n|turn|44\n|inactive|Time left: 300 sec this turn | 300 sec total\n|\n|t:|1783566510\n|switch|p1a: Palafin|Palafin, L77, M|100/100\n|move|p2a: Kingdra|Wave Crash|p1a: Palafin\n|-resisted|p1a: Palafin\n|-damage|p1a: Palafin|67/100\n|-damage|p2a: Kingdra|91/263|[from] Recoil\n|-damage|p2a: Kingdra|65/263|[from] item: Life Orb\n|\n|-heal|p1a: Palafin|73/100|[from] item: Leftovers\n|upkeep\n|turn|45\n|inactive|Time left: 300 sec this turn | 300 sec total\n|\n|t:|1783566511\n|move|p1a: Palafin|Bulk Up|p1a: Palafin\n|-boost|p1a: Palafin|atk|1\n|-boost|p1a: Palafin|def|1\n|move|p2a: Kingdra|Draco Meteor|p1a: Palafin\n|-damage|p1a: Palafin|0 fnt\n|-unboost|p2a: Kingdra|spa|2\n|faint|p1a: Palafin\n|-damage|p2a: Kingdra|39/263|[from] item: Life Orb\n|\n|upkeep\n|\n|t:|1783566512\n|switch|p1a: Rabsca|Rabsca, L91, M|37/100\n|turn|46\n|inactive|Time left: 300 sec this turn | 300 sec total\n|\n|t:|1783566513\n|move|p2a: Kingdra|Wave Crash|p1a: Rabsca\n|-crit|p1a: Rabsca\n|-damage|p1a: Rabsca|0 fnt\n|faint|p1a: Rabsca\n|-damage|p2a: Kingdra|4/263|[from] Recoil\n|-damage|p2a: Kingdra|0 fnt|[from] item: Life Orb\n|faint|p2a: Kingdra\n|\n|upkeep\n|inactive|Time left: 300 sec this turn | 300 sec total | 5 sec grace\n|\n|t:|1783566514\n|switch|p2a: Chimecho|Chimecho, L93, M|290/290\n|switch|p1a: Toucannon|Toucannon, L88, M|59/100\n|turn|47\n|inactive|Time left: 300 sec this turn | 300 sec total\n|\n|t:|1783566516\n|-terastallize|p2a: Chimecho|Electric\n|-terastallize|p1a: Toucannon|Steel\n|-singleturn|p1a: Toucannon|move: Beak Blast\n|move|p2a: Chimecho|Psychic Noise|p1a: Toucannon\n|-resisted|p1a: Toucannon\n|-damage|p1a: Toucannon|42/100\n|-start|p1a: Toucannon|move: Heal Block\n|move|p1a: Toucannon|Beak Blast|p2a: Chimecho\n|-resisted|p2a: Chimecho\n|-damage|p2a: Chimecho|221/290\n|\n|-heal|p2a: Chimecho|239/290|[from] item: Leftovers\n|upkeep\n|turn|48\n|inactive|Time left: 300 sec this turn | 300 sec total\n|\n|t:|1783566517\n|move|p2a: Chimecho|Knock Off|p1a: Toucannon\n|-damage|p1a: Toucannon|21/100\n|-enditem|p1a: Toucannon|Heavy-Duty Boots|[from] move: Knock Off|[of] p2a: Chimecho\n|move|p1a: Toucannon|Knock Off|p2a: Chimecho\n|-damage|p2a: Chimecho|148/290\n|-enditem|p2a: Chimecho|Leftovers|[from] move: Knock Off|[of] p1a: Toucannon\n|\n|-end|p1a: Toucannon|move: Heal Block\n|upkeep\n|turn|49\n|inactive|Time left: 300 sec this turn | 300 sec total\n|\n|t:|1783566519\n|move|p2a: Chimecho|Psychic Noise|p1a: Toucannon\n|-resisted|p1a: Toucannon\n|-damage|p1a: Toucannon|3/100\n|-start|p1a: Toucannon|move: Heal Block\n|move|p1a: Toucannon|Boomburst|p2a: Chimecho\n|-damage|p2a: Chimecho|31/290\n|\n|upkeep\n|turn|50\n|inactive|Time left: 300 sec this turn | 300 sec total\n|\n|t:|1783566520\n|move|p2a: Chimecho|Psychic Noise|p1a: Toucannon\n|-resisted|p1a: Toucannon\n|-damage|p1a: Toucannon|0 fnt\n|faint|p1a: Toucannon\n|\n|win|p0y228433b0", "uploadtime": 1783566520, "views": 0, "rating": 0, "private": 0, "password": null, "_winner": "p0y228433b0", "_our_name": "p0y228433b0"}