{"id": "battle-gen9randombattle-371", "formatid": "gen9randombattle", "format": "[Gen 9] Random Battle", "players": ["p0x371ecd7", "p0y371eece"], "log": "|init|battle\n|title|p0x371ecd7 vs. p0y371eece\n|j|\u2606p0x371ecd7\n|j|\u2606p0y371eece\n|t:|1783543963\n|gametype|singles\n|player|p1|p0x371ecd7|169|\n|player|p2|p0y371eece|266|\n|gen|9\n|tier|[Gen 9] Random Battle\n|rule|Species Clause: Limit one of each Pok\u00e9mon\n|rule|HP Percentage Mod: HP is shown in percentages\n|rule|Sleep Clause Mod: Limit one foe put to sleep\n|rule|Illusion Level Mod: Illusion disguises the Pok\u00e9mon's true level\n|\n|t:|1783543963\n|teamsize|p1|6\n|teamsize|p2|6\n|start\n|switch|p1a: Zekrom|Zekrom, L71|259/259\n|switch|p2a: Hydreigon|Hydreigon, L79, F|100/100\n|-ability|p1a: Zekrom|Teravolt\n|turn|1\n|inactive|Battle timer is ON: inactive players will automatically lose when time's up. (requested by p0x371ecd7)\n|inactive|p0y371eece also wants the timer to be on.\n|\n|t:|1783543965\n|-terastallize|p1a: Zekrom|Steel\n|move|p2a: Hydreigon|Draco Meteor|p1a: Zekrom\n|-resisted|p1a: Zekrom\n|-damage|p1a: Zekrom|148/259\n|-unboost|p2a: Hydreigon|spa|2\n|move|p1a: Zekrom|Outrage|p2a: Hydreigon\n|-supereffective|p2a: Hydreigon\n|-damage|p2a: Hydreigon|0 fnt\n|faint|p2a: Hydreigon\n|\n|-heal|p1a: Zekrom|164/259|[from] item: Leftovers\n|upkeep\n|\n|t:|1783543966\n|switch|p2a: Clefable|Clefable, L83, M|100/100\n|turn|2\n|inactive|Time left: 300 sec this turn | 300 sec total\n|\n|t:|1783543967\n|move|p1a: Zekrom|Outrage|p2a: Clefable|[from] lockedmove\n|-immune|p2a: Clefable\n|-start|p1a: Zekrom|confusion|[fatigue]\n|move|p2a: Clefable|Fire Blast|p1a: Zekrom\n|-supereffective|p1a: Zekrom\n|-damage|p1a: Zekrom|0 fnt\n|faint|p1a: Zekrom\n|\n|upkeep\n|inactive|Time left: 300 sec this turn | 300 sec total | 5 sec grace\n|\n|t:|1783543968\n|switch|p1a: Toxicroak|Toxicroak, L84, F|277/277\n|turn|3\n|inactive|Time left: 300 sec this turn | 300 sec total\n|\n|t:|1783543970\n|move|p1a: Toxicroak|Gunk Shot|p2a: Clefable\n|-supereffective|p2a: Clefable\n|-crit|p2a: Clefable\n|-damage|p2a: Clefable|0 fnt\n|faint|p2a: Clefable\n|\n|upkeep\n|\n|t:|1783543971\n|switch|p2a: Zacian|Zacian-Crowned, L64|100/100\n|-ability|p2a: Zacian|Intrepid Sword|boost\n|-boost|p2a: Zacian|atk|1\n|turn|4\n|inactive|Time left: 300 sec this turn | 300 sec total\n|\n|t:|1783543972\n|switch|p1a: Golurk|Golurk, L87|297/297\n|move|p2a: Zacian|Swords Dance|p2a: Zacian\n|-boost|p2a: Zacian|atk|2\n|\n|upkeep\n|turn|5\n|inactive|Time left: 300 sec this turn | 300 sec total\n|\n|t:|1783543973\n|move|p2a: Zacian|Behemoth Blade|p1a: Golurk\n|-damage|p1a: Golurk|69/297\n|move|p1a: Golurk|Earthquake|p2a: Zacian\n|-supereffective|p2a: Zacian\n|-damage|p2a: Zacian|0 fnt\n|faint|p2a: Zacian\n|-damage|p1a: Golurk|40/297|[from] item: Life Orb\n|\n|upkeep\n|\n|t:|1783543974\n|switch|p2a: Weavile|Weavile, L79, M|100/100\n|turn|6\n|inactive|Time left: 300 sec this turn | 300 sec total\n|\n|t:|1783543976\n|move|p2a: Weavile|Triple Axel|p1a: Golurk\n|-supereffective|p1a: Golurk\n|-damage|p1a: Golurk|0 fnt\n|faint|p1a: Golurk\n|-hitcount|p1: Golurk|1\n|\n|upkeep\n|inactive|Time left: 300 sec this turn | 300 sec total | 5 sec grace\n|\n|t:|1783543976\n|switch|p1a: Toxicroak|Toxicroak, L84, F|277/277\n|turn|7\n|inactive|Time left: 300 sec this turn | 300 sec total\n|\n|t:|1783543977\n|switch|p2a: Araquanid|Araquanid, L82, M|100/100\n|move|p1a: Toxicroak|Close Combat|p2a: Araquanid\n|-resisted|p2a: Araquanid\n|-damage|p2a: Araquanid|57/100\n|-unboost|p1a: Toxicroak|def|1\n|-unboost|p1a: Toxicroak|spd|1\n|\n|upkeep\n|turn|8\n|inactive|Time left: 300 sec this turn | 300 sec total\n|\n|t:|1783543978\n|move|p1a: Toxicroak|Close Combat|p2a: Araquanid\n|-resisted|p2a: Araquanid\n|-damage|p2a: Araquanid|19/100\n|-unboost|p1a: Toxicroak|def|1\n|-unboost|p1a: Toxicroak|spd|1\n|move|p2a: Araquanid|Sticky Web|p1a: Toxicroak\n|-sidestart|p1: p0x371ecd7|move: Sticky Web\n|\n|upkeep\n|turn|9\n|inactive|Time left: 300 sec this turn | 300 sec total\n|\n|t:|1783543979\n|move|p1a: Toxicroak|Close Combat|p2a: Araquanid\n|-resisted|p2a: Araquanid\n|-damage|p2a: Araquanid|0 fnt\n|-unboost|p1a: Toxicroak|def|1\n|-unboost|p1a: Toxicroak|spd|1\n|faint|p2a: Araquanid\n|\n|upkeep\n|\n|t:|1783543980\n|switch|p2a: Weavile|Weavile, L79, M|100/100\n|turn|10\n|inactive|Time left: 300 sec this turn | 300 sec total\n|\n|t:|1783543981\n|switch|p1a: Greedent|Greedent, L86, M|347/347\n|-activate|p1a: Greedent|move: Sticky Web\n|-unboost|p1a: Greedent|spe|1\n|move|p2a: Weavile|Triple Axel|p1a: Greedent\n|-damage|p1a: Greedent|326/347\n|-damage|p1a: Greedent|281/347\n|-hitcount|p1a: Greedent|2\n|\n|upkeep\n|turn|11\n|inactive|Time left: 300 sec this turn | 300 sec total\n|\n|t:|1783543982\n|move|p2a: Weavile|Swords Dance|p2a: Weavile\n|-boost|p2a: Weavile|atk|2\n|move|p1a: Greedent|Earthquake|p2a: Weavile\n|-crit|p2a: Weavile\n|-damage|p2a: Weavile|44/100\n|\n|upkeep\n|turn|12\n|inactive|Time left: 300 sec this turn | 300 sec total\n|\n|t:|1783543983\n|-terastallize|p2a: Weavile|Ice\n|move|p2a: Weavile|Triple Axel|p1a: Greedent\n|-damage|p1a: Greedent|223/347\n|-damage|p1a: Greedent|119/347\n|-enditem|p1a: Greedent|Sitrus Berry|[eat]\n|-heal|p1a: Greedent|205/347|[from] item: Sitrus Berry\n|-heal|p1a: Greedent|320/347|[from] ability: Cheek Pouch\n|-hitcount|p1a: Greedent|2\n|move|p1a: Greedent|Double-Edge|p2a: Weavile\n|-damage|p2a: Weavile|0 fnt\n|faint|p2a: Weavile\n|-damage|p1a: Greedent|285/347|[from] Recoil\n|\n|upkeep\n|\n|t:|1783543983\n|switch|p2a: Cramorant|Cramorant, L86, M|100/100\n|turn|13\n|inactive|Time left: 300 sec this turn | 300 sec total\n|\n|t:|1783543984\n|move|p2a: Cramorant|Surf|p1a: Greedent\n|-formechange|p2a: Cramorant|Cramorant-Gulping|\n|-damage|p1a: Greedent|179/347\n|move|p1a: Greedent|Swords Dance|p1a: Greedent\n|-boost|p1a: Greedent|atk|2\n|\n|upkeep\n|turn|14\n|inactive|Time left: 300 sec this turn | 300 sec total\n|\n|t:|1783543985\n|move|p2a: Cramorant|Roost||[still]\n|-fail|p2a: Cramorant|heal\n|move|p1a: Greedent|Double-Edge|p2a: Cramorant\n|-damage|p2a: Cramorant|0 fnt\n|-damage|p1a: Greedent|93/347|[from] ability: Gulp Missile|[of] p2a: Cramorant\n|-unboost|p1a: Greedent|def|1\n|-formechange|p2a: Cramorant|Cramorant|\n|faint|p2a: Cramorant\n|-damage|p1a: Greedent|7/347|[from] Recoil\n|\n|win|p0x371ecd7", "uploadtime": 1783543985, "views": 0, "rating": 0, "private": 0, "password": null, "_winner": "p0x371ecd7", "_our_name": "p0x371ecd7"}