{"id": "battle-gen9randombattle-2325", "formatid": "gen9randombattle", "format": "[Gen 9] Random Battle", "players": ["p0x2325f945", "p0y2325206b"], "log": "|init|battle\n|title|p0x2325f945 vs. p0y2325206b\n|j|\u2606p0x2325f945\n|j|\u2606p0y2325206b\n|t:|1783566984\n|gametype|singles\n|player|p1|p0x2325f945|2|\n|player|p2|p0y2325206b|102|\n|gen|9\n|tier|[Gen 9] Random Battle\n|rule|Species Clause: Limit one of each Pok\u00e9mon\n|rule|HP Percentage Mod: HP is shown in percentages\n|rule|Sleep Clause Mod: Limit one foe put to sleep\n|rule|Illusion Level Mod: Illusion disguises the Pok\u00e9mon's true level\n|\n|t:|1783566984\n|teamsize|p1|6\n|teamsize|p2|6\n|start\n|switch|p1a: Girafarig|Girafarig, L89, F|100/100\n|switch|p2a: Rayquaza|Rayquaza, L72|270/270\n|-ability|p2a: Rayquaza|Air Lock\n|turn|1\n|inactive|Battle timer is ON: inactive players will automatically lose when time's up. (requested by p0y2325206b)\n|\n|t:|1783566985\n|move|p1a: Girafarig|Nasty Plot|p1a: Girafarig\n|-boost|p1a: Girafarig|spa|2\n|move|p2a: Rayquaza|Outrage|p1a: Girafarig\n|-damage|p1a: Girafarig|64/100\n|\n|upkeep\n|turn|2\n|inactive|Time left: 300 sec this turn | 300 sec total\n|inactive|p0x2325f945 also wants the timer to be on.\n|\n|t:|1783566987\n|-terastallize|p1a: Girafarig|Fairy\n|move|p1a: Girafarig|Dazzling Gleam|p2a: Rayquaza\n|-supereffective|p2a: Rayquaza\n|-damage|p2a: Rayquaza|0 fnt\n|faint|p2a: Rayquaza\n|\n|upkeep\n|inactive|Time left: 300 sec this turn | 300 sec total | 5 sec grace\n|\n|t:|1783566988\n|switch|p2a: Bisharp|Bisharp, L79, M|232/232\n|turn|3\n|inactive|Time left: 300 sec this turn | 300 sec total\n|\n|t:|1783566989\n|move|p1a: Girafarig|Dazzling Gleam|p2a: Bisharp\n|-damage|p2a: Bisharp|78/232\n|move|p2a: Bisharp|Iron Head|p1a: Girafarig\n|-supereffective|p1a: Girafarig\n|-damage|p1a: Girafarig|12/100\n|\n|upkeep\n|turn|4\n|inactive|Time left: 300 sec this turn | 300 sec total\n|\n|t:|1783566990\n|move|p2a: Bisharp|Sucker Punch|p1a: Girafarig\n|-resisted|p1a: Girafarig\n|-damage|p1a: Girafarig|0 fnt\n|faint|p1a: Girafarig\n|\n|upkeep\n|\n|t:|1783566991\n|switch|p1a: Rhyperior|Rhyperior, L82, M|100/100\n|turn|5\n|inactive|Time left: 300 sec this turn | 300 sec total\n|\n|t:|1783566992\n|move|p2a: Bisharp|Stealth Rock|p1a: Rhyperior\n|-sidestart|p1: p0x2325f945|move: Stealth Rock\n|move|p1a: Rhyperior|Earthquake|p2a: Bisharp\n|-supereffective|p2a: Bisharp\n|-damage|p2a: Bisharp|0 fnt\n|faint|p2a: Bisharp\n|\n|upkeep\n|inactive|Time left: 300 sec this turn | 300 sec total | 5 sec grace\n|\n|t:|1783566993\n|switch|p2a: Porygon-Z|Porygon-Z, L83|277/277\n|turn|6\n|inactive|Time left: 300 sec this turn | 300 sec total\n|\n|t:|1783566994\n|-terastallize|p2a: Porygon-Z|Fighting\n|move|p2a: Porygon-Z|Tera Blast|p1a: Rhyperior|[anim] Tera Blast Fighting\n|-supereffective|p1a: Rhyperior\n|-damage|p1a: Rhyperior|0 fnt\n|faint|p1a: Rhyperior\n|-damage|p2a: Porygon-Z|250/277|[from] item: Life Orb\n|\n|upkeep\n|\n|t:|1783566994\n|switch|p1a: Granbull|Granbull, L88, M|100/100\n|-damage|p1a: Granbull|88/100|[from] Stealth Rock\n|-ability|p1a: Granbull|Intimidate|boost\n|-unboost|p2a: Porygon-Z|atk|1\n|turn|7\n|inactive|Time left: 300 sec this turn | 300 sec total\n|\n|t:|1783566995\n|switch|p2a: Hippowdon|Hippowdon, L82, F|311/311\n|-weather|Sandstorm|[from] ability: Sand Stream|[of] p2a: Hippowdon\n|move|p1a: Granbull|Play Rough|p2a: Hippowdon\n|-damage|p2a: Hippowdon|214/311\n|\n|-weather|Sandstorm|[upkeep]\n|-damage|p1a: Granbull|82/100|[from] Sandstorm\n|-heal|p1a: Granbull|88/100|[from] item: Leftovers\n|-heal|p2a: Hippowdon|233/311|[from] item: Leftovers\n|upkeep\n|turn|8\n|inactive|Time left: 300 sec this turn | 300 sec total\n|\n|t:|1783566996\n|move|p1a: Granbull|Play Rough|p2a: Hippowdon\n|-damage|p2a: Hippowdon|128/311\n|move|p2a: Hippowdon|Earthquake|p1a: Granbull\n|-damage|p1a: Granbull|49/100\n|\n|-weather|Sandstorm|[upkeep]\n|-damage|p1a: Granbull|43/100|[from] Sandstorm\n|-heal|p1a: Granbull|49/100|[from] item: Leftovers\n|-heal|p2a: Hippowdon|147/311|[from] item: Leftovers\n|upkeep\n|turn|9\n|inactive|Time left: 300 sec this turn | 300 sec total\n|\n|t:|1783566997\n|move|p1a: Granbull|Play Rough|p2a: Hippowdon\n|-damage|p2a: Hippowdon|44/311\n|move|p2a: Hippowdon|Slack Off|p2a: Hippowdon\n|-heal|p2a: Hippowdon|200/311\n|\n|-weather|Sandstorm|[upkeep]\n|-damage|p1a: Granbull|43/100|[from] Sandstorm\n|-heal|p1a: Granbull|49/100|[from] item: Leftovers\n|-heal|p2a: Hippowdon|219/311|[from] item: Leftovers\n|upkeep\n|turn|10\n|inactive|Time left: 300 sec this turn | 300 sec total\n|\n|t:|1783566998\n|move|p1a: Granbull|Play Rough|p2a: Hippowdon\n|-damage|p2a: Hippowdon|113/311\n|-unboost|p2a: Hippowdon|atk|1\n|move|p2a: Hippowdon|Earthquake|p1a: Granbull\n|-damage|p1a: Granbull|22/100\n|\n|-weather|Sandstorm|[upkeep]\n|-damage|p1a: Granbull|16/100|[from] Sandstorm\n|-heal|p1a: Granbull|22/100|[from] item: Leftovers\n|-heal|p2a: Hippowdon|132/311|[from] item: Leftovers\n|upkeep\n|turn|11\n|inactive|Time left: 300 sec this turn | 300 sec total\n|\n|t:|1783566999\n|move|p1a: Granbull|Play Rough|p2a: Hippowdon\n|-damage|p2a: Hippowdon|32/311\n|move|p2a: Hippowdon|Slack Off|p2a: Hippowdon\n|-heal|p2a: Hippowdon|188/311\n|\n|-weather|none\n|-heal|p1a: Granbull|28/100|[from] item: Leftovers\n|-heal|p2a: Hippowdon|207/311|[from] item: Leftovers\n|upkeep\n|turn|12\n|inactive|Time left: 300 sec this turn | 300 sec total\n|\n|t:|1783567000\n|move|p1a: Granbull|Play Rough|p2a: Hippowdon\n|-damage|p2a: Hippowdon|114/311\n|move|p2a: Hippowdon|Slack Off|p2a: Hippowdon\n|-heal|p2a: Hippowdon|270/311\n|\n|-heal|p1a: Granbull|34/100|[from] item: Leftovers\n|-heal|p2a: Hippowdon|289/311|[from] item: Leftovers\n|upkeep\n|turn|13\n|inactive|Time left: 300 sec this turn | 300 sec total\n|\n|t:|1783567001\n|move|p1a: Granbull|Play Rough|p2a: Hippowdon\n|-damage|p2a: Hippowdon|193/311\n|-unboost|p2a: Hippowdon|atk|1\n|move|p2a: Hippowdon|Earthquake|p1a: Granbull\n|-damage|p1a: Granbull|14/100\n|\n|-heal|p1a: Granbull|20/100|[from] item: Leftovers\n|-heal|p2a: Hippowdon|212/311|[from] item: Leftovers\n|upkeep\n|turn|14\n|inactive|Time left: 300 sec this turn | 300 sec total\n|\n|t:|1783567003\n|switch|p2a: Granbull|Granbull, L88, M|302/302\n|-ability|p2a: Granbull|Intimidate|boost\n|-unboost|p1a: Granbull|atk|1\n|move|p1a: Granbull|Play Rough|p2a: Granbull\n|-damage|p2a: Granbull|220/302\n|\n|-heal|p2a: Granbull|238/302|[from] item: Leftovers\n|-heal|p1a: Granbull|26/100|[from] item: Leftovers\n|upkeep\n|turn|15\n|inactive|Time left: 300 sec this turn | 300 sec total\n|\n|t:|1783567004\n|move|p1a: Granbull|Earthquake|p2a: Granbull\n|-damage|p2a: Granbull|167/302\n|move|p2a: Granbull|Earthquake|p1a: Granbull\n|-damage|p1a: Granbull|0 fnt\n|faint|p1a: Granbull\n|\n|-heal|p2a: Granbull|185/302|[from] item: Leftovers\n|upkeep\n|\n|t:|1783567005\n|switch|p1a: Hatterene|Hatterene, L85, F|100/100\n|-damage|p1a: Hatterene|88/100|[from] Stealth Rock\n|turn|16\n|inactive|Time left: 300 sec this turn | 300 sec total\n|\n|t:|1783567006\n|move|p2a: Granbull|Play Rough|p1a: Hatterene\n|-crit|p1a: Hatterene\n|-damage|p1a: Hatterene|11/100\n|move|p1a: Hatterene|Draining Kiss|p2a: Granbull\n|-damage|p2a: Granbull|89/302\n|-heal|p1a: Hatterene|41/100|[from] drain|[of] p2a: Granbull\n|\n|-heal|p2a: Granbull|107/302|[from] item: Leftovers\n|upkeep\n|turn|17\n|inactive|Time left: 300 sec this turn | 300 sec total\n|\n|t:|1783567007\n|move|p2a: Granbull|Play Rough|p1a: Hatterene\n|-damage|p1a: Hatterene|0 fnt\n|faint|p1a: Hatterene\n|\n|-heal|p2a: Granbull|125/302|[from] item: Leftovers\n|upkeep\n|\n|t:|1783567008\n|switch|p1a: Flamigo|Flamigo, L82, F|100/100\n|-damage|p1a: Flamigo|88/100|[from] Stealth Rock\n|turn|18\n|inactive|Time left: 300 sec this turn | 300 sec total\n|\n|t:|1783567009\n|move|p1a: Flamigo|Brave Bird|p2a: Granbull\n|-damage|p2a: Granbull|0 fnt\n|faint|p2a: Granbull\n|-damage|p1a: Flamigo|73/100|[from] Recoil\n|-damage|p1a: Flamigo|63/100|[from] item: Life Orb\n|\n|upkeep\n|inactive|Time left: 300 sec this turn | 300 sec total | 5 sec grace\n|\n|t:|1783567010\n|switch|p2a: Braviary|Braviary, L85, M|309/309\n|turn|19\n|inactive|Time left: 300 sec this turn | 300 sec total\n|\n|t:|1783567011\n|switch|p1a: Duraludon|Duraludon, L82, M|100/100\n|-damage|p1a: Duraludon|94/100|[from] Stealth Rock\n|move|p2a: Braviary|Brave Bird|p1a: Duraludon\n|-resisted|p1a: Duraludon\n|-damage|p1a: Duraludon|78/100\n|-damage|p2a: Braviary|295/309|[from] Recoil\n|\n|upkeep\n|turn|20\n|inactive|Time left: 300 sec this turn | 300 sec total\n|\n|t:|1783567012\n|move|p1a: Duraludon|Thunder Wave|p2a: Braviary\n|-status|p2a: Braviary|par\n|move|p2a: Braviary|Bulk Up|p2a: Braviary\n|-boost|p2a: Braviary|atk|1\n|-boost|p2a: Braviary|def|1\n|\n|upkeep\n|turn|21\n|inactive|Time left: 300 sec this turn | 300 sec total\n|\n|t:|1783567013\n|move|p1a: Duraludon|Flash Cannon|p2a: Braviary\n|-damage|p2a: Braviary|180/309 par\n|cant|p2a: Braviary|par\n|\n|upkeep\n|turn|22\n|inactive|Time left: 300 sec this turn | 300 sec total\n|\n|t:|1783567013\n|move|p1a: Duraludon|Flash Cannon|p2a: Braviary\n|-damage|p2a: Braviary|72/309 par\n|move|p2a: Braviary|Roost|p2a: Braviary\n|-heal|p2a: Braviary|227/309 par\n|-singleturn|p2a: Braviary|move: Roost\n|\n|upkeep\n|turn|23\n|inactive|Time left: 300 sec this turn | 300 sec total\n|\n|t:|1783567014\n|move|p1a: Duraludon|Flash Cannon|p2a: Braviary\n|-damage|p2a: Braviary|128/309 par\n|move|p2a: Braviary|Roost|p2a: Braviary\n|-heal|p2a: Braviary|283/309 par\n|-singleturn|p2a: Braviary|move: Roost\n|\n|upkeep\n|turn|24\n|inactive|Time left: 300 sec this turn | 300 sec total\n|\n|t:|1783567015\n|move|p1a: Duraludon|Flash Cannon|p2a: Braviary\n|-damage|p2a: Braviary|178/309 par\n|move|p2a: Braviary|Roost|p2a: Braviary\n|-heal|p2a: Braviary|309/309 par\n|-singleturn|p2a: Braviary|move: Roost\n|\n|upkeep\n|turn|25\n|inactive|Time left: 300 sec this turn | 300 sec total\n|\n|t:|1783567016\n|move|p1a: Duraludon|Flash Cannon|p2a: Braviary\n|-damage|p2a: Braviary|206/309 par\n|cant|p2a: Braviary|par\n|\n|upkeep\n|turn|26\n|inactive|Time left: 300 sec this turn | 300 sec total\n|\n|t:|1783567017\n|move|p1a: Duraludon|Flash Cannon|p2a: Braviary\n|-crit|p2a: Braviary\n|-damage|p2a: Braviary|38/309 par\n|cant|p2a: Braviary|par\n|\n|upkeep\n|turn|27\n|inactive|Time left: 300 sec this turn | 300 sec total\n|\n|t:|1783567018\n|switch|p1a: Flamigo|Flamigo, L82, F|63/100\n|-damage|p1a: Flamigo|51/100|[from] Stealth Rock\n|move|p2a: Braviary|Roost|p2a: Braviary\n|-heal|p2a: Braviary|193/309 par\n|-singleturn|p2a: Braviary|move: Roost\n|\n|upkeep\n|turn|28\n|inactive|Time left: 300 sec this turn | 300 sec total\n|\n|t:|1783567019\n|switch|p1a: Duraludon|Duraludon, L82, M|78/100\n|-damage|p1a: Duraludon|72/100|[from] Stealth Rock\n|move|p2a: Braviary|Brave Bird|p1a: Duraludon\n|-resisted|p1a: Duraludon\n|-damage|p1a: Duraludon|45/100\n|-damage|p2a: Braviary|171/309 par|[from] Recoil\n|\n|upkeep\n|turn|29\n|inactive|Time left: 300 sec this turn | 300 sec total\n|\n|t:|1783567020\n|move|p1a: Duraludon|Flash Cannon|p2a: Braviary\n|-damage|p2a: Braviary|60/309 par\n|cant|p2a: Braviary|par\n|\n|upkeep\n|turn|30\n|inactive|Time left: 300 sec this turn | 300 sec total\n|\n|t:|1783567021\n|switch|p1a: Flamigo|Flamigo, L82, F|51/100\n|-damage|p1a: Flamigo|39/100|[from] Stealth Rock\n|cant|p2a: Braviary|par\n|\n|upkeep\n|turn|31\n|inactive|Time left: 300 sec this turn | 300 sec total\n|\n|t:|1783567021\n|move|p1a: Flamigo|Throat Chop|p2a: Braviary\n|-damage|p2a: Braviary|5/309 par\n|-start|p2a: Braviary|Throat Chop|[silent]\n|-damage|p1a: Flamigo|29/100|[from] item: Life Orb\n|move|p2a: Braviary|Brave Bird|p1a: Flamigo\n|-supereffective|p1a: Flamigo\n|-damage|p1a: Flamigo|0 fnt\n|faint|p1a: Flamigo\n|-damage|p2a: Braviary|0 fnt|[from] Recoil\n|faint|p2a: Braviary\n|\n|upkeep\n|inactive|Time left: 300 sec this turn | 300 sec total | 5 sec grace\n|\n|t:|1783567022\n|switch|p1a: Duraludon|Duraludon, L82, M|45/100\n|switch|p2a: Hippowdon|Hippowdon, L82, F|212/311\n|-damage|p1a: Duraludon|39/100|[from] Stealth Rock\n|-weather|Sandstorm|[from] ability: Sand Stream|[of] p2a: Hippowdon\n|turn|32\n|inactive|Time left: 300 sec this turn | 300 sec total\n|\n|t:|1783567023\n|move|p1a: Duraludon|Flash Cannon|p2a: Hippowdon\n|-damage|p2a: Hippowdon|95/311\n|move|p2a: Hippowdon|Earthquake|p1a: Duraludon\n|-supereffective|p1a: Duraludon\n|-damage|p1a: Duraludon|0 fnt\n|faint|p1a: Duraludon\n|\n|win|p0y2325206b", "uploadtime": 1783567023, "views": 0, "rating": 0, "private": 0, "password": null, "_winner": "p0y2325206b", "_our_name": "p0y2325206b"}