{"id": "battle-gen9randombattle-1257", "formatid": "gen9randombattle", "format": "[Gen 9] Random Battle", "players": ["p0x125742d8", "p0y12574512"], "log": "|init|battle\n|title|p0x125742d8 vs. p0y12574512\n|j|\u2606p0x125742d8\n|j|\u2606p0y12574512\n|t:|1783553686\n|gametype|singles\n|player|p1|p0x125742d8|2|\n|player|p2|p0y12574512|102|\n|gen|9\n|tier|[Gen 9] Random Battle\n|rule|Species Clause: Limit one of each Pok\u00e9mon\n|rule|HP Percentage Mod: HP is shown in percentages\n|rule|Sleep Clause Mod: Limit one foe put to sleep\n|rule|Illusion Level Mod: Illusion disguises the Pok\u00e9mon's true level\n|\n|t:|1783553686\n|teamsize|p1|6\n|teamsize|p2|6\n|start\n|switch|p1a: Kingambit|Kingambit, L74, F|100/100\n|switch|p2a: Indeedee|Indeedee-F, L90, F|272/272\n|-fieldstart|move: Psychic Terrain|[from] ability: Psychic Surge|[of] p2a: Indeedee\n|turn|1\n|inactive|Battle timer is ON: inactive players will automatically lose when time's up. (requested by p0x125742d8)\n|inactive|Time left: 300 sec this turn | 300 sec total | 60 sec grace\n|\n|t:|1783553687\n|switch|p2a: Porygon2|Porygon2, L81|270/270\n|-ability|p2a: Porygon2|Download|boost\n|-boost|p2a: Porygon2|spa|1\n|move|p1a: Kingambit|Kowtow Cleave|p2a: Porygon2\n|-damage|p2a: Porygon2|207/270\n|\n|upkeep\n|turn|2\n|inactive|Time left: 300 sec this turn | 300 sec total\n|inactive|p0y12574512 also wants the timer to be on.\n|\n|t:|1783553689\n|move|p2a: Porygon2|Discharge|p1a: Kingambit\n|-damage|p1a: Kingambit|66/100\n|move|p1a: Kingambit|Swords Dance|p1a: Kingambit\n|-boost|p1a: Kingambit|atk|2\n|\n|-heal|p1a: Kingambit|72/100|[from] item: Leftovers\n|upkeep\n|turn|3\n|inactive|Time left: 300 sec this turn | 300 sec total\n|\n|t:|1783553690\n|move|p2a: Porygon2|Discharge|p1a: Kingambit\n|-damage|p1a: Kingambit|36/100\n|-status|p1a: Kingambit|par\n|move|p1a: Kingambit|Kowtow Cleave|p2a: Porygon2\n|-damage|p2a: Porygon2|75/270\n|\n|-heal|p1a: Kingambit|42/100 par|[from] item: Leftovers\n|upkeep\n|turn|4\n|inactive|Time left: 300 sec this turn | 300 sec total\n|\n|t:|1783553691\n|move|p2a: Porygon2|Recover|p2a: Porygon2\n|-heal|p2a: Porygon2|210/270\n|move|p1a: Kingambit|Kowtow Cleave|p2a: Porygon2\n|-damage|p2a: Porygon2|75/270\n|\n|-heal|p1a: Kingambit|48/100 par|[from] item: Leftovers\n|upkeep\n|turn|5\n|inactive|Time left: 300 sec this turn | 300 sec total\n|\n|t:|1783553692\n|move|p2a: Porygon2|Recover|p2a: Porygon2\n|-heal|p2a: Porygon2|210/270\n|cant|p1a: Kingambit|par\n|\n|-heal|p1a: Kingambit|53/100 par|[from] item: Leftovers\n|-fieldend|move: Psychic Terrain\n|upkeep\n|turn|6\n|inactive|Time left: 300 sec this turn | 300 sec total\n|\n|t:|1783553693\n|move|p2a: Porygon2|Discharge|p1a: Kingambit\n|-damage|p1a: Kingambit|15/100 par\n|cant|p1a: Kingambit|par\n|\n|-heal|p1a: Kingambit|21/100 par|[from] item: Leftovers\n|upkeep\n|turn|7\n|inactive|Time left: 300 sec this turn | 300 sec total\n|\n|t:|1783553694\n|move|p1a: Kingambit|Sucker Punch|p2a: Porygon2\n|-damage|p2a: Porygon2|98/270\n|move|p2a: Porygon2|Tri Attack|p1a: Kingambit\n|-resisted|p1a: Kingambit\n|-damage|p1a: Kingambit|0 fnt\n|faint|p1a: Kingambit\n|-end|p1a: Kingambit|fallenundefined|[silent]\n|\n|upkeep\n|\n|t:|1783553695\n|switch|p1a: Miraidon|Miraidon, L65|100/100\n|-fieldstart|move: Electric Terrain|[from] ability: Hadron Engine|[of] p1a: Miraidon\n|turn|8\n|inactive|Time left: 300 sec this turn | 300 sec total\n|\n|t:|1783553696\n|switch|p2a: Dugtrio|Dugtrio-Alola, L84, F|196/196\n|move|p1a: Miraidon|Electro Drift|p2a: Dugtrio\n|-immune|p2a: Dugtrio\n|\n|upkeep\n|turn|9\n|inactive|Time left: 300 sec this turn | 300 sec total\n|\n|t:|1783553697\n|switch|p1a: Brute Bonnet|Brute Bonnet, L80|100/100\n|move|p2a: Dugtrio|Earthquake|p1a: Brute Bonnet\n|-resisted|p1a: Brute Bonnet\n|-damage|p1a: Brute Bonnet|77/100\n|-damage|p2a: Dugtrio|177/196|[from] item: Life Orb\n|\n|-heal|p1a: Brute Bonnet|83/100|[from] item: Leftovers\n|upkeep\n|turn|10\n|inactive|Time left: 300 sec this turn | 300 sec total\n|\n|t:|1783553698\n|move|p2a: Dugtrio|Stealth Rock|p1a: Brute Bonnet\n|-sidestart|p1: p0x125742d8|move: Stealth Rock\n|move|p1a: Brute Bonnet|Close Combat|p2a: Dugtrio\n|-supereffective|p2a: Dugtrio\n|-damage|p2a: Dugtrio|0 fnt\n|-unboost|p1a: Brute Bonnet|def|1\n|-unboost|p1a: Brute Bonnet|spd|1\n|-ability|p2a: Dugtrio|Tangling Hair\n|-unboost|p1a: Brute Bonnet|spe|1\n|faint|p2a: Dugtrio\n|\n|-heal|p1a: Brute Bonnet|89/100|[from] item: Leftovers\n|upkeep\n|inactive|Time left: 300 sec this turn | 300 sec total | 5 sec grace\n|\n|t:|1783553699\n|switch|p2a: Porygon2|Porygon2, L81|98/270\n|-ability|p2a: Porygon2|Download|boost\n|-boost|p2a: Porygon2|spa|1\n|turn|11\n|inactive|Time left: 300 sec this turn | 300 sec total\n|\n|t:|1783553700\n|-end|p1a: Brute Bonnet|Protosynthesis|[silent]\n|switch|p1a: Copperajah|Copperajah, L86, F|100/100\n|-damage|p1a: Copperajah|94/100|[from] Stealth Rock\n|move|p2a: Porygon2|Ice Beam|p1a: Copperajah\n|-resisted|p1a: Copperajah\n|-damage|p1a: Copperajah|78/100\n|\n|upkeep\n|turn|12\n|inactive|Time left: 300 sec this turn | 300 sec total\n|\n|t:|1783553702\n|move|p2a: Porygon2|Recover|p2a: Porygon2\n|-heal|p2a: Porygon2|233/270\n|move|p1a: Copperajah|Iron Head|p2a: Porygon2\n|-damage|p2a: Porygon2|104/270\n|\n|-fieldend|move: Electric Terrain\n|upkeep\n|turn|13\n|inactive|Time left: 300 sec this turn | 300 sec total\n|\n|t:|1783553703\n|move|p2a: Porygon2|Recover|p2a: Porygon2\n|-heal|p2a: Porygon2|239/270\n|move|p1a: Copperajah|Iron Head|p2a: Porygon2\n|-damage|p2a: Porygon2|118/270\n|\n|upkeep\n|turn|14\n|inactive|Time left: 300 sec this turn | 300 sec total\n|\n|t:|1783553704\n|move|p2a: Porygon2|Recover|p2a: Porygon2\n|-heal|p2a: Porygon2|253/270\n|move|p1a: Copperajah|Iron Head|p2a: Porygon2\n|-damage|p2a: Porygon2|113/270\n|\n|upkeep\n|turn|15\n|inactive|Time left: 300 sec this turn | 300 sec total\n|\n|t:|1783553705\n|move|p2a: Porygon2|Recover|p2a: Porygon2\n|-heal|p2a: Porygon2|248/270\n|move|p1a: Copperajah|Iron Head|p2a: Porygon2\n|-damage|p2a: Porygon2|115/270\n|\n|upkeep\n|turn|16\n|inactive|Time left: 300 sec this turn | 300 sec total\n|\n|t:|1783553706\n|move|p2a: Porygon2|Recover|p2a: Porygon2\n|-heal|p2a: Porygon2|250/270\n|move|p1a: Copperajah|Iron Head|p2a: Porygon2\n|-damage|p2a: Porygon2|114/270\n|\n|upkeep\n|turn|17\n|inactive|Time left: 300 sec this turn | 300 sec total\n|\n|t:|1783553707\n|move|p2a: Porygon2|Recover|p2a: Porygon2\n|-heal|p2a: Porygon2|249/270\n|move|p1a: Copperajah|Iron Head|p2a: Porygon2\n|-damage|p2a: Porygon2|131/270\n|\n|upkeep\n|turn|18\n|inactive|Time left: 300 sec this turn | 300 sec total\n|\n|t:|1783553708\n|move|p2a: Porygon2|Tri Attack|p1a: Copperajah\n|-resisted|p1a: Copperajah\n|-damage|p1a: Copperajah|56/100\n|move|p1a: Copperajah|Iron Head|p2a: Porygon2\n|-damage|p2a: Porygon2|9/270\n|\n|upkeep\n|turn|19\n|inactive|Time left: 300 sec this turn | 300 sec total\n|\n|t:|1783553709\n|move|p2a: Porygon2|Discharge|p1a: Copperajah\n|-damage|p1a: Copperajah|25/100\n|move|p1a: Copperajah|Stealth Rock|p2a: Porygon2\n|-sidestart|p2: p0y12574512|move: Stealth Rock\n|\n|upkeep\n|turn|20\n|inactive|Time left: 300 sec this turn | 300 sec total\n|\n|t:|1783553710\n|move|p2a: Porygon2|Discharge|p1a: Copperajah\n|-damage|p1a: Copperajah|0 fnt\n|faint|p1a: Copperajah\n|\n|upkeep\n|\n|t:|1783553711\n|switch|p1a: Meowstic|Meowstic, L89, M|100/100\n|-damage|p1a: Meowstic|88/100|[from] Stealth Rock\n|turn|21\n|inactive|Time left: 300 sec this turn | 300 sec total\n|\n|t:|1783553712\n|switch|p2a: Skuntank|Skuntank, L84, F|310/310\n|-damage|p2a: Skuntank|272/310|[from] Stealth Rock\n|move|p1a: Meowstic|Alluring Voice|p2a: Skuntank\n|-damage|p2a: Skuntank|203/310\n|\n|-heal|p2a: Skuntank|222/310|[from] item: Leftovers\n|upkeep\n|turn|22\n|inactive|Time left: 300 sec this turn | 300 sec total\n|\n|t:|1783553714\n|move|p1a: Meowstic|Alluring Voice|p2a: Skuntank\n|-damage|p2a: Skuntank|154/310\n|move|p2a: Skuntank|Gunk Shot|p1a: Meowstic|[miss]\n|-miss|p2a: Skuntank|p1a: Meowstic\n|\n|-heal|p2a: Skuntank|173/310|[from] item: Leftovers\n|upkeep\n|turn|23\n|inactive|Time left: 300 sec this turn | 300 sec total\n|\n|t:|1783553715\n|move|p1a: Meowstic|Alluring Voice|p2a: Skuntank\n|-damage|p2a: Skuntank|102/310\n|move|p2a: Skuntank|Knock Off|p1a: Meowstic\n|-supereffective|p1a: Meowstic\n|-damage|p1a: Meowstic|7/100\n|-enditem|p1a: Meowstic|Light Clay|[from] move: Knock Off|[of] p2a: Skuntank\n|\n|-heal|p2a: Skuntank|121/310|[from] item: Leftovers\n|upkeep\n|turn|24\n|inactive|Time left: 300 sec this turn | 300 sec total\n|\n|t:|1783553716\n|move|p1a: Meowstic|Alluring Voice|p2a: Skuntank\n|-damage|p2a: Skuntank|53/310\n|move|p2a: Skuntank|Knock Off|p1a: Meowstic\n|-supereffective|p1a: Meowstic\n|-damage|p1a: Meowstic|0 fnt\n|faint|p1a: Meowstic\n|\n|-heal|p2a: Skuntank|72/310|[from] item: Leftovers\n|upkeep\n|\n|t:|1783553717\n|switch|p1a: Scovillain|Scovillain, L91, M|100/100\n|-damage|p1a: Scovillain|76/100|[from] Stealth Rock\n|turn|25\n|inactive|Time left: 300 sec this turn | 300 sec total\n|\n|t:|1783553718\n|move|p1a: Scovillain|Flamethrower|p2a: Skuntank\n|-damage|p2a: Skuntank|0 fnt\n|faint|p2a: Skuntank\n|\n|upkeep\n|inactive|Time left: 300 sec this turn | 300 sec total | 5 sec grace\n|\n|t:|1783553720\n|switch|p2a: Oricorio|Oricorio, L84, F|263/263\n|turn|26\n|inactive|Time left: 300 sec this turn | 300 sec total\n|\n|t:|1783553721\n|move|p1a: Scovillain|Flamethrower|p2a: Oricorio\n|-resisted|p2a: Oricorio\n|-damage|p2a: Oricorio|197/263\n|move|p2a: Oricorio|Quiver Dance|p2a: Oricorio\n|-boost|p2a: Oricorio|spa|1\n|-boost|p2a: Oricorio|spd|1\n|-boost|p2a: Oricorio|spe|1\n|\n|upkeep\n|turn|27\n|inactive|Time left: 300 sec this turn | 300 sec total\n|\n|t:|1783553722\n|move|p2a: Oricorio|Quiver Dance|p2a: Oricorio\n|-boost|p2a: Oricorio|spa|1\n|-boost|p2a: Oricorio|spd|1\n|-boost|p2a: Oricorio|spe|1\n|move|p1a: Scovillain|Flamethrower|p2a: Oricorio\n|-resisted|p2a: Oricorio\n|-damage|p2a: Oricorio|164/263\n|\n|upkeep\n|turn|28\n|inactive|Time left: 300 sec this turn | 300 sec total\n|\n|t:|1783553723\n|move|p2a: Oricorio|Hurricane|p1a: Scovillain\n|-supereffective|p1a: Scovillain\n|-damage|p1a: Scovillain|0 fnt\n|faint|p1a: Scovillain\n|\n|upkeep\n|\n|t:|1783553724\n|switch|p1a: Brute Bonnet|Brute Bonnet, L80|89/100\n|-damage|p1a: Brute Bonnet|77/100|[from] Stealth Rock\n|turn|29\n|inactive|Time left: 300 sec this turn | 300 sec total\n|\n|t:|1783553725\n|-terastallize|p1a: Brute Bonnet|Poison\n|move|p2a: Oricorio|Hurricane|p1a: Brute Bonnet|[miss]\n|-miss|p2a: Oricorio|p1a: Brute Bonnet\n|move|p1a: Brute Bonnet|Spore|p2a: Oricorio\n|-status|p2a: Oricorio|slp|[from] move: Spore\n|\n|-heal|p1a: Brute Bonnet|83/100|[from] item: Leftovers\n|upkeep\n|turn|30\n|inactive|Time left: 300 sec this turn | 300 sec total\n|\n|t:|1783553726\n|cant|p2a: Oricorio|slp\n|move|p1a: Brute Bonnet|Crunch|p2a: Oricorio\n|-damage|p2a: Oricorio|49/263 slp\n|\n|-heal|p1a: Brute Bonnet|89/100|[from] item: Leftovers\n|upkeep\n|turn|31\n|inactive|Time left: 300 sec this turn | 300 sec total\n|\n|t:|1783553727\n|cant|p2a: Oricorio|slp\n|move|p1a: Brute Bonnet|Crunch|p2a: Oricorio\n|-damage|p2a: Oricorio|0 fnt\n|faint|p2a: Oricorio\n|\n|-heal|p1a: Brute Bonnet|95/100|[from] item: Leftovers\n|upkeep\n|inactive|Time left: 300 sec this turn | 300 sec total | 5 sec grace\n|\n|t:|1783553728\n|switch|p2a: Indeedee|Indeedee-F, L90, F|272/272\n|-damage|p2a: Indeedee|238/272|[from] Stealth Rock\n|-fieldstart|move: Psychic Terrain|[from] ability: Psychic Surge|[of] p2a: Indeedee\n|turn|32\n|inactive|Time left: 300 sec this turn | 300 sec total\n|\n|t:|1783553729\n|-end|p1a: Brute Bonnet|Protosynthesis|[silent]\n|switch|p1a: Miraidon|Miraidon, L65|100/100\n|-damage|p1a: Miraidon|88/100|[from] Stealth Rock\n|-fieldstart|move: Electric Terrain|[from] ability: Hadron Engine|[of] p1a: Miraidon\n|-terastallize|p2a: Indeedee|Psychic\n|move|p2a: Indeedee|Psychic|p1a: Miraidon\n|-damage|p1a: Miraidon|22/100\n|-unboost|p1a: Miraidon|spd|1\n|\n|upkeep\n|turn|33\n|inactive|Time left: 300 sec this turn | 300 sec total\n|\n|t:|1783553730\n|switch|p1a: Brute Bonnet|Brute Bonnet, L80, tera:Poison|95/100\n|-damage|p1a: Brute Bonnet|83/100|[from] Stealth Rock\n|move|p2a: Indeedee|Psychic|p1a: Brute Bonnet\n|-supereffective|p1a: Brute Bonnet\n|-damage|p1a: Brute Bonnet|0 fnt\n|faint|p1a: Brute Bonnet\n|-end|p1a: Brute Bonnet|Protosynthesis|[silent]\n|\n|upkeep\n|\n|t:|1783553731\n|switch|p1a: Miraidon|Miraidon, L65|22/100\n|-damage|p1a: Miraidon|10/100|[from] Stealth Rock\n|-activate|p1a: Miraidon|ability: Hadron Engine\n|turn|34\n|inactive|Time left: 300 sec this turn | 300 sec total\n|\n|t:|1783553731\n|move|p2a: Indeedee|Psychic|p1a: Miraidon\n|-damage|p1a: Miraidon|0 fnt\n|faint|p1a: Miraidon\n|\n|win|p0y12574512", "uploadtime": 1783553732, "views": 0, "rating": 0, "private": 0, "password": null, "_winner": "p0y12574512", "_our_name": "p0y12574512"}