{"id": "battle-gen9randombattle-2879", "formatid": "gen9randombattle", "format": "[Gen 9] Random Battle", "players": ["p0x28791459", "p0y287926ac"], "log": "|init|battle\n|title|p0x28791459 vs. p0y287926ac\n|j|\u2606p0x28791459\n|j|\u2606p0y287926ac\n|t:|1783573172\n|gametype|singles\n|player|p1|p0x28791459|266|\n|player|p2|p0y287926ac|1|\n|gen|9\n|tier|[Gen 9] Random Battle\n|rule|Species Clause: Limit one of each Pok\u00e9mon\n|rule|HP Percentage Mod: HP is shown in percentages\n|rule|Sleep Clause Mod: Limit one foe put to sleep\n|rule|Illusion Level Mod: Illusion disguises the Pok\u00e9mon's true level\n|\n|t:|1783573172\n|teamsize|p1|6\n|teamsize|p2|6\n|start\n|switch|p1a: Toucannon|Toucannon, L88, M|100/100\n|switch|p2a: Walking Wake|Walking Wake, L79|286/286\n|turn|1\n|inactive|Battle timer is ON: inactive players will automatically lose when time's up. (requested by p0y287926ac)\n|inactive|p0x28791459 also wants the timer to be on.\n|\n|t:|1783573174\n|move|p2a: Walking Wake|Hydro Pump|p1a: Toucannon\n|-damage|p1a: Toucannon|24/100\n|move|p1a: Toucannon|Boomburst|p2a: Walking Wake\n|-damage|p2a: Walking Wake|124/286\n|\n|upkeep\n|turn|2\n|inactive|Time left: 300 sec this turn | 300 sec total\n|\n|t:|1783573175\n|switch|p1a: Shaymin|Shaymin-Sky, L73|100/100\n|move|p2a: Walking Wake|Hydro Pump|p1a: Shaymin\n|-resisted|p1a: Shaymin\n|-damage|p1a: Shaymin|56/100\n|\n|upkeep\n|turn|3\n|inactive|Time left: 300 sec this turn | 300 sec total\n|\n|t:|1783573176\n|move|p1a: Shaymin|Seed Flare|p2a: Walking Wake\n|-damage|p2a: Walking Wake|1/286\n|move|p2a: Walking Wake|Hydro Pump|p1a: Shaymin\n|-resisted|p1a: Shaymin\n|-damage|p1a: Shaymin|8/100\n|\n|upkeep\n|turn|4\n|inactive|Time left: 300 sec this turn | 300 sec total\n|\n|t:|1783573177\n|move|p1a: Shaymin|Synthesis|p1a: Shaymin\n|-heal|p1a: Shaymin|58/100\n|move|p2a: Walking Wake|Hydro Pump|p1a: Shaymin\n|-resisted|p1a: Shaymin\n|-damage|p1a: Shaymin|17/100\n|\n|upkeep\n|turn|5\n|inactive|Time left: 300 sec this turn | 300 sec total\n|\n|t:|1783573178\n|-end|p2a: Walking Wake|Protosynthesis|[silent]\n|switch|p2a: Braviary|Braviary, L85, M|309/309\n|move|p1a: Shaymin|Seed Flare|p2a: Braviary\n|-resisted|p2a: Braviary\n|-damage|p2a: Braviary|243/309\n|-unboost|p2a: Braviary|spd|2\n|-ability|p2a: Braviary|Defiant|boost\n|-boost|p2a: Braviary|atk|2\n|\n|upkeep\n|turn|6\n|inactive|Time left: 300 sec this turn | 300 sec total\n|\n|t:|1783573179\n|move|p1a: Shaymin|Air Slash|p2a: Braviary\n|-damage|p2a: Braviary|68/309\n|cant|p2a: Braviary|flinch\n|\n|upkeep\n|turn|7\n|inactive|Time left: 300 sec this turn | 300 sec total\n|\n|t:|1783573180\n|move|p1a: Shaymin|Seed Flare|p2a: Braviary|[miss]\n|-miss|p1a: Shaymin|p2a: Braviary\n|move|p2a: Braviary|Roost|p2a: Braviary\n|-heal|p2a: Braviary|223/309\n|-singleturn|p2a: Braviary|move: Roost\n|\n|upkeep\n|turn|8\n|inactive|Time left: 300 sec this turn | 300 sec total\n|\n|t:|1783573181\n|move|p1a: Shaymin|Air Slash|p2a: Braviary\n|-damage|p2a: Braviary|60/309\n|move|p2a: Braviary|Brave Bird|p1a: Shaymin\n|-supereffective|p1a: Shaymin\n|-damage|p1a: Shaymin|0 fnt\n|faint|p1a: Shaymin\n|-damage|p2a: Braviary|46/309|[from] Recoil\n|\n|upkeep\n|\n|t:|1783573181\n|switch|p1a: Scizor|Scizor, L79, F|100/100\n|turn|9\n|inactive|Time left: 300 sec this turn | 300 sec total\n|\n|t:|1783573182\n|move|p1a: Scizor|Bullet Punch|p2a: Braviary\n|-damage|p2a: Braviary|0 fnt\n|faint|p2a: Braviary\n|\n|upkeep\n|inactive|Time left: 300 sec this turn | 300 sec total | 5 sec grace\n|\n|t:|1783573183\n|switch|p2a: Inteleon|Inteleon, L81, F|246/246\n|turn|10\n|inactive|Time left: 300 sec this turn | 300 sec total\n|\n|t:|1783573184\n|switch|p1a: Umbreon|Umbreon, L84, M|100/100\n|move|p2a: Inteleon|Scald|p1a: Umbreon\n|-damage|p1a: Umbreon|65/100\n|\n|-heal|p1a: Umbreon|71/100|[from] item: Leftovers\n|upkeep\n|turn|11\n|inactive|Time left: 300 sec this turn | 300 sec total\n|\n|t:|1783573185\n|move|p1a: Umbreon|Protect|p1a: Umbreon\n|-singleturn|p1a: Umbreon|Protect\n|move|p2a: Inteleon|Scald|p1a: Umbreon\n|-activate|p1a: Umbreon|move: Protect\n|\n|-heal|p1a: Umbreon|77/100|[from] item: Leftovers\n|upkeep\n|turn|12\n|inactive|Time left: 300 sec this turn | 300 sec total\n|\n|t:|1783573186\n|move|p2a: Inteleon|Scald|p1a: Umbreon\n|-damage|p1a: Umbreon|39/100\n|move|p1a: Umbreon|Wish|p1a: Umbreon\n|\n|-heal|p1a: Umbreon|45/100|[from] item: Leftovers\n|upkeep\n|turn|13\n|inactive|Time left: 300 sec this turn | 300 sec total\n|\n|t:|1783573186\n|move|p1a: Umbreon|Protect|p1a: Umbreon\n|-singleturn|p1a: Umbreon|Protect\n|move|p2a: Inteleon|Scald|p1a: Umbreon\n|-activate|p1a: Umbreon|move: Protect\n|\n|-heal|p1a: Umbreon|95/100|[from] move: Wish|[wisher] Umbreon\n|-heal|p1a: Umbreon|100/100|[from] item: Leftovers\n|upkeep\n|turn|14\n|inactive|Time left: 300 sec this turn | 300 sec total\n|\n|t:|1783573187\n|move|p2a: Inteleon|Scald|p1a: Umbreon\n|-damage|p1a: Umbreon|65/100\n|move|p1a: Umbreon|Toxic|p2a: Inteleon\n|-status|p2a: Inteleon|tox\n|\n|-heal|p1a: Umbreon|71/100|[from] item: Leftovers\n|-damage|p2a: Inteleon|231/246 tox|[from] psn\n|upkeep\n|turn|15\n|inactive|Time left: 300 sec this turn | 300 sec total\n|\n|t:|1783573188\n|move|p2a: Inteleon|Scald||[still]\n|-damage|p1a: Umbreon|36/100\n|-status|p1a: Umbreon|brn\n|-activate|p1a: Umbreon|ability: Synchronize\n|-fail|p1a: Umbreon\n|move|p1a: Umbreon|Foul Play|p2a: Inteleon\n|-damage|p2a: Inteleon|175/246 tox\n|\n|-heal|p1a: Umbreon|42/100 brn|[from] item: Leftovers\n|-damage|p2a: Inteleon|145/246 tox|[from] psn\n|-damage|p1a: Umbreon|36/100 brn|[from] brn\n|upkeep\n|turn|16\n|inactive|Time left: 300 sec this turn | 300 sec total\n|\n|t:|1783573189\n|move|p1a: Umbreon|Protect|p1a: Umbreon\n|-singleturn|p1a: Umbreon|Protect\n|move|p2a: Inteleon|Scald|p1a: Umbreon\n|-activate|p1a: Umbreon|move: Protect\n|\n|-heal|p1a: Umbreon|42/100 brn|[from] item: Leftovers\n|-damage|p2a: Inteleon|100/246 tox|[from] psn\n|-damage|p1a: Umbreon|36/100 brn|[from] brn\n|upkeep\n|turn|17\n|inactive|Time left: 300 sec this turn | 300 sec total\n|\n|t:|1783573190\n|move|p2a: Inteleon|Scald|p1a: Umbreon\n|-damage|p1a: Umbreon|0 fnt\n|faint|p1a: Umbreon\n|\n|-damage|p2a: Inteleon|40/246 tox|[from] psn\n|upkeep\n|\n|t:|1783573191\n|switch|p1a: Scizor|Scizor, L79, F|100/100\n|turn|18\n|inactive|Time left: 300 sec this turn | 300 sec total\n|\n|t:|1783573191\n|move|p1a: Scizor|Bullet Punch|p2a: Inteleon\n|-resisted|p2a: Inteleon\n|-damage|p2a: Inteleon|0 fnt\n|faint|p2a: Inteleon\n|\n|upkeep\n|inactive|Time left: 300 sec this turn | 300 sec total | 5 sec grace\n|\n|t:|1783573192\n|switch|p2a: Iron Moth|Iron Moth, L78|253/253\n|turn|19\n|inactive|Time left: 300 sec this turn | 300 sec total\n|\n|t:|1783573193\n|-terastallize|p1a: Scizor|Dragon\n|move|p2a: Iron Moth|Fire Blast|p1a: Scizor\n|-resisted|p1a: Scizor\n|-damage|p1a: Scizor|66/100\n|move|p1a: Scizor|Knock Off|p2a: Iron Moth\n|-damage|p2a: Iron Moth|152/253\n|-enditem|p2a: Iron Moth|Heavy-Duty Boots|[from] move: Knock Off|[of] p1a: Scizor\n|\n|-heal|p1a: Scizor|73/100|[from] item: Leftovers\n|upkeep\n|turn|20\n|inactive|Time left: 300 sec this turn | 300 sec total\n|\n|t:|1783573194\n|move|p2a: Iron Moth|Sludge Wave|p1a: Scizor\n|-damage|p1a: Scizor|20/100\n|move|p1a: Scizor|Knock Off|p2a: Iron Moth\n|-damage|p2a: Iron Moth|81/253\n|\n|-heal|p1a: Scizor|26/100|[from] item: Leftovers\n|upkeep\n|turn|21\n|inactive|Time left: 300 sec this turn | 300 sec total\n|\n|t:|1783573195\n|move|p1a: Scizor|Bullet Punch|p2a: Iron Moth\n|-resisted|p2a: Iron Moth\n|-damage|p2a: Iron Moth|27/253\n|move|p2a: Iron Moth|Sludge Wave|p1a: Scizor\n|-damage|p1a: Scizor|0 fnt\n|faint|p1a: Scizor\n|\n|upkeep\n|\n|t:|1783573196\n|switch|p1a: Sandaconda|Sandaconda, L84, M|100/100\n|turn|22\n|inactive|Time left: 300 sec this turn | 300 sec total\n|\n|t:|1783573197\n|move|p2a: Iron Moth|Fire Blast|p1a: Sandaconda\n|-damage|p1a: Sandaconda|34/100\n|move|p1a: Sandaconda|Scale Shot|p2a: Iron Moth\n|-damage|p2a: Iron Moth|2/253\n|-damage|p2a: Iron Moth|0 fnt\n|faint|p2a: Iron Moth\n|-end|p2a: Iron Moth|Quark Drive|[silent]\n|-hitcount|p2: Iron Moth|2\n|-unboost|p1a: Sandaconda|def|1\n|-boost|p1a: Sandaconda|spe|1\n|\n|upkeep\n|inactive|Time left: 300 sec this turn | 300 sec total | 5 sec grace\n|\n|t:|1783573198\n|switch|p2a: Shaymin|Shaymin, L82|298/298\n|turn|23\n|inactive|Time left: 300 sec this turn | 300 sec total\n|\n|t:|1783573199\n|move|p1a: Sandaconda|Coil|p1a: Sandaconda\n|-boost|p1a: Sandaconda|atk|1\n|-boost|p1a: Sandaconda|def|1\n|-boost|p1a: Sandaconda|accuracy|1\n|move|p2a: Shaymin|Seed Flare|p1a: Sandaconda|[miss]\n|-miss|p2a: Shaymin|p1a: Sandaconda\n|\n|upkeep\n|turn|24\n|inactive|Time left: 300 sec this turn | 300 sec total\n|\n|t:|1783573200\n|move|p1a: Sandaconda|Earthquake|p2a: Shaymin\n|-resisted|p2a: Shaymin\n|-damage|p2a: Shaymin|220/298\n|move|p2a: Shaymin|Seed Flare|p1a: Sandaconda\n|-supereffective|p1a: Sandaconda\n|-damage|p1a: Sandaconda|0 fnt\n|faint|p1a: Sandaconda\n|\n|-heal|p2a: Shaymin|238/298|[from] item: Leftovers\n|upkeep\n|\n|t:|1783573201\n|switch|p1a: Toucannon|Toucannon, L88, M|24/100\n|turn|25\n|inactive|Time left: 300 sec this turn | 300 sec total\n|\n|t:|1783573202\n|-singleturn|p1a: Toucannon|move: Beak Blast\n|move|p2a: Shaymin|Seed Flare|p1a: Toucannon|[miss]\n|-miss|p2a: Shaymin|p1a: Toucannon\n|move|p1a: Toucannon|Beak Blast|p2a: Shaymin\n|-supereffective|p2a: Shaymin\n|-damage|p2a: Shaymin|0 fnt\n|faint|p2a: Shaymin\n|\n|upkeep\n|inactive|Time left: 300 sec this turn | 300 sec total | 5 sec grace\n|\n|t:|1783573203\n|switch|p2a: Walking Wake|Walking Wake, L79|1/286\n|turn|26\n|inactive|Time left: 300 sec this turn | 300 sec total\n|\n|t:|1783573204\n|move|p2a: Walking Wake|Hydro Pump|p1a: Toucannon|[miss]\n|-miss|p2a: Walking Wake|p1a: Toucannon\n|move|p1a: Toucannon|Roost|p1a: Toucannon\n|-heal|p1a: Toucannon|74/100\n|-singleturn|p1a: Toucannon|move: Roost\n|\n|upkeep\n|turn|27\n|inactive|Time left: 300 sec this turn | 300 sec total\n|\n|t:|1783573205\n|switch|p1a: Copperajah|Copperajah, L86, M|100/100\n|move|p2a: Walking Wake|Hydro Pump|p1a: Copperajah|[miss]\n|-miss|p2a: Walking Wake|p1a: Copperajah\n|\n|upkeep\n|turn|28\n|inactive|Time left: 300 sec this turn | 300 sec total\n|\n|t:|1783573206\n|move|p2a: Walking Wake|Hydro Pump|p1a: Copperajah|[miss]\n|-miss|p2a: Walking Wake|p1a: Copperajah\n|move|p1a: Copperajah|Play Rough|p2a: Walking Wake\n|-supereffective|p2a: Walking Wake\n|-damage|p2a: Walking Wake|0 fnt\n|faint|p2a: Walking Wake\n|-end|p2a: Walking Wake|Protosynthesis|[silent]\n|\n|upkeep\n|inactive|Time left: 300 sec this turn | 300 sec total | 5 sec grace\n|\n|t:|1783573207\n|switch|p2a: Rabsca|Rabsca, L91, M|284/284\n|turn|29\n|inactive|Time left: 300 sec this turn | 300 sec total\n|\n|t:|1783573208\n|-terastallize|p2a: Rabsca|Steel\n|move|p2a: Rabsca|Earth Power|p1a: Copperajah\n|-supereffective|p1a: Copperajah\n|-damage|p1a: Copperajah|48/100\n|move|p1a: Copperajah|Rock Slide|p2a: Rabsca\n|-resisted|p2a: Rabsca\n|-damage|p2a: Rabsca|231/284\n|\n|upkeep\n|turn|30\n|inactive|Time left: 300 sec this turn | 300 sec total\n|\n|t:|1783573209\n|switch|p1a: Toucannon|Toucannon, L88, M|74/100\n|move|p2a: Rabsca|Earth Power|p1a: Toucannon\n|-immune|p1a: Toucannon\n|\n|upkeep\n|turn|31\n|inactive|Time left: 300 sec this turn | 300 sec total\n|\n|t:|1783573210\n|move|p1a: Toucannon|Boomburst|p2a: Rabsca\n|-resisted|p2a: Rabsca\n|-damage|p2a: Rabsca|171/284\n|move|p2a: Rabsca|Psychic|p1a: Toucannon\n|-damage|p1a: Toucannon|21/100\n|\n|upkeep\n|turn|32\n|inactive|Time left: 300 sec this turn | 300 sec total\n|\n|t:|1783573211\n|move|p1a: Toucannon|Roost|p1a: Toucannon\n|-heal|p1a: Toucannon|71/100\n|-singleturn|p1a: Toucannon|move: Roost\n|move|p2a: Rabsca|Psychic|p1a: Toucannon\n|-crit|p1a: Toucannon\n|-damage|p1a: Toucannon|4/100\n|-unboost|p1a: Toucannon|spd|1\n|\n|upkeep\n|turn|33\n|inactive|Time left: 300 sec this turn | 300 sec total\n|\n|t:|1783573212\n|move|p1a: Toucannon|U-turn|p2a: Rabsca\n|-resisted|p2a: Rabsca\n|-damage|p2a: Rabsca|141/284\n|\n|t:|1783573213\n|switch|p1a: Copperajah|Copperajah, L86, M|48/100|[from] U-turn\n|move|p2a: Rabsca|Psychic|p1a: Copperajah\n|-resisted|p1a: Copperajah\n|-damage|p1a: Copperajah|28/100\n|-unboost|p1a: Copperajah|spd|1\n|\n|upkeep\n|turn|34\n|inactive|Time left: 300 sec this turn | 300 sec total\n|\n|t:|1783573214\n|move|p2a: Rabsca|Bug Buzz|p1a: Copperajah\n|-resisted|p1a: Copperajah\n|-damage|p1a: Copperajah|0 fnt\n|faint|p1a: Copperajah\n|\n|upkeep\n|\n|t:|1783573215\n|switch|p1a: Toucannon|Toucannon, L88, M|4/100\n|turn|35\n|inactive|Time left: 300 sec this turn | 300 sec total\n|\n|t:|1783573216\n|move|p1a: Toucannon|Roost|p1a: Toucannon\n|-heal|p1a: Toucannon|54/100\n|-singleturn|p1a: Toucannon|move: Roost\n|move|p2a: Rabsca|Bug Buzz|p1a: Toucannon\n|-damage|p1a: Toucannon|6/100\n|\n|upkeep\n|turn|36\n|inactive|Time left: 300 sec this turn | 300 sec total\n|\n|t:|1783573217\n|move|p1a: Toucannon|Roost|p1a: Toucannon\n|-heal|p1a: Toucannon|56/100\n|-singleturn|p1a: Toucannon|move: Roost\n|move|p2a: Rabsca|Psychic|p1a: Toucannon\n|-damage|p1a: Toucannon|4/100\n|\n|upkeep\n|turn|37\n|inactive|Time left: 300 sec this turn | 300 sec total\n|\n|t:|1783573218\n|move|p1a: Toucannon|Roost|p1a: Toucannon\n|-heal|p1a: Toucannon|54/100\n|-singleturn|p1a: Toucannon|move: Roost\n|move|p2a: Rabsca|Psychic|p1a: Toucannon\n|-damage|p1a: Toucannon|6/100\n|\n|upkeep\n|turn|38\n|inactive|Time left: 300 sec this turn | 300 sec total\n|\n|t:|1783573219\n|move|p1a: Toucannon|Roost|p1a: Toucannon\n|-heal|p1a: Toucannon|56/100\n|-singleturn|p1a: Toucannon|move: Roost\n|move|p2a: Rabsca|Psychic|p1a: Toucannon\n|-damage|p1a: Toucannon|11/100\n|\n|upkeep\n|turn|39\n|inactive|Time left: 300 sec this turn | 300 sec total\n|\n|t:|1783573220\n|move|p1a: Toucannon|Roost|p1a: Toucannon\n|-heal|p1a: Toucannon|61/100\n|-singleturn|p1a: Toucannon|move: Roost\n|move|p2a: Rabsca|Bug Buzz|p1a: Toucannon\n|-damage|p1a: Toucannon|12/100\n|\n|upkeep\n|turn|40\n|inactive|Time left: 300 sec this turn | 300 sec total\n|\n|t:|1783573221\n|move|p1a: Toucannon|Roost|p1a: Toucannon\n|-heal|p1a: Toucannon|62/100\n|-singleturn|p1a: Toucannon|move: Roost\n|move|p2a: Rabsca|Bug Buzz|p1a: Toucannon\n|-damage|p1a: Toucannon|10/100\n|\n|upkeep\n|turn|41\n|inactive|Time left: 300 sec this turn | 300 sec total\n|\n|t:|1783573222\n|move|p1a: Toucannon|Boomburst|p2a: Rabsca\n|-resisted|p2a: Rabsca\n|-damage|p2a: Rabsca|85/284\n|move|p2a: Rabsca|Bug Buzz|p1a: Toucannon\n|-resisted|p1a: Toucannon\n|-damage|p1a: Toucannon|0 fnt\n|faint|p1a: Toucannon\n|\n|win|p0y287926ac", "uploadtime": 1783573222, "views": 0, "rating": 0, "private": 0, "password": null, "_winner": "p0y287926ac", "_our_name": "p0y287926ac"}