{"id": "battle-gen9randombattle-1354", "formatid": "gen9randombattle", "format": "[Gen 9] Random Battle", "players": ["p0x13541eb1", "p0y13543103"], "log": "|init|battle\n|title|p0x13541eb1 vs. p0y13543103\n|j|\u2606p0x13541eb1\n|j|\u2606p0y13543103\n|t:|1783554848\n|gametype|singles\n|player|p1|p0x13541eb1|170|\n|player|p2|p0y13543103|266|\n|gen|9\n|tier|[Gen 9] Random Battle\n|rule|Species Clause: Limit one of each Pok\u00e9mon\n|rule|HP Percentage Mod: HP is shown in percentages\n|rule|Sleep Clause Mod: Limit one foe put to sleep\n|rule|Illusion Level Mod: Illusion disguises the Pok\u00e9mon's true level\n|\n|t:|1783554848\n|teamsize|p1|6\n|teamsize|p2|6\n|start\n|switch|p1a: Rotom|Rotom-Fan, L86|226/226\n|switch|p2a: Garganacl|Garganacl, L80, F|100/100\n|turn|1\n|inactive|Battle timer is ON: inactive players will automatically lose when time's up. (requested by p0x13541eb1)\n|inactive|p0y13543103 also wants the timer to be on.\n|\n|t:|1783554850\n|switch|p1a: Heracross|Heracross, L80, F|259/259\n|move|p2a: Garganacl|Salt Cure|p1a: Heracross\n|-damage|p1a: Heracross|210/259\n|-start|p1a: Heracross|Salt Cure\n|\n|-damage|p1a: Heracross|178/259|[from] Salt Cure\n|-status|p1a: Heracross|brn|[from] item: Flame Orb\n|upkeep\n|turn|2\n|inactive|Time left: 300 sec this turn | 300 sec total\n|\n|t:|1783554851\n|move|p1a: Heracross|Close Combat|p2a: Garganacl\n|-supereffective|p2a: Garganacl\n|-damage|p2a: Garganacl|0 fnt\n|-unboost|p1a: Heracross|def|1\n|-unboost|p1a: Heracross|spd|1\n|faint|p2a: Garganacl\n|\n|-damage|p1a: Heracross|162/259 brn|[from] brn\n|-damage|p1a: Heracross|130/259 brn|[from] Salt Cure\n|upkeep\n|\n|t:|1783554852\n|switch|p2a: Zacian|Zacian, L69|100/100\n|-ability|p2a: Zacian|Intrepid Sword|boost\n|-boost|p2a: Zacian|atk|1\n|turn|3\n|inactive|Time left: 300 sec this turn | 300 sec total\n|\n|t:|1783554853\n|switch|p1a: Talonflame|Talonflame, L83, M|265/265\n|move|p2a: Zacian|Play Rough|p1a: Talonflame\n|-resisted|p1a: Talonflame\n|-damage|p1a: Talonflame|157/265\n|\n|upkeep\n|turn|4\n|inactive|Time left: 300 sec this turn | 300 sec total\n|\n|t:|1783554854\n|move|p1a: Talonflame|Roost|p1a: Talonflame\n|-heal|p1a: Talonflame|265/265\n|-singleturn|p1a: Talonflame|move: Roost\n|move|p2a: Zacian|Play Rough|p1a: Talonflame\n|-resisted|p1a: Talonflame\n|-damage|p1a: Talonflame|168/265\n|\n|upkeep\n|turn|5\n|inactive|Time left: 300 sec this turn | 300 sec total\n|\n|t:|1783554855\n|move|p1a: Talonflame|Roost|p1a: Talonflame\n|-heal|p1a: Talonflame|265/265\n|-singleturn|p1a: Talonflame|move: Roost\n|move|p2a: Zacian|Play Rough|p1a: Talonflame|[miss]\n|-miss|p2a: Zacian|p1a: Talonflame\n|\n|upkeep\n|turn|6\n|inactive|Time left: 300 sec this turn | 300 sec total\n|\n|t:|1783554856\n|move|p1a: Talonflame|Brave Bird|p2a: Zacian\n|-damage|p2a: Zacian|59/100\n|-damage|p1a: Talonflame|232/265|[from] Recoil\n|move|p2a: Zacian|Play Rough|p1a: Talonflame\n|-resisted|p1a: Talonflame\n|-damage|p1a: Talonflame|124/265\n|-status|p2a: Zacian|brn|[from] ability: Flame Body|[of] p1a: Talonflame\n|\n|-damage|p2a: Zacian|53/100 brn|[from] brn\n|upkeep\n|turn|7\n|inactive|Time left: 300 sec this turn | 300 sec total\n|\n|t:|1783554857\n|move|p1a: Talonflame|Roost|p1a: Talonflame\n|-heal|p1a: Talonflame|257/265\n|-singleturn|p1a: Talonflame|move: Roost\n|move|p2a: Zacian|Play Rough|p1a: Talonflame\n|-resisted|p1a: Talonflame\n|-damage|p1a: Talonflame|204/265\n|\n|-damage|p2a: Zacian|47/100 brn|[from] brn\n|upkeep\n|turn|8\n|inactive|Time left: 300 sec this turn | 300 sec total\n|\n|t:|1783554858\n|move|p1a: Talonflame|Brave Bird|p2a: Zacian\n|-damage|p2a: Zacian|0 fnt\n|faint|p2a: Zacian\n|-damage|p1a: Talonflame|167/265|[from] Recoil\n|\n|upkeep\n|\n|t:|1783554859\n|switch|p2a: Necrozma|Necrozma-Dawn-Wings, L76|100/100\n|turn|9\n|inactive|Time left: 300 sec this turn | 300 sec total\n|\n|t:|1783554860\n|move|p1a: Talonflame|Brave Bird|p2a: Necrozma\n|-damage|p2a: Necrozma|64/100\n|-damage|p1a: Talonflame|134/265|[from] Recoil\n|move|p2a: Necrozma|Photon Geyser|p1a: Talonflame\n|-damage|p1a: Talonflame|0 fnt\n|faint|p1a: Talonflame\n|\n|-heal|p2a: Necrozma|70/100|[from] item: Leftovers\n|upkeep\n|inactive|Time left: 300 sec this turn | 300 sec total | 5 sec grace\n|\n|t:|1783554861\n|switch|p1a: Sandslash|Sandslash, L89, F|278/278\n|turn|10\n|inactive|Time left: 300 sec this turn | 300 sec total\n|\n|t:|1783554862\n|switch|p2a: Krookodile|Krookodile, L79, F|100/100\n|-ability|p2a: Krookodile|Intimidate|boost\n|-unboost|p1a: Sandslash|atk|1\n|move|p1a: Sandslash|Swords Dance|p1a: Sandslash\n|-boost|p1a: Sandslash|atk|2\n|\n|upkeep\n|turn|11\n|inactive|Time left: 300 sec this turn | 300 sec total\n|\n|t:|1783554863\n|move|p2a: Krookodile|Bulk Up|p2a: Krookodile\n|-boost|p2a: Krookodile|atk|1\n|-boost|p2a: Krookodile|def|1\n|move|p1a: Sandslash|Earthquake|p2a: Krookodile\n|-damage|p2a: Krookodile|48/100\n|\n|-heal|p2a: Krookodile|54/100|[from] item: Leftovers\n|upkeep\n|turn|12\n|inactive|Time left: 300 sec this turn | 300 sec total\n|\n|t:|1783554864\n|move|p2a: Krookodile|Knock Off|p1a: Sandslash\n|-damage|p1a: Sandslash|157/278\n|-enditem|p1a: Sandslash|Leftovers|[from] move: Knock Off|[of] p2a: Krookodile\n|move|p1a: Sandslash|Earthquake|p2a: Krookodile\n|-damage|p2a: Krookodile|2/100\n|\n|-heal|p2a: Krookodile|8/100|[from] item: Leftovers\n|upkeep\n|turn|13\n|inactive|Time left: 300 sec this turn | 300 sec total\n|\n|t:|1783554866\n|move|p2a: Krookodile|Earthquake|p1a: Sandslash\n|-damage|p1a: Sandslash|25/278\n|move|p1a: Sandslash|Earthquake|p2a: Krookodile\n|-damage|p2a: Krookodile|0 fnt\n|faint|p2a: Krookodile\n|\n|upkeep\n|\n|t:|1783554867\n|switch|p2a: Pikachu|Pikachu-Unova, L93, M|100/100\n|turn|14\n|inactive|Time left: 300 sec this turn | 300 sec total\n|\n|t:|1783554868\n|move|p2a: Pikachu|Fake Out|p1a: Sandslash\n|-damage|p1a: Sandslash|0 fnt\n|faint|p1a: Sandslash\n|\n|upkeep\n|inactive|Time left: 300 sec this turn | 300 sec total | 5 sec grace\n|\n|t:|1783554868\n|switch|p1a: Giratina|Giratina, L75|349/349\n|-ability|p1a: Giratina|Pressure\n|turn|15\n|inactive|Time left: 300 sec this turn | 300 sec total\n|\n|t:|1783554869\n|move|p2a: Pikachu|Volt Switch|p1a: Giratina\n|-resisted|p1a: Giratina\n|-damage|p1a: Giratina|299/349\n|\n|t:|1783554870\n|switch|p2a: Necrozma|Necrozma-Dawn-Wings, L76|70/100|[from] Volt Switch\n|move|p1a: Giratina|Shadow Ball|p2a: Necrozma\n|-supereffective|p2a: Necrozma\n|-damage|p2a: Necrozma|0 fnt\n|faint|p2a: Necrozma\n|\n|-heal|p1a: Giratina|320/349|[from] item: Leftovers\n|upkeep\n|\n|t:|1783554871\n|switch|p2a: Deoxys|Deoxys-Defense, L84|100/100\n|-ability|p2a: Deoxys|Pressure\n|turn|16\n|inactive|Time left: 300 sec this turn | 300 sec total\n|\n|t:|1783554872\n|move|p2a: Deoxys|Stealth Rock|p1a: Giratina\n|-sidestart|p1: p0x13541eb1|move: Stealth Rock\n|move|p1a: Giratina|Shadow Ball|p2a: Deoxys\n|-supereffective|p2a: Deoxys\n|-damage|p2a: Deoxys|62/100\n|\n|-heal|p2a: Deoxys|68/100|[from] item: Leftovers\n|-heal|p1a: Giratina|341/349|[from] item: Leftovers\n|upkeep\n|turn|17\n|inactive|Time left: 300 sec this turn | 300 sec total\n|\n|t:|1783554873\n|move|p2a: Deoxys|Recover|p2a: Deoxys\n|-heal|p2a: Deoxys|100/100\n|move|p1a: Giratina|Shadow Ball|p2a: Deoxys\n|-supereffective|p2a: Deoxys\n|-damage|p2a: Deoxys|62/100\n|-unboost|p2a: Deoxys|spd|1\n|\n|-heal|p2a: Deoxys|68/100|[from] item: Leftovers\n|-heal|p1a: Giratina|349/349|[from] item: Leftovers\n|upkeep\n|turn|18\n|inactive|Time left: 300 sec this turn | 300 sec total\n|\n|t:|1783554874\n|move|p2a: Deoxys|Recover|p2a: Deoxys\n|-heal|p2a: Deoxys|100/100\n|move|p1a: Giratina|Shadow Ball|p2a: Deoxys\n|-supereffective|p2a: Deoxys\n|-damage|p2a: Deoxys|40/100\n|\n|-heal|p2a: Deoxys|46/100|[from] item: Leftovers\n|upkeep\n|turn|19\n|inactive|Time left: 300 sec this turn | 300 sec total\n|\n|t:|1783554875\n|move|p2a: Deoxys|Recover|p2a: Deoxys\n|-heal|p2a: Deoxys|96/100\n|move|p1a: Giratina|Shadow Ball|p2a: Deoxys\n|-supereffective|p2a: Deoxys\n|-damage|p2a: Deoxys|34/100\n|\n|-heal|p2a: Deoxys|39/100|[from] item: Leftovers\n|upkeep\n|turn|20\n|inactive|Time left: 300 sec this turn | 300 sec total\n|\n|t:|1783554876\n|move|p2a: Deoxys|Recover|p2a: Deoxys\n|-heal|p2a: Deoxys|90/100\n|move|p1a: Giratina|Shadow Ball|p2a: Deoxys\n|-supereffective|p2a: Deoxys\n|-damage|p2a: Deoxys|26/100\n|\n|-heal|p2a: Deoxys|32/100|[from] item: Leftovers\n|upkeep\n|turn|21\n|inactive|Time left: 300 sec this turn | 300 sec total\n|\n|t:|1783554877\n|move|p2a: Deoxys|Recover|p2a: Deoxys\n|-heal|p2a: Deoxys|82/100\n|move|p1a: Giratina|Shadow Ball|p2a: Deoxys\n|-supereffective|p2a: Deoxys\n|-damage|p2a: Deoxys|24/100\n|\n|-heal|p2a: Deoxys|30/100|[from] item: Leftovers\n|upkeep\n|turn|22\n|inactive|Time left: 300 sec this turn | 300 sec total\n|\n|t:|1783554879\n|move|p2a: Deoxys|Recover|p2a: Deoxys\n|-heal|p2a: Deoxys|81/100\n|move|p1a: Giratina|Shadow Ball|p2a: Deoxys\n|-supereffective|p2a: Deoxys\n|-damage|p2a: Deoxys|15/100\n|\n|-heal|p2a: Deoxys|20/100|[from] item: Leftovers\n|upkeep\n|turn|23\n|inactive|Time left: 300 sec this turn | 300 sec total\n|\n|t:|1783554880\n|move|p2a: Deoxys|Recover|p2a: Deoxys\n|-heal|p2a: Deoxys|71/100\n|move|p1a: Giratina|Shadow Ball|p2a: Deoxys\n|-supereffective|p2a: Deoxys\n|-damage|p2a: Deoxys|11/100\n|-unboost|p2a: Deoxys|spd|1\n|\n|-heal|p2a: Deoxys|17/100|[from] item: Leftovers\n|upkeep\n|turn|24\n|inactive|Time left: 300 sec this turn | 300 sec total\n|\n|t:|1783554881\n|-terastallize|p2a: Deoxys|Fairy\n|move|p2a: Deoxys|Recover|p2a: Deoxys\n|-heal|p2a: Deoxys|67/100\n|move|p1a: Giratina|Shadow Ball|p2a: Deoxys\n|-damage|p2a: Deoxys|25/100\n|\n|-heal|p2a: Deoxys|31/100|[from] item: Leftovers\n|upkeep\n|turn|25\n|inactive|Time left: 300 sec this turn | 300 sec total\n|\n|t:|1783554882\n|switch|p2a: Pikachu|Pikachu-Unova, L93, M|100/100\n|move|p1a: Giratina|Shadow Ball|p2a: Pikachu\n|-damage|p2a: Pikachu|57/100\n|\n|upkeep\n|turn|26\n|inactive|Time left: 300 sec this turn | 300 sec total\n|\n|t:|1783554883\n|move|p2a: Pikachu|Volt Switch|p1a: Giratina\n|-resisted|p1a: Giratina\n|-damage|p1a: Giratina|302/349\n|\n|t:|1783554884\n|switch|p2a: Deoxys|Deoxys-Defense, L84, tera:Fairy|31/100|[from] Volt Switch\n|-ability|p2a: Deoxys|Pressure\n|move|p1a: Giratina|Shadow Ball|p2a: Deoxys\n|-damage|p2a: Deoxys|12/100\n|\n|-heal|p2a: Deoxys|18/100|[from] item: Leftovers\n|-heal|p1a: Giratina|323/349|[from] item: Leftovers\n|upkeep\n|turn|27\n|inactive|Time left: 300 sec this turn | 300 sec total\n|\n|t:|1783554886\n|switch|p2a: Pikachu|Pikachu-Unova, L93, M|57/100\n|move|p1a: Giratina|Shadow Ball|p2a: Pikachu\n|-damage|p2a: Pikachu|15/100\n|\n|-heal|p1a: Giratina|344/349|[from] item: Leftovers\n|upkeep\n|turn|28\n|inactive|Time left: 300 sec this turn | 300 sec total\n|\n|t:|1783554887\n|move|p2a: Pikachu|Surf|p1a: Giratina\n|-resisted|p1a: Giratina\n|-damage|p1a: Giratina|303/349\n|move|p1a: Giratina|Shadow Ball|p2a: Pikachu\n|-damage|p2a: Pikachu|0 fnt\n|faint|p2a: Pikachu\n|\n|-heal|p1a: Giratina|324/349|[from] item: Leftovers\n|upkeep\n|\n|t:|1783554888\n|switch|p2a: Deoxys|Deoxys-Defense, L84, tera:Fairy|18/100\n|-ability|p2a: Deoxys|Pressure\n|turn|29\n|inactive|Time left: 300 sec this turn | 300 sec total\n|\n|t:|1783554888\n|switch|p1a: Gengar|Gengar, L81, F|230/230\n|-damage|p1a: Gengar|202/230|[from] Stealth Rock\n|move|p2a: Deoxys|Stealth Rock||[still]\n|-fail|p2a: Deoxys\n|\n|-heal|p2a: Deoxys|24/100|[from] item: Leftovers\n|upkeep\n|turn|30\n|inactive|Time left: 300 sec this turn | 300 sec total\n|\n|t:|1783554889\n|move|p1a: Gengar|Shadow Ball|p2a: Deoxys\n|-damage|p2a: Deoxys|0 fnt\n|faint|p2a: Deoxys\n|-damage|p1a: Gengar|179/230|[from] item: Life Orb\n|\n|win|p0x13541eb1", "uploadtime": 1783554889, "views": 0, "rating": 0, "private": 0, "password": null, "_winner": "p0x13541eb1", "_our_name": "p0x13541eb1"}