{"id": "battle-gen9randombattle-2579", "formatid": "gen9randombattle", "format": "[Gen 9] Random Battle", "players": ["p0x25794135", "p0y25790275"], "log": "|init|battle\n|title|p0x25794135 vs. p0y25790275\n|j|\u2606p0x25794135\n|j|\u2606p0y25790275\n|t:|1783568856\n|gametype|singles\n|player|p1|p0x25794135|170|\n|player|p2|p0y25790275|265|\n|gen|9\n|tier|[Gen 9] Random Battle\n|rule|Species Clause: Limit one of each Pok\u00e9mon\n|rule|HP Percentage Mod: HP is shown in percentages\n|rule|Sleep Clause Mod: Limit one foe put to sleep\n|rule|Illusion Level Mod: Illusion disguises the Pok\u00e9mon's true level\n|\n|t:|1783568856\n|teamsize|p1|6\n|teamsize|p2|6\n|start\n|switch|p1a: Greedent|Greedent, L86, M|100/100\n|switch|p2a: Electrode|Electrode-Hisui, L87|246/246\n|turn|1\n|inactive|Battle timer is ON: inactive players will automatically lose when time's up. (requested by p0y25790275)\n|inactive|p0x25794135 also wants the timer to be on.\n|\n|t:|1783568858\n|move|p2a: Electrode|Leech Seed|p1a: Greedent\n|-start|p1a: Greedent|move: Leech Seed\n|move|p1a: Greedent|Swords Dance|p1a: Greedent\n|-boost|p1a: Greedent|atk|2\n|\n|-damage|p1a: Greedent|88/100|[from] Leech Seed|[of] p2a: Electrode\n|upkeep\n|turn|2\n|inactive|Time left: 300 sec this turn | 300 sec total\n|\n|t:|1783568859\n|move|p2a: Electrode|Substitute|p2a: Electrode\n|-start|p2a: Electrode|Substitute\n|-damage|p2a: Electrode|185/246\n|move|p1a: Greedent|Body Slam|p2a: Electrode\n|-end|p2a: Electrode|Substitute\n|\n|-heal|p2a: Electrode|200/246|[from] item: Leftovers\n|-damage|p1a: Greedent|76/100|[from] Leech Seed|[of] p2a: Electrode\n|-heal|p2a: Electrode|243/246|[silent]\n|upkeep\n|turn|3\n|inactive|Time left: 300 sec this turn | 300 sec total\n|\n|t:|1783568860\n|move|p2a: Electrode|Substitute|p2a: Electrode\n|-start|p2a: Electrode|Substitute\n|-damage|p2a: Electrode|182/246\n|move|p1a: Greedent|Body Slam|p2a: Electrode\n|-end|p2a: Electrode|Substitute\n|\n|-heal|p2a: Electrode|197/246|[from] item: Leftovers\n|-damage|p1a: Greedent|63/100|[from] Leech Seed|[of] p2a: Electrode\n|-heal|p2a: Electrode|240/246|[silent]\n|upkeep\n|turn|4\n|inactive|Time left: 300 sec this turn | 300 sec total\n|\n|t:|1783568861\n|move|p2a: Electrode|Substitute|p2a: Electrode\n|-start|p2a: Electrode|Substitute\n|-damage|p2a: Electrode|179/246\n|move|p1a: Greedent|Body Slam|p2a: Electrode\n|-end|p2a: Electrode|Substitute\n|\n|-heal|p2a: Electrode|194/246|[from] item: Leftovers\n|-damage|p1a: Greedent|51/100|[from] Leech Seed|[of] p2a: Electrode\n|-heal|p2a: Electrode|237/246|[silent]\n|upkeep\n|turn|5\n|inactive|Time left: 300 sec this turn | 300 sec total\n|\n|t:|1783568862\n|move|p2a: Electrode|Substitute|p2a: Electrode\n|-start|p2a: Electrode|Substitute\n|-damage|p2a: Electrode|176/246\n|move|p1a: Greedent|Body Slam|p2a: Electrode\n|-end|p2a: Electrode|Substitute\n|\n|-heal|p2a: Electrode|191/246|[from] item: Leftovers\n|-damage|p1a: Greedent|39/100|[from] Leech Seed|[of] p2a: Electrode\n|-heal|p2a: Electrode|234/246|[silent]\n|upkeep\n|-enditem|p1a: Greedent|Sitrus Berry|[eat]\n|-heal|p1a: Greedent|63/100|[from] item: Sitrus Berry\n|-heal|p1a: Greedent|96/100|[from] ability: Cheek Pouch\n|turn|6\n|inactive|Time left: 300 sec this turn | 300 sec total\n|\n|t:|1783568863\n|move|p2a: Electrode|Substitute|p2a: Electrode\n|-start|p2a: Electrode|Substitute\n|-damage|p2a: Electrode|173/246\n|move|p1a: Greedent|Body Slam|p2a: Electrode\n|-end|p2a: Electrode|Substitute\n|\n|-heal|p2a: Electrode|188/246|[from] item: Leftovers\n|-damage|p1a: Greedent|84/100|[from] Leech Seed|[of] p2a: Electrode\n|-heal|p2a: Electrode|231/246|[silent]\n|upkeep\n|turn|7\n|inactive|Time left: 300 sec this turn | 300 sec total\n|\n|t:|1783568863\n|switch|p2a: Hippowdon|Hippowdon, L82, F|311/311\n|-weather|Sandstorm|[from] ability: Sand Stream|[of] p2a: Hippowdon\n|move|p1a: Greedent|Body Slam|p2a: Hippowdon\n|-damage|p2a: Hippowdon|154/311\n|\n|-weather|Sandstorm|[upkeep]\n|-damage|p1a: Greedent|78/100|[from] Sandstorm\n|-heal|p2a: Hippowdon|173/311|[from] item: Leftovers\n|-damage|p1a: Greedent|66/100|[from] Leech Seed|[of] p2a: Hippowdon\n|-heal|p2a: Hippowdon|216/311|[silent]\n|upkeep\n|turn|8\n|inactive|Time left: 300 sec this turn | 300 sec total\n|\n|t:|1783568864\n|move|p2a: Hippowdon|Earthquake|p1a: Greedent\n|-damage|p1a: Greedent|37/100\n|move|p1a: Greedent|Body Slam|p2a: Hippowdon\n|-damage|p2a: Hippowdon|56/311\n|-status|p2a: Hippowdon|par\n|\n|-weather|Sandstorm|[upkeep]\n|-damage|p1a: Greedent|31/100|[from] Sandstorm\n|-heal|p2a: Hippowdon|75/311 par|[from] item: Leftovers\n|-damage|p1a: Greedent|19/100|[from] Leech Seed|[of] p2a: Hippowdon\n|-heal|p2a: Hippowdon|118/311 par|[silent]\n|upkeep\n|turn|9\n|inactive|Time left: 300 sec this turn | 300 sec total\n|\n|t:|1783568865\n|move|p1a: Greedent|Body Slam|p2a: Hippowdon\n|-damage|p2a: Hippowdon|0 fnt\n|faint|p2a: Hippowdon\n|\n|-weather|Sandstorm|[upkeep]\n|-damage|p1a: Greedent|13/100|[from] Sandstorm\n|upkeep\n|inactive|Time left: 300 sec this turn | 300 sec total | 5 sec grace\n|\n|t:|1783568866\n|switch|p2a: Rayquaza|Rayquaza, L72|270/270\n|-ability|p2a: Rayquaza|Air Lock\n|turn|10\n|inactive|Time left: 300 sec this turn | 300 sec total\n|\n|t:|1783568867\n|switch|p1a: Golurk|Golurk, L87|100/100\n|move|p2a: Rayquaza|Outrage|p1a: Golurk\n|-damage|p1a: Golurk|52/100\n|\n|-weather|Sandstorm|[upkeep]\n|upkeep\n|turn|11\n|inactive|Time left: 300 sec this turn | 300 sec total\n|\n|t:|1783568868\n|move|p2a: Rayquaza|Outrage|p1a: Golurk|[from] lockedmove\n|-damage|p1a: Golurk|7/100\n|move|p1a: Golurk|Stone Edge|p2a: Rayquaza\n|-supereffective|p2a: Rayquaza\n|-damage|p2a: Rayquaza|0 fnt\n|faint|p2a: Rayquaza\n|\n|-weather|none\n|upkeep\n|inactive|Time left: 300 sec this turn | 300 sec total | 5 sec grace\n|\n|t:|1783568870\n|switch|p2a: Scizor|Scizor, L79, M|240/240\n|turn|12\n|inactive|Time left: 300 sec this turn | 300 sec total\n|\n|t:|1783568871\n|move|p2a: Scizor|Knock Off|p1a: Golurk\n|-supereffective|p1a: Golurk\n|-damage|p1a: Golurk|0 fnt\n|-enditem|p1a: Golurk|Choice Band|[from] move: Knock Off|[of] p2a: Scizor\n|faint|p1a: Golurk\n|\n|upkeep\n|\n|t:|1783568871\n|switch|p1a: Scovillain|Scovillain, L91, M|100/100\n|turn|13\n|inactive|Time left: 300 sec this turn | 300 sec total\n|\n|t:|1783568873\n|switch|p2a: Cramorant|Cramorant, L86, F|261/261\n|move|p1a: Scovillain|Flamethrower|p2a: Cramorant\n|-resisted|p2a: Cramorant\n|-damage|p2a: Cramorant|204/261\n|\n|upkeep\n|turn|14\n|inactive|Time left: 300 sec this turn | 300 sec total\n|\n|t:|1783568873\n|switch|p1a: Dipplin|Dipplin, L88, F|100/100\n|move|p2a: Cramorant|Surf|p1a: Dipplin\n|-formechange|p2a: Cramorant|Cramorant-Gulping|\n|-resisted|p1a: Dipplin\n|-damage|p1a: Dipplin|95/100\n|\n|upkeep\n|turn|15\n|inactive|Time left: 300 sec this turn | 300 sec total\n|\n|t:|1783568874\n|move|p2a: Cramorant|Brave Bird|p1a: Dipplin\n|-supereffective|p1a: Dipplin\n|-damage|p1a: Dipplin|50/100\n|-damage|p2a: Cramorant|162/261|[from] Recoil\n|move|p1a: Dipplin|Giga Drain|p2a: Cramorant\n|-damage|p2a: Cramorant|78/261\n|-heal|p1a: Dipplin|65/100|[from] drain|[of] p2a: Cramorant\n|-damage|p1a: Dipplin|40/100|[from] ability: Gulp Missile|[of] p2a: Cramorant\n|-unboost|p1a: Dipplin|def|1\n|-formechange|p2a: Cramorant|Cramorant|\n|\n|upkeep\n|turn|16\n|inactive|Time left: 300 sec this turn | 300 sec total\n|\n|t:|1783568875\n|move|p2a: Cramorant|Brave Bird|p1a: Dipplin\n|-supereffective|p1a: Dipplin\n|-damage|p1a: Dipplin|0 fnt\n|faint|p1a: Dipplin\n|-damage|p2a: Cramorant|41/261|[from] Recoil\n|\n|upkeep\n|\n|t:|1783568876\n|switch|p1a: Delphox|Delphox, L84, F|100/100\n|turn|17\n|inactive|Time left: 300 sec this turn | 300 sec total\n|\n|t:|1783568877\n|move|p1a: Delphox|Fire Blast|p2a: Cramorant\n|-resisted|p2a: Cramorant\n|-damage|p2a: Cramorant|0 fnt\n|faint|p2a: Cramorant\n|\n|upkeep\n|inactive|Time left: 300 sec this turn | 300 sec total | 5 sec grace\n|\n|t:|1783568878\n|switch|p2a: Dusknoir|Dusknoir, L89, M|225/225\n|-item|p1a: Delphox|Choice Scarf|[from] ability: Frisk|[of] p2a: Dusknoir\n|turn|18\n|inactive|Time left: 300 sec this turn | 300 sec total\n|\n|t:|1783568878\n|switch|p1a: Greedent|Greedent, L86, M|13/100\n|move|p2a: Dusknoir|Poltergeist||[still]\n|-fail|p2a: Dusknoir\n|\n|upkeep\n|turn|19\n|inactive|Time left: 300 sec this turn | 300 sec total\n|\n|t:|1783568879\n|move|p2a: Dusknoir|Earthquake|p1a: Greedent\n|-damage|p1a: Greedent|0 fnt\n|faint|p1a: Greedent\n|-damage|p2a: Dusknoir|203/225|[from] item: Life Orb\n|\n|upkeep\n|\n|t:|1783568880\n|switch|p1a: Scovillain|Scovillain, L91, M|100/100\n|turn|20\n|inactive|Time left: 300 sec this turn | 300 sec total\n|\n|t:|1783568881\n|move|p1a: Scovillain|Leech Seed|p2a: Dusknoir\n|-start|p2a: Dusknoir|move: Leech Seed\n|move|p2a: Dusknoir|Poltergeist|p1a: Scovillain\n|-activate|p1a: Scovillain|move: Poltergeist|Leftovers\n|-damage|p1a: Scovillain|24/100\n|-damage|p2a: Dusknoir|181/225|[from] item: Life Orb\n|\n|-heal|p1a: Scovillain|30/100|[from] item: Leftovers\n|-damage|p2a: Dusknoir|153/225|[from] Leech Seed|[of] p1a: Scovillain\n|-heal|p1a: Scovillain|40/100|[silent]\n|upkeep\n|turn|21\n|inactive|Time left: 300 sec this turn | 300 sec total\n|\n|t:|1783568882\n|move|p1a: Scovillain|Protect|p1a: Scovillain\n|-singleturn|p1a: Scovillain|Protect\n|move|p2a: Dusknoir|Poltergeist|p1a: Scovillain\n|-activate|p1a: Scovillain|move: Protect\n|\n|-heal|p1a: Scovillain|46/100|[from] item: Leftovers\n|-damage|p2a: Dusknoir|125/225|[from] Leech Seed|[of] p1a: Scovillain\n|-heal|p1a: Scovillain|57/100|[silent]\n|upkeep\n|turn|22\n|inactive|Time left: 300 sec this turn | 300 sec total\n|\n|t:|1783568883\n|move|p1a: Scovillain|Substitute|p1a: Scovillain\n|-start|p1a: Scovillain|Substitute\n|-damage|p1a: Scovillain|32/100\n|move|p2a: Dusknoir|Poltergeist|p1a: Scovillain\n|-activate|p1a: Scovillain|move: Poltergeist|Leftovers\n|-end|p1a: Scovillain|Substitute\n|-damage|p2a: Dusknoir|103/225|[from] item: Life Orb\n|\n|-heal|p1a: Scovillain|38/100|[from] item: Leftovers\n|-damage|p2a: Dusknoir|75/225|[from] Leech Seed|[of] p1a: Scovillain\n|-heal|p1a: Scovillain|49/100|[silent]\n|upkeep\n|turn|23\n|inactive|Time left: 300 sec this turn | 300 sec total\n|\n|t:|1783568884\n|move|p2a: Dusknoir|Shadow Sneak|p1a: Scovillain\n|-damage|p1a: Scovillain|21/100\n|-damage|p2a: Dusknoir|53/225|[from] item: Life Orb\n|move|p1a: Scovillain|Flamethrower|p2a: Dusknoir\n|-damage|p2a: Dusknoir|0 fnt\n|faint|p2a: Dusknoir\n|\n|-heal|p1a: Scovillain|27/100|[from] item: Leftovers\n|upkeep\n|inactive|Time left: 300 sec this turn | 300 sec total | 5 sec grace\n|\n|t:|1783568885\n|switch|p2a: Electrode|Electrode-Hisui, L87|231/246\n|turn|24\n|inactive|Time left: 300 sec this turn | 300 sec total\n|\n|t:|1783568886\n|move|p2a: Electrode|Substitute|p2a: Electrode\n|-start|p2a: Electrode|Substitute\n|-damage|p2a: Electrode|170/246\n|move|p1a: Scovillain|Flamethrower|p2a: Electrode\n|-supereffective|p2a: Electrode\n|-end|p2a: Electrode|Substitute\n|\n|-heal|p2a: Electrode|185/246|[from] item: Leftovers\n|-heal|p1a: Scovillain|33/100|[from] item: Leftovers\n|upkeep\n|turn|25\n|inactive|Time left: 300 sec this turn | 300 sec total\n|\n|t:|1783568887\n|move|p2a: Electrode|Substitute|p2a: Electrode\n|-start|p2a: Electrode|Substitute\n|-damage|p2a: Electrode|124/246\n|move|p1a: Scovillain|Flamethrower|p2a: Electrode\n|-supereffective|p2a: Electrode\n|-end|p2a: Electrode|Substitute\n|\n|-heal|p2a: Electrode|139/246|[from] item: Leftovers\n|-heal|p1a: Scovillain|39/100|[from] item: Leftovers\n|upkeep\n|turn|26\n|inactive|Time left: 300 sec this turn | 300 sec total\n|\n|t:|1783568888\n|move|p2a: Electrode|Substitute|p2a: Electrode\n|-start|p2a: Electrode|Substitute\n|-damage|p2a: Electrode|78/246\n|move|p1a: Scovillain|Flamethrower|p2a: Electrode\n|-supereffective|p2a: Electrode\n|-end|p2a: Electrode|Substitute\n|\n|-heal|p2a: Electrode|93/246|[from] item: Leftovers\n|-heal|p1a: Scovillain|45/100|[from] item: Leftovers\n|upkeep\n|turn|27\n|inactive|Time left: 300 sec this turn | 300 sec total\n|\n|t:|1783568889\n|move|p2a: Electrode|Substitute|p2a: Electrode\n|-start|p2a: Electrode|Substitute\n|-damage|p2a: Electrode|32/246\n|move|p1a: Scovillain|Flamethrower|p2a: Electrode\n|-supereffective|p2a: Electrode\n|-end|p2a: Electrode|Substitute\n|\n|-heal|p2a: Electrode|47/246|[from] item: Leftovers\n|-heal|p1a: Scovillain|51/100|[from] item: Leftovers\n|upkeep\n|turn|28\n|inactive|Time left: 300 sec this turn | 300 sec total\n|\n|t:|1783568889\n|move|p2a: Electrode|Thunderbolt|p1a: Scovillain\n|-resisted|p1a: Scovillain\n|-damage|p1a: Scovillain|33/100\n|move|p1a: Scovillain|Flamethrower|p2a: Electrode\n|-supereffective|p2a: Electrode\n|-damage|p2a: Electrode|0 fnt\n|faint|p2a: Electrode\n|\n|-heal|p1a: Scovillain|39/100|[from] item: Leftovers\n|upkeep\n|inactive|Time left: 300 sec this turn | 300 sec total | 5 sec grace\n|\n|t:|1783568890\n|switch|p2a: Scizor|Scizor, L79, M|240/240\n|turn|29\n|inactive|Time left: 300 sec this turn | 300 sec total\n|\n|t:|1783568891\n|-terastallize|p1a: Scovillain|Steel\n|-terastallize|p2a: Scizor|Steel\n|move|p2a: Scizor|Bullet Punch|p1a: Scovillain\n|-resisted|p1a: Scovillain\n|-damage|p1a: Scovillain|9/100\n|move|p1a: Scovillain|Flamethrower|p2a: Scizor\n|-supereffective|p2a: Scizor\n|-damage|p2a: Scizor|0 fnt\n|faint|p2a: Scizor\n|\n|win|p0x25794135", "uploadtime": 1783568891, "views": 0, "rating": 0, "private": 0, "password": null, "_winner": "p0x25794135", "_our_name": "p0y25790275"}