{"id": "battle-gen9randombattle-517", "formatid": "gen9randombattle", "format": "[Gen 9] Random Battle", "players": ["p0x5179e66", "p0y517355c"], "log": "|init|battle\n|title|p0x5179e66 vs. p0y517355c\n|j|\u2606p0x5179e66\n|j|\u2606p0y517355c\n|t:|1783545044\n|gametype|singles\n|player|p1|p0x5179e66|2|\n|player|p2|p0y517355c|266|\n|gen|9\n|tier|[Gen 9] Random Battle\n|rule|Species Clause: Limit one of each Pok\u00e9mon\n|rule|HP Percentage Mod: HP is shown in percentages\n|rule|Sleep Clause Mod: Limit one foe put to sleep\n|rule|Illusion Level Mod: Illusion disguises the Pok\u00e9mon's true level\n|\n|t:|1783545044\n|teamsize|p1|6\n|teamsize|p2|6\n|start\n|switch|p1a: Reshiram|Reshiram, L76|100/100\n|switch|p2a: Avalugg|Avalugg, L88, F|310/310\n|-ability|p1a: Reshiram|Turboblaze\n|turn|1\n|inactive|Battle timer is ON: inactive players will automatically lose when time's up. (requested by p0y517355c)\n|inactive|p0x5179e66 also wants the timer to be on.\n|\n|t:|1783545046\n|move|p1a: Reshiram|Dragon Dance|p1a: Reshiram\n|-boost|p1a: Reshiram|atk|1\n|-boost|p1a: Reshiram|spe|1\n|move|p2a: Avalugg|Body Press|p1a: Reshiram\n|-damage|p1a: Reshiram|61/100\n|\n|upkeep\n|turn|2\n|inactive|Time left: 300 sec this turn | 300 sec total | 60 sec grace\n|\n|t:|1783545047\n|move|p1a: Reshiram|Outrage|p2a: Avalugg\n|-crit|p2a: Avalugg\n|-damage|p2a: Avalugg|163/310\n|move|p2a: Avalugg|Avalanche|p1a: Reshiram\n|-damage|p1a: Reshiram|2/100\n|\n|upkeep\n|turn|3\n|inactive|Time left: 300 sec this turn | 300 sec total\n|\n|t:|1783545048\n|move|p1a: Reshiram|Outrage|p2a: Avalugg|[from] lockedmove\n|-damage|p2a: Avalugg|69/310\n|move|p2a: Avalugg|Recover|p2a: Avalugg\n|-heal|p2a: Avalugg|224/310\n|\n|upkeep\n|turn|4\n|inactive|Time left: 300 sec this turn | 300 sec total\n|\n|t:|1783545049\n|move|p1a: Reshiram|Outrage|p2a: Avalugg|[from] lockedmove\n|-damage|p2a: Avalugg|124/310\n|-start|p1a: Reshiram|confusion|[fatigue]\n|move|p2a: Avalugg|Recover|p2a: Avalugg\n|-heal|p2a: Avalugg|279/310\n|\n|upkeep\n|turn|5\n|inactive|Time left: 300 sec this turn | 300 sec total\n|\n|t:|1783545050\n|-activate|p1a: Reshiram|confusion\n|move|p1a: Reshiram|Flare Blitz|p2a: Avalugg\n|-supereffective|p2a: Avalugg\n|-crit|p2a: Avalugg\n|-damage|p2a: Avalugg|3/310\n|-damage|p1a: Reshiram|0 fnt|[from] Recoil\n|faint|p1a: Reshiram\n|move|p2a: Avalugg|Body Press|p1: Reshiram|[notarget]\n|-fail|p2a: Avalugg\n|\n|upkeep\n|\n|t:|1783545051\n|switch|p1a: Minior|Minior-Yellow, L79|100/100\n|-formechange|p1a: Minior|Minior-Meteor||[from] ability: Shields Down\n|turn|6\n|inactive|Time left: 300 sec this turn | 300 sec total\n|\n|t:|1783545052\n|switch|p2a: Veluza|Veluza, L85, F|292/292\n|move|p1a: Minior|Shell Smash|p1a: Minior\n|-unboost|p1a: Minior|def|1\n|-unboost|p1a: Minior|spd|1\n|-boost|p1a: Minior|atk|2\n|-boost|p1a: Minior|spa|2\n|-boost|p1a: Minior|spe|2\n|-enditem|p1a: Minior|White Herb\n|-clearnegativeboost|p1a: Minior|[silent]\n|\n|upkeep\n|turn|7\n|inactive|Time left: 300 sec this turn | 300 sec total\n|\n|t:|1783545054\n|-terastallize|p1a: Minior|Water\n|move|p1a: Minior|Acrobatics|p2a: Veluza\n|-damage|p2a: Veluza|126/292\n|move|p2a: Veluza|Aqua Cutter|p1a: Minior\n|-resisted|p1a: Minior\n|-damage|p1a: Minior|61/100\n|\n|upkeep\n|turn|8\n|inactive|Time left: 300 sec this turn | 300 sec total\n|\n|t:|1783545055\n|switch|p2a: Eelektross|Eelektross, L87, M|290/290\n|move|p1a: Minior|Acrobatics|p2a: Eelektross\n|-resisted|p2a: Eelektross\n|-damage|p2a: Eelektross|220/290\n|\n|upkeep\n|turn|9\n|inactive|Time left: 300 sec this turn | 300 sec total\n|\n|t:|1783545056\n|move|p1a: Minior|Acrobatics|p2a: Eelektross\n|-resisted|p2a: Eelektross\n|-damage|p2a: Eelektross|145/290\n|move|p2a: Eelektross|Discharge|p1a: Minior\n|-supereffective|p1a: Minior\n|-damage|p1a: Minior|0 fnt\n|faint|p1a: Minior\n|\n|upkeep\n|\n|t:|1783545057\n|switch|p1a: Scrafty|Scrafty, L83, M|100/100\n|turn|10\n|inactive|Time left: 300 sec this turn | 300 sec total\n|\n|t:|1783545058\n|switch|p2a: Hitmonchan|Hitmonchan, L87, M|229/229\n|move|p1a: Scrafty|Bulk Up|p1a: Scrafty\n|-boost|p1a: Scrafty|atk|1\n|-boost|p1a: Scrafty|def|1\n|\n|upkeep\n|turn|11\n|inactive|Time left: 300 sec this turn | 300 sec total\n|\n|t:|1783545059\n|move|p2a: Hitmonchan|Swords Dance|p2a: Hitmonchan\n|-boost|p2a: Hitmonchan|atk|2\n|move|p1a: Scrafty|Bulk Up|p1a: Scrafty\n|-boost|p1a: Scrafty|atk|1\n|-boost|p1a: Scrafty|def|1\n|\n|upkeep\n|turn|12\n|inactive|Time left: 300 sec this turn | 300 sec total\n|\n|t:|1783545060\n|-terastallize|p2a: Hitmonchan|Fighting\n|move|p2a: Hitmonchan|Drain Punch|p1a: Scrafty\n|-supereffective|p1a: Scrafty\n|-damage|p1a: Scrafty|0 fnt\n|faint|p1a: Scrafty\n|-damage|p2a: Hitmonchan|207/229|[from] item: Life Orb\n|\n|upkeep\n|\n|t:|1783545062\n|switch|p1a: Leavanny|Leavanny, L86, F|100/100\n|turn|13\n|inactive|Time left: 300 sec this turn | 300 sec total\n|\n|t:|1783545063\n|move|p1a: Leavanny|Leaf Blade|p2a: Hitmonchan\n|-damage|p2a: Hitmonchan|96/229\n|move|p2a: Hitmonchan|Drain Punch|p1a: Leavanny\n|-resisted|p1a: Leavanny\n|-damage|p1a: Leavanny|22/100\n|-heal|p2a: Hitmonchan|202/229|[from] drain|[of] p1a: Leavanny\n|-damage|p2a: Hitmonchan|180/229|[from] item: Life Orb\n|\n|upkeep\n|turn|14\n|inactive|Time left: 300 sec this turn | 300 sec total\n|\n|t:|1783545064\n|move|p2a: Hitmonchan|Mach Punch|p1a: Leavanny\n|-resisted|p1a: Leavanny\n|-damage|p1a: Leavanny|0 fnt\n|faint|p1a: Leavanny\n|-damage|p2a: Hitmonchan|158/229|[from] item: Life Orb\n|\n|upkeep\n|\n|t:|1783545064\n|switch|p1a: Krookodile|Krookodile, L79, M|100/100\n|-ability|p1a: Krookodile|Intimidate|boost\n|-unboost|p2a: Hitmonchan|atk|1\n|turn|15\n|inactive|Time left: 300 sec this turn | 300 sec total\n|\n|t:|1783545065\n|move|p1a: Krookodile|Earthquake|p2a: Hitmonchan\n|-damage|p2a: Hitmonchan|18/229\n|-damage|p1a: Krookodile|90/100|[from] item: Life Orb\n|move|p2a: Hitmonchan|Drain Punch|p1a: Krookodile\n|-supereffective|p1a: Krookodile\n|-damage|p1a: Krookodile|0 fnt\n|-heal|p2a: Hitmonchan|144/229|[from] drain|[of] p1a: Krookodile\n|faint|p1a: Krookodile\n|-damage|p2a: Hitmonchan|122/229|[from] item: Life Orb\n|\n|upkeep\n|\n|t:|1783545066\n|switch|p1a: Cinccino|Cinccino, L83, F|100/100\n|turn|16\n|inactive|Time left: 300 sec this turn | 300 sec total\n|\n|t:|1783545067\n|move|p2a: Hitmonchan|Mach Punch|p1a: Cinccino\n|-supereffective|p1a: Cinccino\n|-damage|p1a: Cinccino|0 fnt\n|faint|p1a: Cinccino\n|-damage|p2a: Hitmonchan|100/229|[from] item: Life Orb\n|\n|win|p0y517355c", "uploadtime": 1783545067, "views": 0, "rating": 0, "private": 0, "password": null, "_winner": "p0y517355c", "_our_name": "p0y517355c"}