{"id": "battle-gen9randombattle-2361", "formatid": "gen9randombattle", "format": "[Gen 9] Random Battle", "players": ["p0x23612f4b", "p0y23615891"], "log": "|init|battle\n|title|p0x23612f4b vs. p0y23615891\n|j|\u2606p0x23612f4b\n|j|\u2606p0y23615891\n|t:|1783567429\n|gametype|singles\n|player|p1|p0x23612f4b|102|\n|player|p2|p0y23615891|101|\n|gen|9\n|tier|[Gen 9] Random Battle\n|rule|Species Clause: Limit one of each Pok\u00e9mon\n|rule|HP Percentage Mod: HP is shown in percentages\n|rule|Sleep Clause Mod: Limit one foe put to sleep\n|rule|Illusion Level Mod: Illusion disguises the Pok\u00e9mon's true level\n|\n|t:|1783567429\n|teamsize|p1|6\n|teamsize|p2|6\n|start\n|switch|p1a: Meowscarada|Meowscarada, L78, M|100/100\n|switch|p2a: Latios|Latios, L78, M|253/253\n|turn|1\n|inactive|Battle timer is ON: inactive players will automatically lose when time's up. (requested by p0y23615891)\n|inactive|p0x23612f4b also wants the timer to be on.\n|\n|t:|1783567430\n|switch|p2a: Iron Hands|Iron Hands, L79|373/373\n|move|p1a: Meowscarada|Knock Off|p2a: Iron Hands\n|-start|p1a: Meowscarada|typechange|Dark|[from] ability: Protean\n|-resisted|p2a: Iron Hands\n|-damage|p2a: Iron Hands|329/373\n|-enditem|p2a: Iron Hands|Leftovers|[from] move: Knock Off|[of] p1a: Meowscarada\n|\n|upkeep\n|turn|2\n|inactive|Time left: 300 sec this turn | 300 sec total\n|\n|t:|1783567432\n|switch|p1a: Magmortar|Magmortar, L88, M|100/100\n|move|p2a: Iron Hands|Swords Dance|p2a: Iron Hands\n|-boost|p2a: Iron Hands|atk|2\n|\n|upkeep\n|turn|3\n|inactive|Time left: 300 sec this turn | 300 sec total\n|\n|t:|1783567433\n|move|p1a: Magmortar|Fire Blast|p2a: Iron Hands\n|-damage|p2a: Iron Hands|124/373\n|move|p2a: Iron Hands|Drain Punch|p1a: Magmortar\n|-damage|p1a: Magmortar|18/100\n|-heal|p2a: Iron Hands|237/373|[from] drain|[of] p1a: Magmortar\n|\n|upkeep\n|turn|4\n|inactive|Time left: 300 sec this turn | 300 sec total\n|\n|t:|1783567434\n|move|p1a: Magmortar|Fire Blast|p2a: Iron Hands\n|-damage|p2a: Iron Hands|20/373\n|move|p2a: Iron Hands|Drain Punch|p1a: Magmortar\n|-damage|p1a: Magmortar|0 fnt\n|-heal|p2a: Iron Hands|45/373|[from] drain|[of] p1a: Magmortar\n|faint|p1a: Magmortar\n|\n|upkeep\n|\n|t:|1783567436\n|switch|p1a: Torterra|Torterra, L78, F|100/100\n|turn|5\n|inactive|Time left: 300 sec this turn | 300 sec total\n|\n|t:|1783567437\n|move|p1a: Torterra|Bullet Seed|p2a: Iron Hands\n|-damage|p2a: Iron Hands|21/373\n|-damage|p2a: Iron Hands|0 fnt\n|faint|p2a: Iron Hands\n|-end|p2a: Iron Hands|Quark Drive|[silent]\n|-hitcount|p2: Iron Hands|2\n|\n|upkeep\n|inactive|Time left: 300 sec this turn | 300 sec total | 5 sec grace\n|\n|t:|1783567438\n|switch|p2a: Latios|Latios, L78, M|253/253\n|turn|6\n|inactive|Time left: 300 sec this turn | 300 sec total\n|\n|t:|1783567439\n|move|p2a: Latios|Luster Purge|p1a: Torterra\n|-damage|p1a: Torterra|29/100\n|-unboost|p1a: Torterra|spd|1\n|move|p1a: Torterra|Shell Smash|p1a: Torterra\n|-unboost|p1a: Torterra|def|1\n|-unboost|p1a: Torterra|spd|1\n|-boost|p1a: Torterra|atk|2\n|-boost|p1a: Torterra|spa|2\n|-boost|p1a: Torterra|spe|2\n|\n|upkeep\n|turn|7\n|inactive|Time left: 300 sec this turn | 300 sec total\n|\n|t:|1783567440\n|move|p1a: Torterra|Bullet Seed|p2a: Latios\n|-resisted|p2a: Latios\n|-damage|p2a: Latios|206/253\n|-resisted|p2a: Latios\n|-damage|p2a: Latios|160/253\n|-resisted|p2a: Latios\n|-damage|p2a: Latios|118/253\n|-resisted|p2a: Latios\n|-damage|p2a: Latios|74/253\n|-hitcount|p2a: Latios|4\n|move|p2a: Latios|Luster Purge|p1a: Torterra\n|-damage|p1a: Torterra|0 fnt\n|faint|p1a: Torterra\n|\n|upkeep\n|\n|t:|1783567441\n|switch|p1a: Furret|Furret, L94, F|100/100\n|-item|p2a: Latios|Choice Specs|[from] ability: Frisk|[of] p1a: Furret\n|turn|8\n|inactive|Time left: 300 sec this turn | 300 sec total\n|\n|t:|1783567442\n|switch|p2a: Slowbro|Slowbro-Galar, L87, M|307/307\n|move|p1a: Furret|Double-Edge|p2a: Slowbro\n|-damage|p2a: Slowbro|138/307\n|-damage|p1a: Furret|84/100|[from] item: Rocky Helmet|[of] p2a: Slowbro\n|-damage|p1a: Furret|66/100|[from] Recoil\n|-damage|p1a: Furret|56/100|[from] item: Life Orb\n|\n|upkeep\n|turn|9\n|inactive|Time left: 300 sec this turn | 300 sec total\n|\n|t:|1783567444\n|switch|p2a: Quagsire|Quagsire, L84, M|297/297\n|move|p1a: Furret|Double-Edge|p2a: Quagsire\n|-damage|p2a: Quagsire|136/297\n|-damage|p1a: Furret|39/100|[from] Recoil\n|-damage|p1a: Furret|29/100|[from] item: Life Orb\n|\n|-heal|p2a: Quagsire|154/297|[from] item: Leftovers\n|upkeep\n|turn|10\n|inactive|Time left: 300 sec this turn | 300 sec total\n|\n|t:|1783567445\n|switch|p2a: Slowbro|Slowbro-Galar, L87, M|240/307\n|move|p1a: Furret|Double-Edge|p2a: Slowbro\n|-crit|p2a: Slowbro\n|-damage|p2a: Slowbro|9/307\n|-damage|p1a: Furret|12/100|[from] item: Rocky Helmet|[of] p2a: Slowbro\n|-damage|p1a: Furret|0 fnt|[from] Recoil\n|faint|p1a: Furret\n|\n|upkeep\n|\n|t:|1783567446\n|switch|p1a: Noctowl|Noctowl, L95, M|100/100\n|turn|11\n|inactive|Time left: 300 sec this turn | 300 sec total\n|\n|t:|1783567446\n|switch|p2a: Quagsire|Quagsire, L84, M|154/297\n|move|p1a: Noctowl|Hyper Voice|p2a: Quagsire\n|-damage|p2a: Quagsire|12/297\n|\n|-heal|p2a: Quagsire|30/297|[from] item: Leftovers\n|upkeep\n|turn|12\n|inactive|Time left: 300 sec this turn | 300 sec total\n|\n|t:|1783567447\n|move|p1a: Noctowl|Hyper Voice|p2a: Quagsire\n|-damage|p2a: Quagsire|0 fnt\n|faint|p2a: Quagsire\n|\n|upkeep\n|inactive|Time left: 300 sec this turn | 300 sec total | 5 sec grace\n|\n|t:|1783567449\n|switch|p2a: Rayquaza|Rayquaza, L72|270/270\n|-ability|p2a: Rayquaza|Air Lock\n|turn|13\n|inactive|Time left: 300 sec this turn | 300 sec total\n|\n|t:|1783567449\n|move|p1a: Noctowl|Hurricane|p2a: Rayquaza\n|-damage|p2a: Rayquaza|126/270\n|move|p2a: Rayquaza|Dragon Dance|p2a: Rayquaza\n|-boost|p2a: Rayquaza|atk|1\n|-boost|p2a: Rayquaza|spe|1\n|\n|upkeep\n|turn|14\n|inactive|Time left: 300 sec this turn | 300 sec total\n|\n|t:|1783567450\n|move|p2a: Rayquaza|Outrage|p1a: Noctowl\n|-damage|p1a: Noctowl|23/100\n|move|p1a: Noctowl|Hurricane|p2a: Rayquaza\n|-damage|p2a: Rayquaza|0 fnt\n|faint|p2a: Rayquaza\n|\n|upkeep\n|inactive|Time left: 300 sec this turn | 300 sec total | 5 sec grace\n|\n|t:|1783567451\n|switch|p2a: Latios|Latios, L78, M|74/253\n|turn|15\n|inactive|Time left: 300 sec this turn | 300 sec total\n|\n|t:|1783567452\n|move|p2a: Latios|Draco Meteor|p1a: Noctowl\n|-damage|p1a: Noctowl|0 fnt\n|-unboost|p2a: Latios|spa|2\n|faint|p1a: Noctowl\n|\n|upkeep\n|\n|t:|1783567453\n|switch|p1a: Meowscarada|Meowscarada, L78, M|100/100\n|turn|16\n|inactive|Time left: 300 sec this turn | 300 sec total\n|\n|t:|1783567454\n|switch|p2a: Slowbro|Slowbro-Galar, L87, M|111/307\n|move|p1a: Meowscarada|Knock Off|p2a: Slowbro\n|-start|p1a: Meowscarada|typechange|Dark|[from] ability: Protean\n|-supereffective|p2a: Slowbro\n|-damage|p2a: Slowbro|0 fnt\n|-damage|p1a: Meowscarada|84/100|[from] item: Rocky Helmet|[of] p2a: Slowbro\n|-enditem|p2a: Slowbro|Rocky Helmet|[from] move: Knock Off|[of] p1a: Meowscarada\n|faint|p2a: Slowbro\n|\n|upkeep\n|inactive|Time left: 300 sec this turn | 300 sec total | 5 sec grace\n|\n|t:|1783567454\n|switch|p2a: Victreebel|Victreebel, L90, F|290/290\n|turn|17\n|inactive|Time left: 300 sec this turn | 300 sec total\n|\n|t:|1783567455\n|move|p1a: Meowscarada|U-turn|p2a: Victreebel\n|-damage|p2a: Victreebel|238/290\n|\n|t:|1783567456\n|switch|p1a: Sableye|Sableye, L88, F|100/100|[from] U-turn\n|move|p2a: Victreebel|Power Whip|p1a: Sableye\n|-damage|p1a: Sableye|13/100\n|-damage|p2a: Victreebel|209/290|[from] item: Life Orb\n|\n|-heal|p1a: Sableye|19/100|[from] item: Leftovers\n|upkeep\n|turn|18\n|inactive|Time left: 300 sec this turn | 300 sec total\n|\n|t:|1783567457\n|-terastallize|p1a: Sableye|Poison\n|move|p1a: Sableye|Recover|p1a: Sableye\n|-heal|p1a: Sableye|69/100\n|move|p2a: Victreebel|Power Whip|p1a: Sableye\n|-resisted|p1a: Sableye\n|-damage|p1a: Sableye|22/100\n|-damage|p2a: Victreebel|180/290|[from] item: Life Orb\n|\n|-heal|p1a: Sableye|28/100|[from] item: Leftovers\n|upkeep\n|turn|19\n|inactive|Time left: 300 sec this turn | 300 sec total\n|\n|t:|1783567458\n|switch|p2a: Latios|Latios, L78, M|74/253\n|move|p1a: Sableye|Recover|p1a: Sableye\n|-heal|p1a: Sableye|78/100\n|\n|-heal|p1a: Sableye|84/100|[from] item: Leftovers\n|upkeep\n|turn|20\n|inactive|Time left: 300 sec this turn | 300 sec total\n|\n|t:|1783567459\n|switch|p1a: Meowscarada|Meowscarada, L78, M|84/100\n|move|p2a: Latios|Draco Meteor|p1a: Meowscarada\n|-damage|p1a: Meowscarada|0 fnt\n|-unboost|p2a: Latios|spa|2\n|faint|p1a: Meowscarada\n|\n|upkeep\n|\n|t:|1783567460\n|switch|p1a: Sableye|Sableye, L88, F, tera:Poison|84/100\n|turn|21\n|inactive|Time left: 300 sec this turn | 300 sec total\n|\n|t:|1783567461\n|move|p1a: Sableye|Thunder Wave|p2a: Latios\n|-status|p2a: Latios|par\n|move|p2a: Latios|Draco Meteor|p1a: Sableye\n|-damage|p1a: Sableye|23/100\n|-unboost|p2a: Latios|spa|2\n|\n|-heal|p1a: Sableye|29/100|[from] item: Leftovers\n|upkeep\n|turn|22\n|inactive|Time left: 300 sec this turn | 300 sec total\n|\n|t:|1783567462\n|move|p1a: Sableye|Recover|p1a: Sableye\n|-heal|p1a: Sableye|79/100\n|move|p2a: Latios|Draco Meteor|p1a: Sableye\n|-damage|p1a: Sableye|40/100\n|-unboost|p2a: Latios|spa|2\n|\n|-heal|p1a: Sableye|46/100|[from] item: Leftovers\n|upkeep\n|turn|23\n|inactive|Time left: 300 sec this turn | 300 sec total\n|\n|t:|1783567463\n|move|p1a: Sableye|Recover|p1a: Sableye\n|-heal|p1a: Sableye|96/100\n|move|p2a: Latios|Draco Meteor|p1a: Sableye\n|-damage|p1a: Sableye|65/100\n|\n|-heal|p1a: Sableye|71/100|[from] item: Leftovers\n|upkeep\n|turn|24\n|inactive|Time left: 300 sec this turn | 300 sec total\n|\n|t:|1783567465\n|move|p1a: Sableye|Knock Off|p2a: Latios\n|-supereffective|p2a: Latios\n|-damage|p2a: Latios|0 fnt\n|-enditem|p2a: Latios|Choice Specs|[from] move: Knock Off|[of] p1a: Sableye\n|faint|p2a: Latios\n|\n|-heal|p1a: Sableye|77/100|[from] item: Leftovers\n|upkeep\n|inactive|Time left: 300 sec this turn | 300 sec total | 5 sec grace\n|\n|t:|1783567466\n|switch|p2a: Victreebel|Victreebel, L90, F|180/290\n|turn|25\n|inactive|Time left: 300 sec this turn | 300 sec total\n|\n|t:|1783567467\n|move|p2a: Victreebel|Power Whip|p1a: Sableye\n|-resisted|p1a: Sableye\n|-damage|p1a: Sableye|30/100\n|-damage|p2a: Victreebel|151/290|[from] item: Life Orb\n|move|p1a: Sableye|Knock Off|p2a: Victreebel\n|-damage|p2a: Victreebel|40/290\n|-enditem|p2a: Victreebel|Life Orb|[from] move: Knock Off|[of] p1a: Sableye\n|\n|-heal|p1a: Sableye|36/100|[from] item: Leftovers\n|upkeep\n|turn|26\n|inactive|Time left: 300 sec this turn | 300 sec total\n|\n|t:|1783567468\n|move|p1a: Sableye|Recover|p1a: Sableye\n|-heal|p1a: Sableye|86/100\n|move|p2a: Victreebel|Sunny Day|p2a: Victreebel\n|-weather|SunnyDay\n|\n|-weather|SunnyDay|[upkeep]\n|-heal|p1a: Sableye|92/100|[from] item: Leftovers\n|upkeep\n|turn|27\n|inactive|Time left: 300 sec this turn | 300 sec total\n|\n|t:|1783567469\n|-terastallize|p2a: Victreebel|Fire\n|move|p1a: Sableye|Encore|p2a: Victreebel\n|-start|p2a: Victreebel|Encore\n|move|p2a: Victreebel|Sunny Day||[still]\n|-fail|p2a: Victreebel\n|\n|-weather|SunnyDay|[upkeep]\n|-heal|p1a: Sableye|98/100|[from] item: Leftovers\n|upkeep\n|turn|28\n|inactive|Time left: 300 sec this turn | 300 sec total\n|\n|t:|1783567469\n|move|p2a: Victreebel|Sunny Day||[still]\n|-fail|p2a: Victreebel\n|move|p1a: Sableye|Knock Off|p2a: Victreebel\n|-damage|p2a: Victreebel|0 fnt\n|faint|p2a: Victreebel\n|\n|win|p0x23612f4b", "uploadtime": 1783567470, "views": 0, "rating": 0, "private": 0, "password": null, "_winner": "p0x23612f4b", "_our_name": "p0y23615891"}