{"id": "battle-gen9randombattle-227", "formatid": "gen9randombattle", "format": "[Gen 9] Random Battle", "players": ["p0x227a7bf", "p0y2274915"], "log": "|init|battle\n|title|p0x227a7bf vs. p0y2274915\n|j|\u2606p0x227a7bf\n|j|\u2606p0y2274915\n|t:|1783535896\n|gametype|singles\n|player|p1|p0x227a7bf|102|\n|player|p2|p0y2274915|266|\n|gen|9\n|tier|[Gen 9] Random Battle\n|rule|Species Clause: Limit one of each Pok\u00e9mon\n|rule|HP Percentage Mod: HP is shown in percentages\n|rule|Sleep Clause Mod: Limit one foe put to sleep\n|rule|Illusion Level Mod: Illusion disguises the Pok\u00e9mon's true level\n|\n|t:|1783535896\n|teamsize|p1|6\n|teamsize|p2|6\n|start\n|switch|p1a: Iron Leaves|Iron Leaves, L80|100/100\n|switch|p2a: Empoleon|Empoleon, L84, F|278/278\n|turn|1\n|inactive|Battle timer is ON: inactive players will automatically lose when time's up. (requested by p0x227a7bf)\n|inactive|Time left: 300 sec this turn | 300 sec total | 60 sec grace\n|inactive|p0y2274915 also wants the timer to be on.\n|\n|t:|1783535898\n|switch|p2a: Bronzong|Bronzong, L88|261/261\n|move|p1a: Iron Leaves|Close Combat|p2a: Bronzong\n|-damage|p2a: Bronzong|139/261\n|-unboost|p1a: Iron Leaves|def|1\n|-unboost|p1a: Iron Leaves|spd|1\n|\n|-heal|p2a: Bronzong|155/261|[from] item: Leftovers\n|upkeep\n|turn|2\n|inactive|Time left: 300 sec this turn | 300 sec total\n|\n|t:|1783535899\n|-end|p1a: Iron Leaves|Quark Drive|[silent]\n|switch|p1a: Luxray|Luxray, L88, F|100/100\n|switch|p2a: Flygon|Flygon, L82, M|219/219\n|\n|-status|p1a: Luxray|brn|[from] item: Flame Orb\n|upkeep\n|turn|3\n|inactive|Time left: 300 sec this turn | 300 sec total\n|\n|t:|1783535900\n|-terastallize|p1a: Luxray|Normal\n|move|p2a: Flygon|Poltergeist|p1a: Luxray\n|-immune|p1a: Luxray\n|move|p1a: Luxray|Facade|p2a: Flygon\n|-immune|p2a: Flygon\n|\n|-damage|p1a: Luxray|94/100 brn|[from] brn\n|upkeep\n|turn|4\n|inactive|Time left: 300 sec this turn | 300 sec total\n|\n|t:|1783535901\n|move|p2a: Flygon|Focus Blast|p1a: Luxray\n|-supereffective|p1a: Luxray\n|-damage|p1a: Luxray|10/100 brn\n|-damage|p2a: Flygon|198/219|[from] item: Life Orb\n|move|p1a: Luxray|Throat Chop|p2a: Flygon\n|-supereffective|p2a: Flygon\n|-damage|p2a: Flygon|0 fnt\n|replace|p2a: Zoroark|Zoroark-Hisui, L80, M\n|-end|p2a: Zoroark|Illusion\n|-hint|Illusion Level Mod is active, so this Pok\u00e9mon's true level was hidden.\n|faint|p2a: Zoroark\n|\n|-damage|p1a: Luxray|4/100 brn|[from] brn\n|upkeep\n|inactive|Time left: 300 sec this turn | 300 sec total | 5 sec grace\n|\n|t:|1783535902\n|switch|p2a: Flygon|Flygon, L82, M|265/265\n|turn|5\n|inactive|Time left: 300 sec this turn | 300 sec total\n|\n|t:|1783535903\n|switch|p1a: Hippowdon|Hippowdon, L82, M|100/100\n|-weather|Sandstorm|[from] ability: Sand Stream|[of] p1a: Hippowdon\n|move|p2a: Flygon|Outrage|p1a: Hippowdon\n|-damage|p1a: Hippowdon|66/100\n|\n|-weather|Sandstorm|[upkeep]\n|-heal|p1a: Hippowdon|73/100|[from] item: Leftovers\n|upkeep\n|turn|6\n|inactive|Time left: 300 sec this turn | 300 sec total\n|\n|t:|1783535905\n|move|p2a: Flygon|Outrage|p1a: Hippowdon|[from] lockedmove\n|-damage|p1a: Hippowdon|40/100\n|move|p1a: Hippowdon|Slack Off|p1a: Hippowdon\n|-heal|p1a: Hippowdon|91/100\n|\n|-weather|Sandstorm|[upkeep]\n|-heal|p1a: Hippowdon|97/100|[from] item: Leftovers\n|upkeep\n|turn|7\n|inactive|Time left: 300 sec this turn | 300 sec total\n|\n|t:|1783535906\n|move|p2a: Flygon|Outrage|p1a: Hippowdon|[from] lockedmove\n|-damage|p1a: Hippowdon|66/100\n|-start|p2a: Flygon|confusion|[fatigue]\n|move|p1a: Hippowdon|Slack Off|p1a: Hippowdon\n|-heal|p1a: Hippowdon|100/100\n|\n|-weather|Sandstorm|[upkeep]\n|upkeep\n|turn|8\n|inactive|Time left: 300 sec this turn | 300 sec total\n|\n|t:|1783535907\n|switch|p2a: Bronzong|Bronzong, L88|155/261\n|move|p1a: Hippowdon|Earthquake|p2a: Bronzong\n|-immune|p2a: Bronzong|[from] ability: Levitate\n|\n|-weather|Sandstorm|[upkeep]\n|-heal|p2a: Bronzong|171/261|[from] item: Leftovers\n|upkeep\n|turn|9\n|inactive|Time left: 300 sec this turn | 300 sec total\n|\n|t:|1783535908\n|switch|p1a: Iron Leaves|Iron Leaves, L80|100/100\n|move|p2a: Bronzong|Psychic Noise|p1a: Iron Leaves\n|-resisted|p1a: Iron Leaves\n|-damage|p1a: Iron Leaves|89/100\n|-start|p1a: Iron Leaves|move: Heal Block\n|\n|-weather|none\n|-heal|p2a: Bronzong|187/261|[from] item: Leftovers\n|upkeep\n|turn|10\n|inactive|Time left: 300 sec this turn | 300 sec total\n|\n|t:|1783535909\n|move|p1a: Iron Leaves|Megahorn|p2a: Bronzong\n|-damage|p2a: Bronzong|76/261\n|move|p2a: Bronzong|Iron Defense|p2a: Bronzong\n|-boost|p2a: Bronzong|def|2\n|\n|-heal|p2a: Bronzong|92/261|[from] item: Leftovers\n|-end|p1a: Iron Leaves|move: Heal Block\n|upkeep\n|turn|11\n|inactive|Time left: 300 sec this turn | 300 sec total\n|\n|t:|1783535909\n|move|p1a: Iron Leaves|Megahorn|p2a: Bronzong\n|-damage|p2a: Bronzong|39/261\n|move|p2a: Bronzong|Psychic Noise|p1a: Iron Leaves\n|-resisted|p1a: Iron Leaves\n|-crit|p1a: Iron Leaves\n|-damage|p1a: Iron Leaves|70/100\n|-start|p1a: Iron Leaves|move: Heal Block\n|\n|-heal|p2a: Bronzong|55/261|[from] item: Leftovers\n|upkeep\n|turn|12\n|inactive|Time left: 300 sec this turn | 300 sec total\n|\n|t:|1783535910\n|-terastallize|p2a: Bronzong|Fighting\n|move|p1a: Iron Leaves|Megahorn|p2a: Bronzong\n|-resisted|p2a: Bronzong\n|-damage|p2a: Bronzong|26/261\n|move|p2a: Bronzong|Body Press|p1a: Iron Leaves\n|-resisted|p1a: Iron Leaves\n|-damage|p1a: Iron Leaves|29/100\n|\n|-heal|p2a: Bronzong|42/261|[from] item: Leftovers\n|-end|p1a: Iron Leaves|move: Heal Block\n|upkeep\n|turn|13\n|inactive|Time left: 300 sec this turn | 300 sec total\n|\n|t:|1783535911\n|-end|p1a: Iron Leaves|Quark Drive|[silent]\n|switch|p1a: Milotic|Milotic, L83, F|100/100\n|move|p2a: Bronzong|Body Press|p1a: Milotic\n|-damage|p1a: Milotic|16/100\n|\n|-heal|p1a: Milotic|22/100|[from] item: Leftovers\n|-heal|p2a: Bronzong|58/261|[from] item: Leftovers\n|upkeep\n|turn|14\n|inactive|Time left: 300 sec this turn | 300 sec total\n|\n|t:|1783535912\n|move|p1a: Milotic|Scald|p2a: Bronzong\n|-damage|p2a: Bronzong|0 fnt\n|faint|p2a: Bronzong\n|\n|-heal|p1a: Milotic|28/100|[from] item: Leftovers\n|upkeep\n|inactive|Time left: 300 sec this turn | 300 sec total | 5 sec grace\n|\n|t:|1783535913\n|switch|p2a: Flygon|Flygon, L82, M|265/265\n|turn|15\n|inactive|Time left: 300 sec this turn | 300 sec total\n|\n|t:|1783535914\n|switch|p1a: Hippowdon|Hippowdon, L82, M|100/100\n|-weather|Sandstorm|[from] ability: Sand Stream|[of] p1a: Hippowdon\n|move|p2a: Flygon|Outrage|p1a: Hippowdon\n|-damage|p1a: Hippowdon|67/100\n|\n|-weather|Sandstorm|[upkeep]\n|-heal|p1a: Hippowdon|73/100|[from] item: Leftovers\n|upkeep\n|turn|16\n|inactive|Time left: 300 sec this turn | 300 sec total\n|\n|t:|1783535915\n|move|p2a: Flygon|Outrage|p1a: Hippowdon|[from] lockedmove\n|-damage|p1a: Hippowdon|38/100\n|move|p1a: Hippowdon|Slack Off|p1a: Hippowdon\n|-heal|p1a: Hippowdon|89/100\n|\n|-weather|Sandstorm|[upkeep]\n|-heal|p1a: Hippowdon|95/100|[from] item: Leftovers\n|upkeep\n|turn|17\n|inactive|Time left: 300 sec this turn | 300 sec total\n|\n|t:|1783535916\n|move|p2a: Flygon|Outrage|p1a: Hippowdon|[from] lockedmove\n|-damage|p1a: Hippowdon|62/100\n|-start|p2a: Flygon|confusion|[fatigue]\n|move|p1a: Hippowdon|Slack Off|p1a: Hippowdon\n|-heal|p1a: Hippowdon|100/100\n|\n|-weather|Sandstorm|[upkeep]\n|upkeep\n|turn|18\n|inactive|Time left: 300 sec this turn | 300 sec total\n|\n|t:|1783535917\n|-activate|p2a: Flygon|confusion\n|move|p2a: Flygon|Outrage|p1a: Hippowdon\n|-damage|p1a: Hippowdon|68/100\n|move|p1a: Hippowdon|Earthquake|p2a: Flygon\n|-immune|p2a: Flygon|[from] ability: Levitate\n|\n|-weather|Sandstorm|[upkeep]\n|-heal|p1a: Hippowdon|74/100|[from] item: Leftovers\n|upkeep\n|turn|19\n|inactive|Time left: 300 sec this turn | 300 sec total\n|\n|t:|1783535919\n|-end|p2a: Flygon|confusion\n|move|p2a: Flygon|Outrage|p1a: Hippowdon|[from] lockedmove\n|-damage|p1a: Hippowdon|40/100\n|move|p1a: Hippowdon|Slack Off|p1a: Hippowdon\n|-heal|p1a: Hippowdon|90/100\n|\n|-weather|none\n|-heal|p1a: Hippowdon|96/100|[from] item: Leftovers\n|upkeep\n|turn|20\n|inactive|Time left: 300 sec this turn | 300 sec total\n|\n|t:|1783535920\n|move|p2a: Flygon|Outrage|p1a: Hippowdon|[from] lockedmove\n|-damage|p1a: Hippowdon|63/100\n|-start|p2a: Flygon|confusion|[fatigue]\n|move|p1a: Hippowdon|Slack Off|p1a: Hippowdon\n|-heal|p1a: Hippowdon|100/100\n|\n|upkeep\n|turn|21\n|inactive|Time left: 300 sec this turn | 300 sec total\n|\n|t:|1783535921\n|-activate|p2a: Flygon|confusion\n|-damage|p2a: Flygon|236/265|[from] confusion\n|move|p1a: Hippowdon|Slack Off||[still]\n|-fail|p1a: Hippowdon|heal\n|\n|upkeep\n|turn|22\n|inactive|Time left: 300 sec this turn | 300 sec total\n|\n|t:|1783535922\n|-activate|p2a: Flygon|confusion\n|move|p2a: Flygon|Outrage|p1a: Hippowdon\n|-damage|p1a: Hippowdon|67/100\n|move|p1a: Hippowdon|Stone Edge|p2a: Flygon|[miss]\n|-miss|p1a: Hippowdon|p2a: Flygon\n|\n|-heal|p1a: Hippowdon|73/100|[from] item: Leftovers\n|upkeep\n|turn|23\n|inactive|Time left: 300 sec this turn | 300 sec total\n|\n|t:|1783535923\n|-end|p2a: Flygon|confusion\n|move|p2a: Flygon|Outrage|p1a: Hippowdon|[from] lockedmove\n|-damage|p1a: Hippowdon|44/100\n|-start|p2a: Flygon|confusion|[fatigue]\n|move|p1a: Hippowdon|Slack Off|p1a: Hippowdon\n|-heal|p1a: Hippowdon|94/100\n|\n|-heal|p1a: Hippowdon|99/100|[from] item: Leftovers\n|upkeep\n|turn|24\n|inactive|Time left: 300 sec this turn | 300 sec total\n|\n|t:|1783535924\n|-activate|p2a: Flygon|confusion\n|move|p2a: Flygon|Outrage|p1a: Hippowdon\n|-damage|p1a: Hippowdon|68/100\n|move|p1a: Hippowdon|Stone Edge|p2a: Flygon\n|-resisted|p2a: Flygon\n|-damage|p2a: Flygon|197/265\n|\n|-heal|p1a: Hippowdon|74/100|[from] item: Leftovers\n|upkeep\n|turn|25\n|inactive|Time left: 300 sec this turn | 300 sec total\n|\n|t:|1783535925\n|switch|p1a: Muk|Muk-Alola, L82, M|100/100\n|-end|p2a: Flygon|confusion\n|move|p2a: Flygon|Outrage|p1a: Muk|[from] lockedmove\n|-damage|p1a: Muk|50/100\n|-start|p2a: Flygon|confusion|[fatigue]\n|\n|upkeep\n|turn|26\n|inactive|Time left: 300 sec this turn | 300 sec total\n|\n|t:|1783535927\n|-activate|p2a: Flygon|confusion\n|move|p2a: Flygon|Outrage|p1a: Muk\n|-damage|p1a: Muk|4/100\n|move|p1a: Muk|Ice Punch|p2a: Flygon\n|-supereffective|p2a: Flygon\n|-damage|p2a: Flygon|0 fnt\n|faint|p2a: Flygon\n|\n|upkeep\n|inactive|Time left: 300 sec this turn | 300 sec total | 5 sec grace\n|\n|t:|1783535928\n|switch|p2a: Rotom|Rotom-Fan, L86|226/226\n|turn|27\n|inactive|Time left: 300 sec this turn | 300 sec total\n|\n|t:|1783535929\n|switch|p1a: Hippowdon|Hippowdon, L82, M|74/100\n|-weather|Sandstorm|[from] ability: Sand Stream|[of] p1a: Hippowdon\n|move|p2a: Rotom|Air Slash|p1a: Hippowdon\n|-damage|p1a: Hippowdon|40/100\n|\n|-weather|Sandstorm|[upkeep]\n|-damage|p2a: Rotom|212/226|[from] Sandstorm\n|-heal|p1a: Hippowdon|46/100|[from] item: Leftovers\n|upkeep\n|turn|28\n|inactive|Time left: 300 sec this turn | 300 sec total\n|\n|t:|1783535930\n|move|p2a: Rotom|Air Slash|p1a: Hippowdon\n|-damage|p1a: Hippowdon|10/100\n|move|p1a: Hippowdon|Stone Edge|p2a: Rotom\n|-supereffective|p2a: Rotom\n|-damage|p2a: Rotom|80/226\n|\n|-weather|Sandstorm|[upkeep]\n|-damage|p2a: Rotom|66/226|[from] Sandstorm\n|-heal|p1a: Hippowdon|16/100|[from] item: Leftovers\n|upkeep\n|turn|29\n|inactive|Time left: 300 sec this turn | 300 sec total\n|\n|t:|1783535931\n|move|p2a: Rotom|Air Slash|p1a: Hippowdon\n|-damage|p1a: Hippowdon|0 fnt\n|faint|p1a: Hippowdon\n|\n|-weather|Sandstorm|[upkeep]\n|-damage|p2a: Rotom|52/226|[from] Sandstorm\n|upkeep\n|\n|t:|1783535932\n|switch|p1a: Iron Leaves|Iron Leaves, L80|29/100\n|turn|30\n|inactive|Time left: 300 sec this turn | 300 sec total\n|\n|t:|1783535933\n|move|p1a: Iron Leaves|Leaf Blade|p2a: Rotom\n|-resisted|p2a: Rotom\n|-crit|p2a: Rotom\n|-damage|p2a: Rotom|0 fnt\n|faint|p2a: Rotom\n|\n|-weather|Sandstorm|[upkeep]\n|-damage|p1a: Iron Leaves|23/100|[from] Sandstorm\n|upkeep\n|inactive|Time left: 300 sec this turn | 300 sec total | 5 sec grace\n|\n|t:|1783535935\n|switch|p2a: Arboliva|Arboliva, L91, M|288/288\n|turn|31\n|inactive|Time left: 300 sec this turn | 300 sec total\n|\n|t:|1783535936\n|move|p1a: Iron Leaves|Leaf Blade|p2a: Arboliva\n|-resisted|p2a: Arboliva\n|-damage|p2a: Arboliva|207/288\n|move|p2a: Arboliva|Hyper Voice|p1a: Iron Leaves\n|-damage|p1a: Iron Leaves|0 fnt\n|faint|p1a: Iron Leaves\n|-end|p1a: Iron Leaves|Quark Drive|[silent]\n|\n|-weather|none\n|upkeep\n|\n|t:|1783535936\n|switch|p1a: Muk|Muk-Alola, L82, M|4/100\n|turn|32\n|inactive|Time left: 300 sec this turn | 300 sec total\n|\n|t:|1783535938\n|switch|p2a: Empoleon|Empoleon, L84, F|278/278\n|move|p1a: Muk|Gunk Shot|p2a: Empoleon\n|-immune|p2a: Empoleon\n|\n|upkeep\n|turn|33\n|inactive|Time left: 300 sec this turn | 300 sec total\n|\n|t:|1783535939\n|switch|p1a: Milotic|Milotic, L83, F|28/100\n|move|p2a: Empoleon|Flip Turn|p1a: Milotic\n|-resisted|p1a: Milotic\n|-damage|p1a: Milotic|18/100\n|inactive|Time left: 300 sec this turn | 300 sec total | 5 sec grace\n|\n|t:|1783535940\n|switch|p2a: Arboliva|Arboliva, L91, M|207/288|[from] Flip Turn\n|\n|-heal|p1a: Milotic|24/100|[from] item: Leftovers\n|upkeep\n|turn|34\n|inactive|Time left: 300 sec this turn | 300 sec total\n|\n|t:|1783535941\n|move|p1a: Milotic|Recover|p1a: Milotic\n|-heal|p1a: Milotic|74/100\n|move|p2a: Arboliva|Leech Seed|p1a: Milotic\n|-start|p1a: Milotic|move: Leech Seed\n|\n|-heal|p1a: Milotic|80/100|[from] item: Leftovers\n|-damage|p1a: Milotic|68/100|[from] Leech Seed|[of] p2a: Arboliva\n|-heal|p2a: Arboliva|243/288|[silent]\n|upkeep\n|turn|35\n|inactive|Time left: 300 sec this turn | 300 sec total\n|\n|t:|1783535942\n|switch|p1a: Golem|Golem, L87, M|100/100\n|move|p2a: Arboliva|Hyper Voice|p1a: Golem\n|-resisted|p1a: Golem\n|-damage|p1a: Golem|72/100\n|\n|upkeep\n|turn|36\n|inactive|Time left: 300 sec this turn | 300 sec total\n|\n|t:|1783535943\n|move|p1a: Golem|Stone Edge|p2a: Arboliva\n|-damage|p2a: Arboliva|128/288\n|-enditem|p2a: Arboliva|Sitrus Berry|[eat]\n|-heal|p2a: Arboliva|200/288|[from] item: Sitrus Berry\n|move|p2a: Arboliva|Leech Seed|p1a: Golem\n|-start|p1a: Golem|move: Leech Seed\n|\n|-damage|p1a: Golem|60/100|[from] Leech Seed|[of] p2a: Arboliva\n|-heal|p2a: Arboliva|235/288|[silent]\n|-item|p2a: Arboliva|Sitrus Berry|[from] ability: Harvest\n|upkeep\n|turn|37\n|inactive|Time left: 300 sec this turn | 300 sec total\n|\n|t:|1783535944\n|switch|p1a: Milotic|Milotic, L83, F|68/100\n|move|p2a: Arboliva|Hyper Voice|p1a: Milotic\n|-damage|p1a: Milotic|35/100\n|\n|-heal|p1a: Milotic|41/100|[from] item: Leftovers\n|upkeep\n|turn|38\n|inactive|Time left: 300 sec this turn | 300 sec total\n|\n|t:|1783535945\n|move|p1a: Milotic|Recover|p1a: Milotic\n|-heal|p1a: Milotic|91/100\n|move|p2a: Arboliva|Leech Seed|p1a: Milotic\n|-start|p1a: Milotic|move: Leech Seed\n|\n|-heal|p1a: Milotic|97/100|[from] item: Leftovers\n|-damage|p1a: Milotic|85/100|[from] Leech Seed|[of] p2a: Arboliva\n|-heal|p2a: Arboliva|271/288|[silent]\n|upkeep\n|turn|39\n|inactive|Time left: 300 sec this turn | 300 sec total\n|\n|t:|1783535945\n|switch|p1a: Muk|Muk-Alola, L82, M|4/100\n|move|p2a: Arboliva|Hyper Voice|p1a: Muk\n|-damage|p1a: Muk|0 fnt\n|faint|p1a: Muk\n|\n|upkeep\n|\n|t:|1783535946\n|switch|p1a: Milotic|Milotic, L83, F|85/100\n|turn|40\n|inactive|Time left: 300 sec this turn | 300 sec total\n|\n|t:|1783535947\n|move|p1a: Milotic|Ice Beam|p2a: Arboliva\n|-supereffective|p2a: Arboliva\n|-damage|p2a: Arboliva|165/288\n|move|p2a: Arboliva|Leech Seed|p1a: Milotic\n|-start|p1a: Milotic|move: Leech Seed\n|\n|-heal|p1a: Milotic|91/100|[from] item: Leftovers\n|-damage|p1a: Milotic|79/100|[from] Leech Seed|[of] p2a: Arboliva\n|-heal|p2a: Arboliva|201/288|[silent]\n|upkeep\n|turn|41\n|inactive|Time left: 300 sec this turn | 300 sec total\n|\n|t:|1783535948\n|switch|p1a: Golem|Golem, L87, M|60/100\n|move|p2a: Arboliva|Hyper Voice|p1a: Golem\n|-resisted|p1a: Golem\n|-damage|p1a: Golem|32/100\n|\n|upkeep\n|turn|42\n|inactive|Time left: 300 sec this turn | 300 sec total\n|\n|t:|1783535949\n|move|p1a: Golem|Stone Edge|p2a: Arboliva\n|-damage|p2a: Arboliva|72/288\n|-enditem|p2a: Arboliva|Sitrus Berry|[eat]\n|-heal|p2a: Arboliva|144/288|[from] item: Sitrus Berry\n|move|p2a: Arboliva|Leech Seed|p1a: Golem|[miss]\n|-miss|p2a: Arboliva|p1a: Golem\n|\n|-item|p2a: Arboliva|Sitrus Berry|[from] ability: Harvest\n|upkeep\n|-enditem|p2a: Arboliva|Sitrus Berry|[eat]\n|-heal|p2a: Arboliva|216/288|[from] item: Sitrus Berry\n|turn|43\n|inactive|Time left: 300 sec this turn | 300 sec total\n|\n|t:|1783535950\n|move|p1a: Golem|Earthquake|p2a: Arboliva\n|-resisted|p2a: Arboliva\n|-damage|p2a: Arboliva|151/288\n|move|p2a: Arboliva|Leech Seed|p1a: Golem\n|-start|p1a: Golem|move: Leech Seed\n|\n|-damage|p1a: Golem|19/100|[from] Leech Seed|[of] p2a: Arboliva\n|-heal|p2a: Arboliva|186/288|[silent]\n|upkeep\n|turn|44\n|inactive|Time left: 300 sec this turn | 300 sec total\n|\n|t:|1783535952\n|switch|p1a: Milotic|Milotic, L83, F|79/100\n|move|p2a: Arboliva|Protect||[still]\n|-fail|p2a: Arboliva\n|\n|-heal|p1a: Milotic|85/100|[from] item: Leftovers\n|-item|p2a: Arboliva|Sitrus Berry|[from] ability: Harvest\n|upkeep\n|turn|45\n|inactive|Time left: 300 sec this turn | 300 sec total\n|\n|t:|1783535953\n|move|p1a: Milotic|Ice Beam|p2a: Arboliva\n|-supereffective|p2a: Arboliva\n|-damage|p2a: Arboliva|86/288\n|-enditem|p2a: Arboliva|Sitrus Berry|[eat]\n|-heal|p2a: Arboliva|158/288|[from] item: Sitrus Berry\n|move|p2a: Arboliva|Leech Seed|p1a: Milotic\n|-start|p1a: Milotic|move: Leech Seed\n|\n|-heal|p1a: Milotic|91/100|[from] item: Leftovers\n|-damage|p1a: Milotic|79/100|[from] Leech Seed|[of] p2a: Arboliva\n|-heal|p2a: Arboliva|194/288|[silent]\n|-item|p2a: Arboliva|Sitrus Berry|[from] ability: Harvest\n|upkeep\n|turn|46\n|inactive|Time left: 300 sec this turn | 300 sec total\n|\n|t:|1783535954\n|move|p1a: Milotic|Ice Beam|p2a: Arboliva\n|-supereffective|p2a: Arboliva\n|-damage|p2a: Arboliva|98/288\n|-enditem|p2a: Arboliva|Sitrus Berry|[eat]\n|-heal|p2a: Arboliva|170/288|[from] item: Sitrus Berry\n|move|p2a: Arboliva|Hyper Voice|p1a: Milotic\n|-damage|p1a: Milotic|42/100\n|\n|-heal|p1a: Milotic|48/100|[from] item: Leftovers\n|-damage|p1a: Milotic|36/100|[from] Leech Seed|[of] p2a: Arboliva\n|-heal|p2a: Arboliva|206/288|[silent]\n|-item|p2a: Arboliva|Sitrus Berry|[from] ability: Harvest\n|upkeep\n|turn|47\n|inactive|Time left: 300 sec this turn | 300 sec total\n|\n|t:|1783535955\n|move|p1a: Milotic|Recover|p1a: Milotic\n|-heal|p1a: Milotic|86/100\n|move|p2a: Arboliva|Hyper Voice|p1a: Milotic\n|-damage|p1a: Milotic|49/100\n|\n|-heal|p1a: Milotic|55/100|[from] item: Leftovers\n|-damage|p1a: Milotic|43/100|[from] Leech Seed|[of] p2a: Arboliva\n|-heal|p2a: Arboliva|242/288|[silent]\n|upkeep\n|turn|48\n|inactive|Time left: 300 sec this turn | 300 sec total\n|\n|t:|1783535956\n|move|p1a: Milotic|Recover|p1a: Milotic\n|-heal|p1a: Milotic|93/100\n|move|p2a: Arboliva|Hyper Voice|p1a: Milotic\n|-damage|p1a: Milotic|56/100\n|\n|-heal|p1a: Milotic|62/100|[from] item: Leftovers\n|-damage|p1a: Milotic|50/100|[from] Leech Seed|[of] p2a: Arboliva\n|-heal|p2a: Arboliva|278/288|[silent]\n|upkeep\n|turn|49\n|inactive|Time left: 300 sec this turn | 300 sec total\n|\n|t:|1783535957\n|move|p1a: Milotic|Recover|p1a: Milotic\n|-heal|p1a: Milotic|99/100\n|move|p2a: Arboliva|Hyper Voice|p1a: Milotic\n|-damage|p1a: Milotic|65/100\n|\n|-heal|p1a: Milotic|71/100|[from] item: Leftovers\n|-damage|p1a: Milotic|59/100|[from] Leech Seed|[of] p2a: Arboliva\n|-heal|p2a: Arboliva|288/288|[silent]\n|upkeep\n|turn|50\n|inactive|Time left: 300 sec this turn | 300 sec total\n|\n|t:|1783535958\n|move|p1a: Milotic|Recover|p1a: Milotic\n|-heal|p1a: Milotic|100/100\n|move|p2a: Arboliva|Hyper Voice|p1a: Milotic\n|-damage|p1a: Milotic|65/100\n|\n|-heal|p1a: Milotic|71/100|[from] item: Leftovers\n|-damage|p1a: Milotic|59/100|[from] Leech Seed|[of] p2a: Arboliva\n|upkeep\n|turn|51\n|inactive|Time left: 300 sec this turn | 300 sec total\n|\n|t:|1783535959\n|move|p1a: Milotic|Recover|p1a: Milotic\n|-heal|p1a: Milotic|100/100\n|move|p2a: Arboliva|Hyper Voice|p1a: Milotic\n|-damage|p1a: Milotic|63/100\n|\n|-heal|p1a: Milotic|69/100|[from] item: Leftovers\n|-damage|p1a: Milotic|57/100|[from] Leech Seed|[of] p2a: Arboliva\n|upkeep\n|turn|52\n|inactive|Time left: 300 sec this turn | 300 sec total\n|\n|t:|1783535960\n|move|p1a: Milotic|Ice Beam|p2a: Arboliva\n|-supereffective|p2a: Arboliva\n|-damage|p2a: Arboliva|186/288\n|move|p2a: Arboliva|Hyper Voice|p1a: Milotic\n|-damage|p1a: Milotic|22/100\n|\n|-heal|p1a: Milotic|28/100|[from] item: Leftovers\n|-damage|p1a: Milotic|16/100|[from] Leech Seed|[of] p2a: Arboliva\n|-heal|p2a: Arboliva|222/288|[silent]\n|upkeep\n|turn|53\n|inactive|Time left: 300 sec this turn | 300 sec total\n|\n|t:|1783535960\n|move|p1a: Milotic|Recover|p1a: Milotic\n|-heal|p1a: Milotic|66/100\n|move|p2a: Arboliva|Hyper Voice|p1a: Milotic\n|-damage|p1a: Milotic|31/100\n|\n|-heal|p1a: Milotic|37/100|[from] item: Leftovers\n|-damage|p1a: Milotic|25/100|[from] Leech Seed|[of] p2a: Arboliva\n|-heal|p2a: Arboliva|258/288|[silent]\n|upkeep\n|turn|54\n|inactive|Time left: 300 sec this turn | 300 sec total\n|\n|t:|1783535962\n|switch|p1a: Golem|Golem, L87, M|19/100\n|move|p2a: Arboliva|Hyper Voice|p1a: Golem\n|-resisted|p1a: Golem\n|-damage|p1a: Golem|0 fnt\n|faint|p1a: Golem\n|\n|upkeep\n|\n|t:|1783535963\n|switch|p1a: Luxray|Luxray, L88, F, tera:Normal|4/100 brn\n|turn|55\n|inactive|Time left: 300 sec this turn | 300 sec total\n|\n|t:|1783535963\n|move|p2a: Arboliva|Protect|p2a: Arboliva\n|-singleturn|p2a: Arboliva|Protect\n|move|p1a: Luxray|Facade|p2a: Arboliva\n|-activate|p2a: Arboliva|move: Protect\n|\n|-damage|p1a: Luxray|0 fnt|[from] brn\n|faint|p1a: Luxray\n|upkeep\n|\n|t:|1783535964\n|switch|p1a: Milotic|Milotic, L83, F|25/100\n|turn|56\n|inactive|Time left: 300 sec this turn | 300 sec total\n|\n|t:|1783535965\n|move|p1a: Milotic|Ice Beam|p2a: Arboliva\n|-supereffective|p2a: Arboliva\n|-damage|p2a: Arboliva|158/288\n|move|p2a: Arboliva|Hyper Voice|p1a: Milotic\n|-damage|p1a: Milotic|0 fnt\n|faint|p1a: Milotic\n|\n|win|p0y2274915", "uploadtime": 1783535965, "views": 0, "rating": 0, "private": 0, "password": null, "_winner": "p0y2274915", "_our_name": "p0y2274915"}