{"id": "battle-gen9randombattle-1404", "formatid": "gen9randombattle", "format": "[Gen 9] Random Battle", "players": ["p0x1404907f", "p0y14045fbc"], "log": "|init|battle\n|title|p0x1404907f vs. p0y14045fbc\n|j|\u2606p0x1404907f\n|j|\u2606p0y14045fbc\n|t:|1783556334\n|gametype|singles\n|player|p1|p0x1404907f|265|\n|player|p2|p0y14045fbc|265|\n|gen|9\n|tier|[Gen 9] Random Battle\n|rule|Species Clause: Limit one of each Pok\u00e9mon\n|rule|HP Percentage Mod: HP is shown in percentages\n|rule|Sleep Clause Mod: Limit one foe put to sleep\n|rule|Illusion Level Mod: Illusion disguises the Pok\u00e9mon's true level\n|\n|t:|1783556334\n|teamsize|p1|6\n|teamsize|p2|6\n|start\n|switch|p1a: Drifblim|Drifblim, L86, F|396/396\n|switch|p2a: Torterra|Torterra, L78, M|100/100\n|turn|1\n|inactive|Battle timer is ON: inactive players will automatically lose when time's up. (requested by p0y14045fbc)\n|inactive|Time left: 300 sec this turn | 300 sec total | 60 sec grace\n|\n|t:|1783556335\n|move|p1a: Drifblim|Air Slash|p2a: Torterra\n|-supereffective|p2a: Torterra\n|-damage|p2a: Torterra|37/100\n|move|p2a: Torterra|Shell Smash|p2a: Torterra\n|-unboost|p2a: Torterra|def|1\n|-unboost|p2a: Torterra|spd|1\n|-boost|p2a: Torterra|atk|2\n|-boost|p2a: Torterra|spa|2\n|-boost|p2a: Torterra|spe|2\n|\n|upkeep\n|turn|2\n|inactive|Time left: 300 sec this turn | 300 sec total\n|inactive|p0x1404907f also wants the timer to be on.\n|\n|t:|1783556336\n|-terastallize|p1a: Drifblim|Steel\n|move|p2a: Torterra|Rock Blast|p1a: Drifblim\n|-resisted|p1a: Drifblim\n|-damage|p1a: Drifblim|370/396\n|-resisted|p1a: Drifblim\n|-damage|p1a: Drifblim|344/396\n|-resisted|p1a: Drifblim\n|-damage|p1a: Drifblim|317/396\n|-resisted|p1a: Drifblim\n|-damage|p1a: Drifblim|292/396\n|-resisted|p1a: Drifblim\n|-damage|p1a: Drifblim|267/396\n|-hitcount|p1a: Drifblim|5\n|move|p1a: Drifblim|Shadow Ball|p2a: Torterra\n|-damage|p2a: Torterra|0 fnt\n|faint|p2a: Torterra\n|\n|upkeep\n|\n|t:|1783556337\n|switch|p2a: Lurantis|Lurantis, L87, M|100/100\n|turn|3\n|inactive|Time left: 300 sec this turn | 300 sec total\n|\n|t:|1783556338\n|move|p1a: Drifblim|Air Slash|p2a: Lurantis\n|-supereffective|p2a: Lurantis\n|-damage|p2a: Lurantis|45/100\n|cant|p2a: Lurantis|flinch\n|\n|-heal|p2a: Lurantis|51/100|[from] item: Leftovers\n|upkeep\n|turn|4\n|inactive|Time left: 300 sec this turn | 300 sec total\n|\n|t:|1783556339\n|switch|p2a: Pincurchin|Pincurchin, M|100/100\n|-fieldstart|move: Electric Terrain|[from] ability: Electric Surge|[of] p2a: Pincurchin\n|move|p1a: Drifblim|Air Slash|p2a: Pincurchin\n|-resisted|p2a: Pincurchin\n|-damage|p2a: Pincurchin|88/100\n|\n|-heal|p2a: Pincurchin|94/100|[from] item: Leftovers\n|upkeep\n|turn|5\n|inactive|Time left: 300 sec this turn | 300 sec total\n|\n|t:|1783556340\n|move|p1a: Drifblim|Strength Sap|p2a: Pincurchin\n|-unboost|p2a: Pincurchin|atk|1\n|-heal|p1a: Drifblim|396/396\n|move|p2a: Pincurchin|Zing Zap|p1a: Drifblim\n|-damage|p1a: Drifblim|219/396\n|\n|-heal|p2a: Pincurchin|100/100|[from] item: Leftovers\n|upkeep\n|turn|6\n|inactive|Time left: 300 sec this turn | 300 sec total\n|\n|t:|1783556342\n|switch|p2a: Lurantis|Lurantis, L87, M|51/100\n|move|p1a: Drifblim|Strength Sap|p2a: Lurantis\n|-boost|p2a: Lurantis|atk|1\n|-heal|p1a: Drifblim|396/396\n|\n|-heal|p2a: Lurantis|57/100|[from] item: Leftovers\n|upkeep\n|turn|7\n|inactive|Time left: 300 sec this turn | 300 sec total\n|\n|t:|1783556343\n|move|p1a: Drifblim|Air Slash|p2a: Lurantis\n|-supereffective|p2a: Lurantis\n|-damage|p2a: Lurantis|0 fnt\n|faint|p2a: Lurantis\n|\n|upkeep\n|\n|t:|1783556344\n|switch|p2a: Okidogi|Okidogi, L77, M|100/100\n|turn|8\n|inactive|Time left: 300 sec this turn | 300 sec total\n|\n|t:|1783556345\n|move|p1a: Drifblim|Strength Sap|p2a: Okidogi\n|-unboost|p2a: Okidogi|atk|1\n|move|p2a: Okidogi|Drain Punch|p1a: Drifblim\n|-supereffective|p1a: Drifblim\n|-damage|p1a: Drifblim|226/396\n|\n|-fieldend|move: Electric Terrain\n|upkeep\n|turn|9\n|inactive|Time left: 300 sec this turn | 300 sec total\n|\n|t:|1783556346\n|switch|p2a: Lugia|Lugia, L73|100/100\n|move|p1a: Drifblim|Strength Sap|p2a: Lugia\n|-unboost|p2a: Lugia|atk|1\n|-heal|p1a: Drifblim|362/396\n|\n|upkeep\n|turn|10\n|inactive|Time left: 300 sec this turn | 300 sec total\n|\n|t:|1783556347\n|move|p2a: Lugia|Calm Mind|p2a: Lugia\n|-boost|p2a: Lugia|spa|1\n|-boost|p2a: Lugia|spd|1\n|move|p1a: Drifblim|Calm Mind|p1a: Drifblim\n|-boost|p1a: Drifblim|spa|1\n|-boost|p1a: Drifblim|spd|1\n|\n|upkeep\n|turn|11\n|inactive|Time left: 300 sec this turn | 300 sec total\n|\n|t:|1783556348\n|move|p2a: Lugia|Calm Mind|p2a: Lugia\n|-boost|p2a: Lugia|spa|1\n|-boost|p2a: Lugia|spd|1\n|move|p1a: Drifblim|Calm Mind|p1a: Drifblim\n|-boost|p1a: Drifblim|spa|1\n|-boost|p1a: Drifblim|spd|1\n|\n|upkeep\n|turn|12\n|inactive|Time left: 300 sec this turn | 300 sec total\n|\n|t:|1783556349\n|move|p2a: Lugia|Earth Power|p1a: Drifblim\n|-supereffective|p1a: Drifblim\n|-damage|p1a: Drifblim|228/396\n|move|p1a: Drifblim|Calm Mind|p1a: Drifblim\n|-boost|p1a: Drifblim|spa|1\n|-boost|p1a: Drifblim|spd|1\n|\n|upkeep\n|turn|13\n|inactive|Time left: 300 sec this turn | 300 sec total\n|\n|t:|1783556350\n|move|p2a: Lugia|Earth Power|p1a: Drifblim\n|-supereffective|p1a: Drifblim\n|-damage|p1a: Drifblim|116/396\n|-enditem|p1a: Drifblim|Sitrus Berry|[eat]\n|-heal|p1a: Drifblim|215/396|[from] item: Sitrus Berry\n|move|p1a: Drifblim|Strength Sap|p2a: Lugia\n|-unboost|p2a: Lugia|atk|1\n|-heal|p1a: Drifblim|305/396\n|\n|upkeep\n|turn|14\n|inactive|Time left: 300 sec this turn | 300 sec total\n|\n|t:|1783556351\n|move|p1a: Drifblim|Shadow Ball|p2a: Lugia\n|-supereffective|p2a: Lugia\n|-damage|p2a: Lugia|73/100\n|move|p2a: Lugia|Earth Power|p1a: Drifblim\n|-supereffective|p1a: Drifblim\n|-damage|p1a: Drifblim|209/396\n|\n|upkeep\n|turn|15\n|inactive|Time left: 300 sec this turn | 300 sec total\n|\n|t:|1783556352\n|move|p1a: Drifblim|Shadow Ball|p2a: Lugia\n|-supereffective|p2a: Lugia\n|-damage|p2a: Lugia|14/100\n|move|p2a: Lugia|Recover|p2a: Lugia\n|-heal|p2a: Lugia|64/100\n|\n|upkeep\n|turn|16\n|inactive|Time left: 300 sec this turn | 300 sec total\n|\n|t:|1783556353\n|move|p1a: Drifblim|Shadow Ball|p2a: Lugia\n|-supereffective|p2a: Lugia\n|-damage|p2a: Lugia|8/100\n|move|p2a: Lugia|Recover|p2a: Lugia\n|-heal|p2a: Lugia|59/100\n|\n|upkeep\n|turn|17\n|inactive|Time left: 300 sec this turn | 300 sec total\n|\n|t:|1783556354\n|-terastallize|p2a: Lugia|Steel\n|move|p1a: Drifblim|Shadow Ball|p2a: Lugia\n|-damage|p2a: Lugia|31/100\n|move|p2a: Lugia|Recover|p2a: Lugia\n|-heal|p2a: Lugia|82/100\n|\n|upkeep\n|turn|18\n|inactive|Time left: 300 sec this turn | 300 sec total\n|\n|t:|1783556355\n|move|p1a: Drifblim|Strength Sap|p2a: Lugia\n|-unboost|p2a: Lugia|atk|1\n|-heal|p1a: Drifblim|277/396\n|move|p2a: Lugia|Earth Power|p1a: Drifblim\n|-supereffective|p1a: Drifblim\n|-damage|p1a: Drifblim|183/396\n|\n|upkeep\n|turn|19\n|inactive|Time left: 300 sec this turn | 300 sec total\n|\n|t:|1783556356\n|move|p1a: Drifblim|Shadow Ball|p2a: Lugia\n|-damage|p2a: Lugia|53/100\n|move|p2a: Lugia|Earth Power|p1a: Drifblim\n|-supereffective|p1a: Drifblim\n|-damage|p1a: Drifblim|71/396\n|\n|upkeep\n|turn|20\n|inactive|Time left: 300 sec this turn | 300 sec total\n|\n|t:|1783556357\n|move|p1a: Drifblim|Strength Sap|p2a: Lugia\n|-unboost|p2a: Lugia|atk|1\n|-heal|p1a: Drifblim|125/396\n|move|p2a: Lugia|Earth Power|p1a: Drifblim\n|-supereffective|p1a: Drifblim\n|-damage|p1a: Drifblim|29/396\n|\n|upkeep\n|turn|21\n|inactive|Time left: 300 sec this turn | 300 sec total\n|\n|t:|1783556358\n|move|p1a: Drifblim|Shadow Ball|p2a: Lugia\n|-damage|p2a: Lugia|23/100\n|move|p2a: Lugia|Earth Power|p1a: Drifblim\n|-supereffective|p1a: Drifblim\n|-damage|p1a: Drifblim|0 fnt\n|faint|p1a: Drifblim\n|\n|upkeep\n|inactive|Time left: 300 sec this turn | 300 sec total | 5 sec grace\n|\n|t:|1783556359\n|switch|p1a: Roaring Moon|Roaring Moon, L72|270/270\n|-enditem|p1a: Roaring Moon|Booster Energy\n|-activate|p1a: Roaring Moon|ability: Protosynthesis|[fromitem]\n|-start|p1a: Roaring Moon|protosynthesisatk\n|turn|22\n|inactive|Time left: 300 sec this turn | 300 sec total\n|\n|t:|1783556361\n|move|p1a: Roaring Moon|Outrage|p2a: Lugia\n|-resisted|p2a: Lugia\n|-damage|p2a: Lugia|0 fnt\n|faint|p2a: Lugia\n|\n|upkeep\n|\n|t:|1783556362\n|switch|p2a: Okidogi|Okidogi, L77, M|100/100\n|turn|23\n|inactive|Time left: 300 sec this turn | 300 sec total\n|\n|t:|1783556363\n|move|p1a: Roaring Moon|Outrage|p2a: Okidogi|[from] lockedmove\n|-damage|p2a: Okidogi|48/100\n|-start|p1a: Roaring Moon|confusion|[fatigue]\n|move|p2a: Okidogi|Drain Punch|p1a: Roaring Moon\n|-supereffective|p1a: Roaring Moon\n|-damage|p1a: Roaring Moon|42/270\n|-heal|p2a: Okidogi|91/100|[from] drain|[of] p1a: Roaring Moon\n|\n|-heal|p2a: Okidogi|97/100|[from] item: Leftovers\n|upkeep\n|turn|24\n|inactive|Time left: 300 sec this turn | 300 sec total\n|\n|t:|1783556364\n|-activate|p1a: Roaring Moon|confusion\n|-damage|p1a: Roaring Moon|2/270|[from] confusion\n|move|p2a: Okidogi|Bulk Up|p2a: Okidogi\n|-boost|p2a: Okidogi|atk|1\n|-boost|p2a: Okidogi|def|1\n|\n|-heal|p2a: Okidogi|100/100|[from] item: Leftovers\n|upkeep\n|turn|25\n|inactive|Time left: 300 sec this turn | 300 sec total\n|\n|t:|1783556365\n|-end|p1a: Roaring Moon|confusion\n|move|p1a: Roaring Moon|Outrage|p2a: Okidogi\n|-damage|p2a: Okidogi|67/100\n|move|p2a: Okidogi|Bulk Up|p2a: Okidogi\n|-boost|p2a: Okidogi|atk|1\n|-boost|p2a: Okidogi|def|1\n|\n|-heal|p2a: Okidogi|73/100|[from] item: Leftovers\n|upkeep\n|turn|26\n|inactive|Time left: 300 sec this turn | 300 sec total\n|\n|t:|1783556367\n|move|p1a: Roaring Moon|Outrage|p2a: Okidogi|[from] lockedmove\n|-damage|p2a: Okidogi|45/100\n|-start|p1a: Roaring Moon|confusion|[fatigue]\n|move|p2a: Okidogi|Bulk Up|p2a: Okidogi\n|-boost|p2a: Okidogi|atk|1\n|-boost|p2a: Okidogi|def|1\n|\n|-heal|p2a: Okidogi|51/100|[from] item: Leftovers\n|upkeep\n|turn|27\n|inactive|Time left: 300 sec this turn | 300 sec total\n|\n|t:|1783556368\n|-activate|p1a: Roaring Moon|confusion\n|move|p1a: Roaring Moon|Outrage|p2a: Okidogi\n|-damage|p2a: Okidogi|31/100\n|move|p2a: Okidogi|Knock Off|p1a: Roaring Moon\n|-resisted|p1a: Roaring Moon\n|-damage|p1a: Roaring Moon|0 fnt\n|faint|p1a: Roaring Moon\n|-end|p1a: Roaring Moon|Protosynthesis|[silent]\n|\n|-heal|p2a: Okidogi|38/100|[from] item: Leftovers\n|upkeep\n|inactive|Time left: 300 sec this turn | 300 sec total | 5 sec grace\n|\n|t:|1783556369\n|switch|p1a: Girafarig|Girafarig, L89, F|269/269\n|turn|28\n|inactive|Time left: 300 sec this turn | 300 sec total\n|\n|t:|1783556370\n|move|p1a: Girafarig|Psyshock|p2a: Okidogi\n|-supereffective|p2a: Okidogi\n|-damage|p2a: Okidogi|0 fnt\n|faint|p2a: Okidogi\n|\n|upkeep\n|\n|t:|1783556371\n|switch|p2a: Pincurchin|Pincurchin, M|100/100\n|-fieldstart|move: Electric Terrain|[from] ability: Electric Surge|[of] p2a: Pincurchin\n|turn|29\n|inactive|Time left: 300 sec this turn | 300 sec total\n|\n|t:|1783556372\n|move|p1a: Girafarig|Nasty Plot|p1a: Girafarig\n|-boost|p1a: Girafarig|spa|2\n|move|p2a: Pincurchin|Curse|p2a: Pincurchin\n|-unboost|p2a: Pincurchin|spe|1\n|-boost|p2a: Pincurchin|atk|1\n|-boost|p2a: Pincurchin|def|1\n|\n|upkeep\n|turn|30\n|inactive|Time left: 300 sec this turn | 300 sec total\n|\n|t:|1783556373\n|move|p1a: Girafarig|Psyshock|p2a: Pincurchin\n|-damage|p2a: Pincurchin|63/100\n|move|p2a: Pincurchin|Zing Zap|p1a: Girafarig\n|-damage|p1a: Girafarig|76/269\n|\n|-heal|p2a: Pincurchin|69/100|[from] item: Leftovers\n|upkeep\n|turn|31\n|inactive|Time left: 300 sec this turn | 300 sec total\n|\n|t:|1783556374\n|move|p1a: Girafarig|Psyshock|p2a: Pincurchin\n|-damage|p2a: Pincurchin|30/100\n|move|p2a: Pincurchin|Zing Zap|p1a: Girafarig\n|-damage|p1a: Girafarig|0 fnt\n|faint|p1a: Girafarig\n|\n|-heal|p2a: Pincurchin|36/100|[from] item: Leftovers\n|upkeep\n|inactive|Time left: 300 sec this turn | 300 sec total | 5 sec grace\n|\n|t:|1783556375\n|switch|p1a: Noivern|Noivern, L82, M|274/274\n|turn|32\n|inactive|Time left: 300 sec this turn | 300 sec total\n|\n|t:|1783556376\n|switch|p2a: Veluza|Veluza, L85, F|100/100\n|move|p1a: Noivern|Draco Meteor|p2a: Veluza\n|-damage|p2a: Veluza|49/100\n|-unboost|p1a: Noivern|spa|2\n|-enditem|p2a: Veluza|Sitrus Berry|[eat]\n|-heal|p2a: Veluza|74/100|[from] item: Sitrus Berry\n|\n|upkeep\n|turn|33\n|inactive|Time left: 300 sec this turn | 300 sec total\n|\n|t:|1783556377\n|switch|p1a: Scream Tail|Scream Tail, L84|330/330\n|switch|p2a: Pincurchin|Pincurchin, M|36/100\n|\n|-heal|p2a: Pincurchin|42/100|[from] item: Leftovers\n|-fieldend|move: Electric Terrain\n|upkeep\n|turn|34\n|inactive|Time left: 300 sec this turn | 300 sec total\n|\n|t:|1783556378\n|move|p1a: Scream Tail|Dazzling Gleam|p2a: Pincurchin\n|-damage|p2a: Pincurchin|20/100\n|move|p2a: Pincurchin|Recover|p2a: Pincurchin\n|-heal|p2a: Pincurchin|70/100\n|\n|-heal|p2a: Pincurchin|76/100|[from] item: Leftovers\n|upkeep\n|turn|35\n|inactive|Time left: 300 sec this turn | 300 sec total\n|\n|t:|1783556379\n|move|p1a: Scream Tail|Encore|p2a: Pincurchin\n|-start|p2a: Pincurchin|Encore\n|move|p2a: Pincurchin|Recover|p2a: Pincurchin\n|-heal|p2a: Pincurchin|100/100\n|\n|upkeep\n|turn|36\n|inactive|Time left: 300 sec this turn | 300 sec total\n|\n|t:|1783556380\n|-end|p1a: Scream Tail|Protosynthesis|[silent]\n|switch|p1a: Slither Wing|Slither Wing, L81|270/270\n|switch|p2a: Veluza|Veluza, L85, F|74/100\n|\n|upkeep\n|turn|37\n|inactive|Time left: 300 sec this turn | 300 sec total\n|\n|t:|1783556381\n|switch|p2a: Pincurchin|Pincurchin, M|100/100\n|-fieldstart|move: Electric Terrain|[from] ability: Electric Surge|[of] p2a: Pincurchin\n|move|p1a: Slither Wing|U-turn|p2a: Pincurchin\n|-damage|p2a: Pincurchin|75/100\n|inactive|Time left: 300 sec this turn | 300 sec total | 5 sec grace\n|\n|t:|1783556382\n|-end|p1a: Slither Wing|Protosynthesis|[silent]\n|switch|p1a: Scream Tail|Scream Tail, L84|330/330|[from] U-turn\n|\n|-heal|p2a: Pincurchin|81/100|[from] item: Leftovers\n|upkeep\n|turn|38\n|inactive|Time left: 300 sec this turn | 300 sec total\n|\n|t:|1783556383\n|move|p1a: Scream Tail|Wish|p1a: Scream Tail\n|move|p2a: Pincurchin|Zing Zap|p1a: Scream Tail\n|-damage|p1a: Scream Tail|183/330\n|\n|-heal|p1a: Scream Tail|203/330|[from] item: Leftovers\n|-heal|p2a: Pincurchin|87/100|[from] item: Leftovers\n|upkeep\n|turn|39\n|inactive|Time left: 300 sec this turn | 300 sec total\n|\n|t:|1783556384\n|move|p1a: Scream Tail|Dazzling Gleam|p2a: Pincurchin\n|-damage|p2a: Pincurchin|67/100\n|move|p2a: Pincurchin|Zing Zap|p1a: Scream Tail\n|-damage|p1a: Scream Tail|64/330\n|\n|-heal|p1a: Scream Tail|229/330|[from] move: Wish|[wisher] Scream Tail\n|-heal|p1a: Scream Tail|249/330|[from] item: Leftovers\n|-heal|p2a: Pincurchin|73/100|[from] item: Leftovers\n|upkeep\n|turn|40\n|inactive|Time left: 300 sec this turn | 300 sec total\n|\n|t:|1783556385\n|move|p1a: Scream Tail|Wish|p1a: Scream Tail\n|move|p2a: Pincurchin|Zing Zap|p1a: Scream Tail\n|-damage|p1a: Scream Tail|95/330\n|\n|-heal|p1a: Scream Tail|115/330|[from] item: Leftovers\n|-heal|p2a: Pincurchin|79/100|[from] item: Leftovers\n|upkeep\n|turn|41\n|inactive|Time left: 300 sec this turn | 300 sec total\n|\n|t:|1783556386\n|move|p1a: Scream Tail|Protect|p1a: Scream Tail\n|-singleturn|p1a: Scream Tail|Protect\n|move|p2a: Pincurchin|Zing Zap|p1a: Scream Tail\n|-activate|p1a: Scream Tail|move: Protect\n|\n|-heal|p1a: Scream Tail|280/330|[from] move: Wish|[wisher] Scream Tail\n|-heal|p1a: Scream Tail|300/330|[from] item: Leftovers\n|-heal|p2a: Pincurchin|85/100|[from] item: Leftovers\n|-fieldend|move: Electric Terrain\n|upkeep\n|turn|42\n|inactive|Time left: 300 sec this turn | 300 sec total\n|\n|t:|1783556387\n|move|p1a: Scream Tail|Wish|p1a: Scream Tail\n|move|p2a: Pincurchin|Zing Zap|p1a: Scream Tail\n|-damage|p1a: Scream Tail|179/330\n|\n|-heal|p1a: Scream Tail|199/330|[from] item: Leftovers\n|-heal|p2a: Pincurchin|92/100|[from] item: Leftovers\n|upkeep\n|turn|43\n|inactive|Time left: 300 sec this turn | 300 sec total\n|\n|t:|1783556388\n|move|p1a: Scream Tail|Dazzling Gleam|p2a: Pincurchin\n|-damage|p2a: Pincurchin|69/100\n|move|p2a: Pincurchin|Curse|p2a: Pincurchin\n|-unboost|p2a: Pincurchin|spe|1\n|-boost|p2a: Pincurchin|atk|1\n|-boost|p2a: Pincurchin|def|1\n|\n|-heal|p1a: Scream Tail|330/330|[from] move: Wish|[wisher] Scream Tail\n|-heal|p2a: Pincurchin|76/100|[from] item: Leftovers\n|upkeep\n|turn|44\n|inactive|Time left: 300 sec this turn | 300 sec total\n|\n|t:|1783556389\n|move|p1a: Scream Tail|Encore|p2a: Pincurchin\n|-start|p2a: Pincurchin|Encore\n|move|p2a: Pincurchin|Curse|p2a: Pincurchin\n|-unboost|p2a: Pincurchin|spe|1\n|-boost|p2a: Pincurchin|atk|1\n|-boost|p2a: Pincurchin|def|1\n|\n|-heal|p2a: Pincurchin|82/100|[from] item: Leftovers\n|upkeep\n|turn|45\n|inactive|Time left: 300 sec this turn | 300 sec total\n|\n|t:|1783556390\n|move|p1a: Scream Tail|Dazzling Gleam|p2a: Pincurchin\n|-crit|p2a: Pincurchin\n|-damage|p2a: Pincurchin|49/100\n|move|p2a: Pincurchin|Curse|p2a: Pincurchin\n|-unboost|p2a: Pincurchin|spe|1\n|-boost|p2a: Pincurchin|atk|1\n|-boost|p2a: Pincurchin|def|1\n|\n|-heal|p2a: Pincurchin|55/100|[from] item: Leftovers\n|upkeep\n|turn|46\n|inactive|Time left: 300 sec this turn | 300 sec total\n|\n|t:|1783556391\n|move|p1a: Scream Tail|Dazzling Gleam|p2a: Pincurchin\n|-damage|p2a: Pincurchin|35/100\n|move|p2a: Pincurchin|Curse|p2a: Pincurchin\n|-unboost|p2a: Pincurchin|spe|1\n|-boost|p2a: Pincurchin|atk|1\n|-boost|p2a: Pincurchin|def|1\n|\n|-heal|p2a: Pincurchin|42/100|[from] item: Leftovers\n|-end|p2a: Pincurchin|Encore\n|upkeep\n|turn|47\n|inactive|Time left: 300 sec this turn | 300 sec total\n|\n|t:|1783556392\n|move|p1a: Scream Tail|Encore|p2a: Pincurchin\n|-start|p2a: Pincurchin|Encore\n|move|p2a: Pincurchin|Curse|p2a: Pincurchin\n|-unboost|p2a: Pincurchin|spe|1\n|-boost|p2a: Pincurchin|atk|1\n|-boost|p2a: Pincurchin|def|1\n|\n|-heal|p2a: Pincurchin|48/100|[from] item: Leftovers\n|upkeep\n|turn|48\n|inactive|Time left: 300 sec this turn | 300 sec total\n|\n|t:|1783556393\n|switch|p2a: Veluza|Veluza, L85, F|74/100\n|move|p1a: Scream Tail|Dazzling Gleam|p2a: Veluza\n|-crit|p2a: Veluza\n|-damage|p2a: Veluza|35/100\n|\n|upkeep\n|turn|49\n|inactive|Time left: 300 sec this turn | 300 sec total\n|\n|t:|1783556394\n|switch|p2a: Pincurchin|Pincurchin, M|48/100\n|-fieldstart|move: Electric Terrain|[from] ability: Electric Surge|[of] p2a: Pincurchin\n|move|p1a: Scream Tail|Dazzling Gleam|p2a: Pincurchin\n|-damage|p2a: Pincurchin|25/100\n|\n|-heal|p2a: Pincurchin|32/100|[from] item: Leftovers\n|upkeep\n|turn|50\n|inactive|Time left: 300 sec this turn | 300 sec total\n|\n|t:|1783556395\n|move|p1a: Scream Tail|Dazzling Gleam|p2a: Pincurchin\n|-damage|p2a: Pincurchin|9/100\n|move|p2a: Pincurchin|Recover|p2a: Pincurchin\n|-heal|p2a: Pincurchin|59/100\n|\n|-heal|p2a: Pincurchin|65/100|[from] item: Leftovers\n|upkeep\n|turn|51\n|inactive|Time left: 300 sec this turn | 300 sec total\n|\n|t:|1783556396\n|move|p1a: Scream Tail|Encore|p2a: Pincurchin\n|-start|p2a: Pincurchin|Encore\n|move|p2a: Pincurchin|Recover|p2a: Pincurchin\n|-heal|p2a: Pincurchin|100/100\n|\n|upkeep\n|turn|52\n|inactive|Time left: 300 sec this turn | 300 sec total\n|\n|t:|1783556398\n|-end|p1a: Scream Tail|Protosynthesis|[silent]\n|switch|p1a: Slither Wing|Slither Wing, L81|270/270\n|switch|p2a: Veluza|Veluza, L85, F|35/100\n|\n|upkeep\n|turn|53\n|inactive|Time left: 300 sec this turn | 300 sec total\n|\n|t:|1783556399\n|move|p1a: Slither Wing|U-turn|p2a: Veluza\n|-supereffective|p2a: Veluza\n|-damage|p2a: Veluza|0 fnt\n|faint|p2a: Veluza\n|inactive|Time left: 300 sec this turn | 300 sec total | 5 sec grace\n|\n|t:|1783556400\n|-end|p1a: Slither Wing|Protosynthesis|[silent]\n|switch|p1a: Noivern|Noivern, L82, M|274/274|[from] U-turn\n|\n|-fieldend|move: Electric Terrain\n|upkeep\n|\n|t:|1783556401\n|switch|p2a: Pincurchin|Pincurchin, M|100/100\n|-fieldstart|move: Electric Terrain|[from] ability: Electric Surge|[of] p2a: Pincurchin\n|turn|54\n|inactive|Time left: 300 sec this turn | 300 sec total\n|\n|t:|1783556402\n|move|p1a: Noivern|Hurricane|p2a: Pincurchin\n|-resisted|p2a: Pincurchin\n|-damage|p2a: Pincurchin|82/100\n|move|p2a: Pincurchin|Zing Zap|p1a: Noivern\n|-damage|p1a: Noivern|103/274\n|\n|-heal|p2a: Pincurchin|88/100|[from] item: Leftovers\n|upkeep\n|turn|55\n|inactive|Time left: 300 sec this turn | 300 sec total\n|\n|t:|1783556403\n|move|p1a: Noivern|Roost|p1a: Noivern\n|-heal|p1a: Noivern|240/274\n|-singleturn|p1a: Noivern|move: Roost\n|move|p2a: Pincurchin|Zing Zap|p1a: Noivern\n|-resisted|p1a: Noivern\n|-damage|p1a: Noivern|148/274\n|\n|-heal|p2a: Pincurchin|94/100|[from] item: Leftovers\n|upkeep\n|turn|56\n|inactive|Time left: 300 sec this turn | 300 sec total\n|\n|t:|1783556404\n|move|p1a: Noivern|Roost|p1a: Noivern\n|-heal|p1a: Noivern|274/274\n|-singleturn|p1a: Noivern|move: Roost\n|move|p2a: Pincurchin|Curse|p2a: Pincurchin\n|-unboost|p2a: Pincurchin|spe|1\n|-boost|p2a: Pincurchin|atk|1\n|-boost|p2a: Pincurchin|def|1\n|\n|-heal|p2a: Pincurchin|100/100|[from] item: Leftovers\n|upkeep\n|turn|57\n|inactive|Time left: 300 sec this turn | 300 sec total\n|\n|t:|1783556405\n|move|p1a: Noivern|Flamethrower|p2a: Pincurchin\n|-damage|p2a: Pincurchin|78/100\n|move|p2a: Pincurchin|Zing Zap|p1a: Noivern\n|-damage|p1a: Noivern|24/274\n|\n|-heal|p2a: Pincurchin|85/100|[from] item: Leftovers\n|upkeep\n|turn|58\n|inactive|Time left: 300 sec this turn | 300 sec total\n|\n|t:|1783556406\n|move|p1a: Noivern|Roost|p1a: Noivern\n|-heal|p1a: Noivern|161/274\n|-singleturn|p1a: Noivern|move: Roost\n|move|p2a: Pincurchin|Zing Zap|p1a: Noivern\n|-resisted|p1a: Noivern\n|-damage|p1a: Noivern|25/274\n|\n|-heal|p2a: Pincurchin|91/100|[from] item: Leftovers\n|-fieldend|move: Electric Terrain\n|upkeep\n|turn|59\n|inactive|Time left: 300 sec this turn | 300 sec total\n|\n|t:|1783556407\n|move|p1a: Noivern|Roost|p1a: Noivern\n|-heal|p1a: Noivern|162/274\n|-singleturn|p1a: Noivern|move: Roost\n|move|p2a: Pincurchin|Zing Zap|p1a: Noivern\n|-resisted|p1a: Noivern\n|-damage|p1a: Noivern|69/274\n|\n|-heal|p2a: Pincurchin|97/100|[from] item: Leftovers\n|upkeep\n|turn|60\n|inactive|Time left: 300 sec this turn | 300 sec total\n|\n|t:|1783556408\n|move|p1a: Noivern|Roost|p1a: Noivern\n|-heal|p1a: Noivern|206/274\n|-singleturn|p1a: Noivern|move: Roost\n|move|p2a: Pincurchin|Zing Zap|p1a: Noivern\n|-resisted|p1a: Noivern\n|-damage|p1a: Noivern|98/274\n|\n|-heal|p2a: Pincurchin|100/100|[from] item: Leftovers\n|upkeep\n|turn|61\n|inactive|Time left: 300 sec this turn | 300 sec total\n|\n|t:|1783556409\n|move|p1a: Noivern|Roost|p1a: Noivern\n|-heal|p1a: Noivern|235/274\n|-singleturn|p1a: Noivern|move: Roost\n|move|p2a: Pincurchin|Zing Zap|p1a: Noivern\n|-resisted|p1a: Noivern\n|-damage|p1a: Noivern|137/274\n|\n|upkeep\n|turn|62\n|inactive|Time left: 300 sec this turn | 300 sec total\n|\n|t:|1783556410\n|move|p1a: Noivern|Roost|p1a: Noivern\n|-heal|p1a: Noivern|274/274\n|-singleturn|p1a: Noivern|move: Roost\n|move|p2a: Pincurchin|Zing Zap|p1a: Noivern\n|-resisted|p1a: Noivern\n|-damage|p1a: Noivern|179/274\n|\n|upkeep\n|turn|63\n|inactive|Time left: 300 sec this turn | 300 sec total\n|\n|t:|1783556411\n|move|p1a: Noivern|Flamethrower|p2a: Pincurchin\n|-damage|p2a: Pincurchin|79/100\n|move|p2a: Pincurchin|Liquidation|p1a: Noivern\n|-resisted|p1a: Noivern\n|-damage|p1a: Noivern|106/274\n|\n|-heal|p2a: Pincurchin|85/100|[from] item: Leftovers\n|upkeep\n|turn|64\n|inactive|Time left: 300 sec this turn | 300 sec total\n|\n|t:|1783556412\n|move|p1a: Noivern|Roost|p1a: Noivern\n|-heal|p1a: Noivern|243/274\n|-singleturn|p1a: Noivern|move: Roost\n|move|p2a: Pincurchin|Liquidation|p1a: Noivern\n|-resisted|p1a: Noivern\n|-damage|p1a: Noivern|174/274\n|\n|-heal|p2a: Pincurchin|91/100|[from] item: Leftovers\n|upkeep\n|turn|65\n|inactive|Time left: 300 sec this turn | 300 sec total\n|\n|t:|1783556413\n|move|p1a: Noivern|Flamethrower|p2a: Pincurchin\n|-damage|p2a: Pincurchin|70/100\n|move|p2a: Pincurchin|Liquidation|p1a: Noivern\n|-resisted|p1a: Noivern\n|-damage|p1a: Noivern|98/274\n|\n|-heal|p2a: Pincurchin|76/100|[from] item: Leftovers\n|upkeep\n|turn|66\n|inactive|Time left: 300 sec this turn | 300 sec total\n|\n|t:|1783556414\n|move|p1a: Noivern|Hurricane|p2a: Pincurchin\n|-resisted|p2a: Pincurchin\n|-damage|p2a: Pincurchin|57/100\n|move|p2a: Pincurchin|Recover|p2a: Pincurchin\n|-heal|p2a: Pincurchin|100/100\n|\n|upkeep\n|turn|67\n|inactive|Time left: 300 sec this turn | 300 sec total\n|\n|t:|1783556415\n|move|p1a: Noivern|Hurricane|p2a: Pincurchin\n|-resisted|p2a: Pincurchin\n|-damage|p2a: Pincurchin|83/100\n|-start|p2a: Pincurchin|confusion\n|-activate|p2a: Pincurchin|confusion\n|-damage|p2a: Pincurchin|71/100|[from] confusion\n|\n|-heal|p2a: Pincurchin|77/100|[from] item: Leftovers\n|upkeep\n|turn|68\n|inactive|Time left: 300 sec this turn | 300 sec total\n|\n|t:|1783556417\n|move|p1a: Noivern|Flamethrower|p2a: Pincurchin\n|-damage|p2a: Pincurchin|57/100\n|-activate|p2a: Pincurchin|confusion\n|-damage|p2a: Pincurchin|45/100|[from] confusion\n|\n|-heal|p2a: Pincurchin|51/100|[from] item: Leftovers\n|upkeep\n|turn|69\n|inactive|Time left: 300 sec this turn | 300 sec total\n|\n|t:|1783556417\n|move|p1a: Noivern|Draco Meteor|p2a: Pincurchin\n|-damage|p2a: Pincurchin|8/100\n|-unboost|p1a: Noivern|spa|2\n|-activate|p2a: Pincurchin|confusion\n|move|p2a: Pincurchin|Recover|p2a: Pincurchin\n|-heal|p2a: Pincurchin|58/100\n|\n|-heal|p2a: Pincurchin|64/100|[from] item: Leftovers\n|upkeep\n|turn|70\n|inactive|Time left: 300 sec this turn | 300 sec total\n|\n|t:|1783556418\n|switch|p1a: Slither Wing|Slither Wing, L81|270/270\n|-end|p2a: Pincurchin|confusion\n|move|p2a: Pincurchin|Liquidation|p1a: Slither Wing\n|-damage|p1a: Slither Wing|110/270\n|\n|-heal|p2a: Pincurchin|70/100|[from] item: Leftovers\n|upkeep\n|turn|71\n|inactive|Time left: 300 sec this turn | 300 sec total\n|\n|t:|1783556420\n|move|p1a: Slither Wing|Will-O-Wisp|p2a: Pincurchin\n|-status|p2a: Pincurchin|brn\n|move|p2a: Pincurchin|Recover|p2a: Pincurchin\n|-heal|p2a: Pincurchin|100/100 brn\n|\n|-damage|p2a: Pincurchin|94/100 brn|[from] brn\n|upkeep\n|turn|72\n|inactive|Time left: 300 sec this turn | 300 sec total\n|\n|t:|1783556420\n|move|p1a: Slither Wing|Morning Sun|p1a: Slither Wing\n|-heal|p1a: Slither Wing|245/270\n|move|p2a: Pincurchin|Curse|p2a: Pincurchin\n|-unboost|p2a: Pincurchin|spe|1\n|-boost|p2a: Pincurchin|atk|1\n|-boost|p2a: Pincurchin|def|1\n|\n|-heal|p2a: Pincurchin|100/100 brn|[from] item: Leftovers\n|-damage|p2a: Pincurchin|94/100 brn|[from] brn\n|upkeep\n|turn|73\n|inactive|Time left: 300 sec this turn | 300 sec total\n|\n|t:|1783556422\n|move|p1a: Slither Wing|U-turn|p2a: Pincurchin\n|-damage|p2a: Pincurchin|80/100 brn\n|inactive|Time left: 300 sec this turn | 300 sec total | 5 sec grace\n|\n|t:|1783556422\n|-end|p1a: Slither Wing|Protosynthesis|[silent]\n|switch|p1a: Scream Tail|Scream Tail, L84|330/330|[from] U-turn\n|move|p2a: Pincurchin|Liquidation|p1a: Scream Tail\n|-damage|p1a: Scream Tail|256/330\n|\n|-heal|p1a: Scream Tail|276/330|[from] item: Leftovers\n|-heal|p2a: Pincurchin|87/100 brn|[from] item: Leftovers\n|-damage|p2a: Pincurchin|80/100 brn|[from] brn\n|upkeep\n|turn|74\n|inactive|Time left: 300 sec this turn | 300 sec total\n|\n|t:|1783556424\n|move|p1a: Scream Tail|Wish|p1a: Scream Tail\n|move|p2a: Pincurchin|Liquidation|p1a: Scream Tail\n|-damage|p1a: Scream Tail|203/330\n|-unboost|p1a: Scream Tail|def|1\n|\n|-heal|p1a: Scream Tail|223/330|[from] item: Leftovers\n|-heal|p2a: Pincurchin|87/100 brn|[from] item: Leftovers\n|-damage|p2a: Pincurchin|80/100 brn|[from] brn\n|upkeep\n|turn|75\n|inactive|Time left: 300 sec this turn | 300 sec total\n|\n|t:|1783556425\n|-end|p1a: Scream Tail|Protosynthesis|[silent]\n|switch|p1a: Noivern|Noivern, L82, M|98/274\n|move|p2a: Pincurchin|Recover|p2a: Pincurchin\n|-heal|p2a: Pincurchin|100/100 brn\n|\n|-heal|p1a: Noivern|263/274|[from] move: Wish|[wisher] Scream Tail\n|-damage|p2a: Pincurchin|94/100 brn|[from] brn\n|upkeep\n|turn|76\n|inactive|Time left: 300 sec this turn | 300 sec total\n|\n|t:|1783556426\n|move|p1a: Noivern|Flamethrower|p2a: Pincurchin\n|-damage|p2a: Pincurchin|73/100 brn\n|move|p2a: Pincurchin|Liquidation|p1a: Noivern\n|-resisted|p1a: Noivern\n|-damage|p1a: Noivern|215/274\n|\n|-heal|p2a: Pincurchin|80/100 brn|[from] item: Leftovers\n|-damage|p2a: Pincurchin|73/100 brn|[from] brn\n|upkeep\n|turn|77\n|inactive|Time left: 300 sec this turn | 300 sec total\n|\n|t:|1783556427\n|move|p1a: Noivern|Flamethrower|p2a: Pincurchin\n|-damage|p2a: Pincurchin|54/100 brn\n|move|p2a: Pincurchin|Liquidation|p1a: Noivern\n|-resisted|p1a: Noivern\n|-crit|p1a: Noivern\n|-damage|p1a: Noivern|139/274\n|\n|-heal|p2a: Pincurchin|60/100 brn|[from] item: Leftovers\n|-damage|p2a: Pincurchin|54/100 brn|[from] brn\n|upkeep\n|turn|78\n|inactive|Time left: 300 sec this turn | 300 sec total\n|\n|t:|1783556428\n|move|p1a: Noivern|Draco Meteor|p2a: Pincurchin\n|-damage|p2a: Pincurchin|14/100 brn\n|-unboost|p1a: Noivern|spa|2\n|move|p2a: Pincurchin|Liquidation|p1a: Noivern\n|-resisted|p1a: Noivern\n|-damage|p1a: Noivern|88/274\n|\n|-heal|p2a: Pincurchin|20/100 brn|[from] item: Leftovers\n|-damage|p2a: Pincurchin|14/100 brn|[from] brn\n|upkeep\n|turn|79\n|inactive|Time left: 300 sec this turn | 300 sec total\n|\n|t:|1783556429\n|move|p1a: Noivern|Flamethrower|p2a: Pincurchin\n|-damage|p2a: Pincurchin|4/100 brn\n|move|p2a: Pincurchin|Liquidation|p1a: Noivern\n|-resisted|p1a: Noivern\n|-damage|p1a: Noivern|36/274\n|\n|-heal|p2a: Pincurchin|10/100 brn|[from] item: Leftovers\n|-damage|p2a: Pincurchin|4/100 brn|[from] brn\n|upkeep\n|turn|80\n|inactive|Time left: 300 sec this turn | 300 sec total\n|\n|t:|1783556430\n|move|p1a: Noivern|Hurricane|p2a: Pincurchin\n|-resisted|p2a: Pincurchin\n|-damage|p2a: Pincurchin|0 fnt\n|faint|p2a: Pincurchin\n|\n|win|p0x1404907f", "uploadtime": 1783556430, "views": 0, "rating": 0, "private": 0, "password": null, "_winner": "p0x1404907f", "_our_name": "p0x1404907f"}