{"id": "battle-gen9randombattle-1862", "formatid": "gen9randombattle", "format": "[Gen 9] Random Battle", "players": ["p0x18629e99", "p0y18626bf7"], "log": "|init|battle\n|title|p0x18629e99 vs. p0y18626bf7\n|j|\u2606p0x18629e99\n|j|\u2606p0y18626bf7\n|t:|1783561570\n|gametype|singles\n|player|p1|p0x18629e99|265|\n|player|p2|p0y18626bf7|170|\n|gen|9\n|tier|[Gen 9] Random Battle\n|rule|Species Clause: Limit one of each Pok\u00e9mon\n|rule|HP Percentage Mod: HP is shown in percentages\n|rule|Sleep Clause Mod: Limit one foe put to sleep\n|rule|Illusion Level Mod: Illusion disguises the Pok\u00e9mon's true level\n|\n|t:|1783561570\n|teamsize|p1|6\n|teamsize|p2|6\n|start\n|switch|p1a: Entei|Entei, L78|307/307\n|switch|p2a: Sandaconda|Sandaconda, L84, M|100/100\n|turn|1\n|inactive|Battle timer is ON: inactive players will automatically lose when time's up. (requested by p0x18629e99)\n|inactive|p0y18626bf7 also wants the timer to be on.\n|\n|t:|1783561571\n|move|p1a: Entei|Sacred Fire|p2a: Sandaconda\n|-damage|p2a: Sandaconda|50/100\n|-status|p2a: Sandaconda|brn\n|move|p2a: Sandaconda|Earthquake|p1a: Entei\n|-supereffective|p1a: Entei\n|-damage|p1a: Entei|187/307\n|\n|-heal|p2a: Sandaconda|57/100 brn|[from] item: Leftovers\n|-damage|p2a: Sandaconda|50/100 brn|[from] brn\n|upkeep\n|turn|2\n|inactive|Time left: 300 sec this turn | 300 sec total\n|\n|t:|1783561572\n|move|p1a: Entei|Sacred Fire|p2a: Sandaconda\n|-damage|p2a: Sandaconda|2/100 brn\n|move|p2a: Sandaconda|Rest|p2a: Sandaconda\n|-status|p2a: Sandaconda|slp|[from] move: Rest\n|-heal|p2a: Sandaconda|100/100 slp|[silent]\n|\n|upkeep\n|turn|3\n|inactive|Time left: 300 sec this turn | 300 sec total\n|\n|t:|1783561573\n|move|p1a: Entei|Sacred Fire|p2a: Sandaconda\n|-damage|p2a: Sandaconda|56/100 slp\n|cant|p2a: Sandaconda|slp\n|\n|-activate|p2a: Sandaconda|ability: Shed Skin\n|-curestatus|p2a: Sandaconda|slp|[msg]\n|-heal|p2a: Sandaconda|62/100|[from] item: Leftovers\n|upkeep\n|turn|4\n|inactive|Time left: 300 sec this turn | 300 sec total\n|\n|t:|1783561574\n|move|p1a: Entei|Sacred Fire|p2a: Sandaconda\n|-crit|p2a: Sandaconda\n|-damage|p2a: Sandaconda|0 fnt\n|faint|p2a: Sandaconda\n|\n|upkeep\n|\n|t:|1783561575\n|switch|p2a: Iron Moth|Iron Moth, L78|100/100\n|turn|5\n|inactive|Time left: 300 sec this turn | 300 sec total\n|\n|t:|1783561576\n|move|p2a: Iron Moth|Sludge Wave|p1a: Entei\n|-damage|p1a: Entei|0 fnt\n|faint|p1a: Entei\n|\n|upkeep\n|inactive|Time left: 300 sec this turn | 300 sec total | 5 sec grace\n|\n|t:|1783561577\n|switch|p1a: Sandaconda|Sandaconda, L84, M|258/258\n|turn|6\n|inactive|Time left: 300 sec this turn | 300 sec total\n|\n|t:|1783561578\n|-end|p2a: Iron Moth|Quark Drive|[silent]\n|switch|p2a: Chimecho|Chimecho, L93, M|100/100\n|move|p1a: Sandaconda|Earthquake|p2a: Chimecho\n|-immune|p2a: Chimecho|[from] ability: Levitate\n|\n|upkeep\n|turn|7\n|inactive|Time left: 300 sec this turn | 300 sec total\n|\n|t:|1783561578\n|move|p2a: Chimecho|Psychic Noise|p1a: Sandaconda\n|-damage|p1a: Sandaconda|141/258\n|-start|p1a: Sandaconda|move: Heal Block\n|move|p1a: Sandaconda|Glare|p2a: Chimecho\n|-status|p2a: Chimecho|par\n|\n|upkeep\n|turn|8\n|inactive|Time left: 300 sec this turn | 300 sec total\n|\n|t:|1783561579\n|move|p1a: Sandaconda|Earthquake|p2a: Chimecho\n|-immune|p2a: Chimecho|[from] ability: Levitate\n|cant|p2a: Chimecho|par\n|\n|-end|p1a: Sandaconda|move: Heal Block\n|upkeep\n|turn|9\n|inactive|Time left: 300 sec this turn | 300 sec total\n|\n|t:|1783561580\n|move|p1a: Sandaconda|Rest|p1a: Sandaconda\n|-status|p1a: Sandaconda|slp|[from] move: Rest\n|-heal|p1a: Sandaconda|258/258 slp|[silent]\n|move|p2a: Chimecho|Psychic Noise|p1a: Sandaconda\n|-damage|p1a: Sandaconda|134/258 slp\n|-start|p1a: Sandaconda|move: Heal Block\n|\n|-activate|p1a: Sandaconda|ability: Shed Skin\n|-curestatus|p1a: Sandaconda|slp|[msg]\n|upkeep\n|turn|10\n|inactive|Time left: 300 sec this turn | 300 sec total\n|\n|t:|1783561581\n|move|p1a: Sandaconda|Earthquake|p2a: Chimecho\n|-immune|p2a: Chimecho|[from] ability: Levitate\n|cant|p2a: Chimecho|par\n|\n|-end|p1a: Sandaconda|move: Heal Block\n|upkeep\n|turn|11\n|inactive|Time left: 300 sec this turn | 300 sec total\n|\n|t:|1783561582\n|move|p1a: Sandaconda|Rest|p1a: Sandaconda\n|-status|p1a: Sandaconda|slp|[from] move: Rest\n|-heal|p1a: Sandaconda|258/258 slp|[silent]\n|move|p2a: Chimecho|Psychic Noise|p1a: Sandaconda\n|-damage|p1a: Sandaconda|149/258 slp\n|-start|p1a: Sandaconda|move: Heal Block\n|\n|-activate|p1a: Sandaconda|ability: Shed Skin\n|-curestatus|p1a: Sandaconda|slp|[msg]\n|upkeep\n|turn|12\n|inactive|Time left: 300 sec this turn | 300 sec total\n|\n|t:|1783561583\n|switch|p1a: Arboliva|Arboliva, L91, F|290/290\n|cant|p2a: Chimecho|par\n|\n|upkeep\n|turn|13\n|inactive|Time left: 300 sec this turn | 300 sec total\n|\n|t:|1783561584\n|move|p1a: Arboliva|Hyper Voice|p2a: Chimecho\n|-damage|p2a: Chimecho|56/100 par\n|move|p2a: Chimecho|Recover|p2a: Chimecho\n|-heal|p2a: Chimecho|100/100 par\n|\n|upkeep\n|turn|14\n|inactive|Time left: 300 sec this turn | 300 sec total\n|\n|t:|1783561586\n|switch|p2a: Iron Moth|Iron Moth, L78|100/100\n|move|p1a: Arboliva|Energy Ball|p2a: Iron Moth\n|-resisted|p2a: Iron Moth\n|-damage|p2a: Iron Moth|89/100\n|\n|upkeep\n|turn|15\n|inactive|Time left: 300 sec this turn | 300 sec total\n|\n|t:|1783561587\n|move|p2a: Iron Moth|Fire Blast|p1a: Arboliva\n|-supereffective|p1a: Arboliva\n|-damage|p1a: Arboliva|0 fnt\n|-fieldstart|move: Grassy Terrain|[from] ability: Seed Sower|[of] p1a: Arboliva\n|faint|p1a: Arboliva\n|\n|-heal|p2a: Iron Moth|95/100|[from] Grassy Terrain\n|upkeep\n|inactive|Time left: 300 sec this turn | 300 sec total | 5 sec grace\n|\n|t:|1783561588\n|switch|p1a: Spiritomb|Spiritomb, L89, M|234/234\n|turn|16\n|inactive|Time left: 300 sec this turn | 300 sec total\n|\n|t:|1783561588\n|move|p2a: Iron Moth|Fire Blast|p1a: Spiritomb\n|-damage|p1a: Spiritomb|72/234\n|move|p1a: Spiritomb|Poltergeist|p2a: Iron Moth\n|-activate|p2a: Iron Moth|move: Poltergeist|Choice Specs\n|-damage|p2a: Iron Moth|21/100\n|\n|-heal|p2a: Iron Moth|27/100|[from] Grassy Terrain\n|-heal|p1a: Spiritomb|86/234|[from] Grassy Terrain\n|-heal|p1a: Spiritomb|100/234|[from] item: Leftovers\n|upkeep\n|turn|17\n|inactive|Time left: 300 sec this turn | 300 sec total\n|\n|t:|1783561590\n|move|p1a: Spiritomb|Sucker Punch|p2a: Iron Moth\n|-damage|p2a: Iron Moth|0 fnt\n|faint|p2a: Iron Moth\n|-end|p2a: Iron Moth|Quark Drive|[silent]\n|\n|-heal|p1a: Spiritomb|114/234|[from] Grassy Terrain\n|-heal|p1a: Spiritomb|128/234|[from] item: Leftovers\n|upkeep\n|\n|t:|1783561590\n|switch|p2a: Copperajah|Copperajah, L86, M|100/100\n|turn|18\n|inactive|Time left: 300 sec this turn | 300 sec total\n|\n|t:|1783561591\n|move|p1a: Spiritomb|Foul Play|p2a: Copperajah\n|-damage|p2a: Copperajah|58/100\n|move|p2a: Copperajah|Heavy Slam|p1a: Spiritomb\n|-damage|p1a: Spiritomb|0 fnt\n|faint|p1a: Spiritomb\n|\n|-heal|p2a: Copperajah|64/100|[from] Grassy Terrain\n|upkeep\n|inactive|Time left: 300 sec this turn | 300 sec total | 5 sec grace\n|\n|t:|1783561592\n|switch|p1a: Sandaconda|Sandaconda, L84, M|149/258\n|turn|19\n|inactive|Time left: 300 sec this turn | 300 sec total\n|\n|t:|1783561593\n|move|p1a: Sandaconda|Rest|p1a: Sandaconda\n|-status|p1a: Sandaconda|slp|[from] move: Rest\n|-heal|p1a: Sandaconda|258/258 slp|[silent]\n|move|p2a: Copperajah|Heavy Slam|p1a: Sandaconda\n|-damage|p1a: Sandaconda|66/258 slp\n|\n|-heal|p1a: Sandaconda|82/258 slp|[from] Grassy Terrain\n|-heal|p1a: Sandaconda|98/258 slp|[from] item: Leftovers\n|-heal|p2a: Copperajah|70/100|[from] Grassy Terrain\n|-fieldend|move: Grassy Terrain\n|upkeep\n|turn|20\n|inactive|Time left: 300 sec this turn | 300 sec total\n|\n|t:|1783561594\n|-terastallize|p1a: Sandaconda|Water\n|cant|p1a: Sandaconda|slp\n|move|p2a: Copperajah|Heavy Slam|p1a: Sandaconda\n|-resisted|p1a: Sandaconda\n|-damage|p1a: Sandaconda|0 fnt\n|faint|p1a: Sandaconda\n|\n|upkeep\n|inactive|Time left: 300 sec this turn | 300 sec total | 5 sec grace\n|\n|t:|1783561595\n|switch|p1a: Hitmontop|Hitmontop, L88, M|231/231\n|turn|21\n|inactive|Time left: 300 sec this turn | 300 sec total\n|\n|t:|1783561596\n|-terastallize|p2a: Copperajah|Fire\n|move|p1a: Hitmontop|Bulk Up|p1a: Hitmontop\n|-boost|p1a: Hitmontop|atk|1\n|-boost|p1a: Hitmontop|def|1\n|move|p2a: Copperajah|Heavy Slam|p1a: Hitmontop\n|-damage|p1a: Hitmontop|71/231\n|\n|-heal|p1a: Hitmontop|85/231|[from] item: Leftovers\n|upkeep\n|turn|22\n|inactive|Time left: 300 sec this turn | 300 sec total\n|\n|t:|1783561597\n|move|p1a: Hitmontop|Close Combat|p2a: Copperajah\n|-damage|p2a: Copperajah|3/100\n|-unboost|p1a: Hitmontop|def|1\n|-unboost|p1a: Hitmontop|spd|1\n|move|p2a: Copperajah|Heavy Slam|p1a: Hitmontop\n|-damage|p1a: Hitmontop|0 fnt\n|faint|p1a: Hitmontop\n|\n|upkeep\n|inactive|Time left: 300 sec this turn | 300 sec total | 5 sec grace\n|\n|t:|1783561598\n|switch|p1a: Cryogonal|Cryogonal, L89|287/287\n|turn|23\n|inactive|Time left: 300 sec this turn | 300 sec total\n|\n|t:|1783561599\n|switch|p2a: Chimecho|Chimecho, L93, M|100/100 par\n|move|p1a: Cryogonal|Freeze-Dry|p2a: Chimecho\n|-damage|p2a: Chimecho|77/100 par\n|\n|-heal|p2a: Chimecho|84/100 par|[from] item: Leftovers\n|upkeep\n|turn|24\n|inactive|Time left: 300 sec this turn | 300 sec total\n|\n|t:|1783561600\n|move|p1a: Cryogonal|Rapid Spin|p2a: Chimecho\n|-damage|p2a: Chimecho|75/100 par\n|-boost|p1a: Cryogonal|spe|1\n|move|p2a: Chimecho|Knock Off|p1a: Cryogonal\n|-damage|p1a: Cryogonal|208/287\n|-enditem|p1a: Cryogonal|Heavy-Duty Boots|[from] move: Knock Off|[of] p2a: Chimecho\n|\n|-heal|p2a: Chimecho|82/100 par|[from] item: Leftovers\n|upkeep\n|turn|25\n|inactive|Time left: 300 sec this turn | 300 sec total\n|\n|t:|1783561602\n|move|p1a: Cryogonal|Freeze-Dry|p2a: Chimecho\n|-damage|p2a: Chimecho|54/100 par\n|move|p2a: Chimecho|Psychic Noise|p1a: Cryogonal\n|-damage|p1a: Cryogonal|144/287\n|-start|p1a: Cryogonal|move: Heal Block\n|\n|-heal|p2a: Chimecho|60/100 par|[from] item: Leftovers\n|upkeep\n|turn|26\n|inactive|Time left: 300 sec this turn | 300 sec total\n|\n|t:|1783561603\n|switch|p2a: Copperajah|Copperajah, L86, M, tera:Fire|3/100\n|move|p1a: Cryogonal|Freeze-Dry|p2a: Copperajah\n|-resisted|p2a: Copperajah\n|-damage|p2a: Copperajah|0 fnt\n|faint|p2a: Copperajah\n|\n|-end|p1a: Cryogonal|move: Heal Block\n|upkeep\n|\n|t:|1783561603\n|switch|p2a: Toucannon|Toucannon, L88, M|100/100\n|turn|27\n|inactive|Time left: 300 sec this turn | 300 sec total\n|\n|t:|1783561604\n|-singleturn|p2a: Toucannon|move: Beak Blast\n|move|p1a: Cryogonal|Recover|p1a: Cryogonal\n|-heal|p1a: Cryogonal|287/287\n|move|p2a: Toucannon|Beak Blast|p1a: Cryogonal\n|-damage|p1a: Cryogonal|107/287\n|\n|upkeep\n|turn|28\n|inactive|Time left: 300 sec this turn | 300 sec total\n|\n|t:|1783561605\n|-singleturn|p2a: Toucannon|move: Beak Blast\n|move|p1a: Cryogonal|Recover|p1a: Cryogonal\n|-heal|p1a: Cryogonal|251/287\n|move|p2a: Toucannon|Beak Blast|p1a: Cryogonal\n|-damage|p1a: Cryogonal|58/287\n|\n|upkeep\n|turn|29\n|inactive|Time left: 300 sec this turn | 300 sec total\n|\n|t:|1783561606\n|-singleturn|p2a: Toucannon|move: Beak Blast\n|move|p1a: Cryogonal|Freeze-Dry|p2a: Toucannon\n|-supereffective|p2a: Toucannon\n|-damage|p2a: Toucannon|36/100\n|move|p2a: Toucannon|Beak Blast|p1a: Cryogonal\n|-damage|p1a: Cryogonal|0 fnt\n|faint|p1a: Cryogonal\n|\n|win|p0y18626bf7", "uploadtime": 1783561606, "views": 0, "rating": 0, "private": 0, "password": null, "_winner": "p0y18626bf7", "_our_name": "p0x18629e99"}