{"id": "battle-gen9randombattle-2092", "formatid": "gen9randombattle", "format": "[Gen 9] Random Battle", "players": ["p0x209257be", "p0y2092d3a9"], "log": "|init|battle\n|title|p0x209257be vs. p0y2092d3a9\n|j|\u2606p0x209257be\n|j|\u2606p0y2092d3a9\n|t:|1783563412\n|gametype|singles\n|player|p1|p0x209257be|102|\n|player|p2|p0y2092d3a9|170|\n|gen|9\n|tier|[Gen 9] Random Battle\n|rule|Species Clause: Limit one of each Pok\u00e9mon\n|rule|HP Percentage Mod: HP is shown in percentages\n|rule|Sleep Clause Mod: Limit one foe put to sleep\n|rule|Illusion Level Mod: Illusion disguises the Pok\u00e9mon's true level\n|\n|t:|1783563412\n|teamsize|p1|6\n|teamsize|p2|6\n|start\n|switch|p1a: Mienshao|Mienshao, L83, M|244/244\n|switch|p2a: Ninetales|Ninetales-Alola, L78, M|100/100\n|-weather|Snowscape|[from] ability: Snow Warning|[of] p2a: Ninetales\n|turn|1\n|inactive|Battle timer is ON: inactive players will automatically lose when time's up. (requested by p0x209257be)\n|inactive|p0y2092d3a9 also wants the timer to be on.\n|\n|t:|1783563414\n|move|p1a: Mienshao|Swords Dance|p1a: Mienshao\n|-boost|p1a: Mienshao|atk|2\n|move|p2a: Ninetales|Aurora Veil|p2a: Ninetales\n|-sidestart|p2: p0y2092d3a9|move: Aurora Veil\n|\n|-weather|Snowscape|[upkeep]\n|upkeep\n|turn|2\n|inactive|Time left: 300 sec this turn | 300 sec total\n|\n|t:|1783563415\n|move|p1a: Mienshao|Swords Dance|p1a: Mienshao\n|-boost|p1a: Mienshao|atk|2\n|move|p2a: Ninetales|Moonblast|p1a: Mienshao\n|-supereffective|p1a: Mienshao\n|-damage|p1a: Mienshao|38/244\n|\n|-weather|Snowscape|[upkeep]\n|upkeep\n|turn|3\n|inactive|Time left: 300 sec this turn | 300 sec total\n|\n|t:|1783563416\n|move|p1a: Mienshao|Close Combat|p2a: Ninetales\n|-damage|p2a: Ninetales|8/100\n|-unboost|p1a: Mienshao|def|1\n|-unboost|p1a: Mienshao|spd|1\n|-damage|p1a: Mienshao|14/244|[from] item: Life Orb\n|move|p2a: Ninetales|Freeze-Dry|p1a: Mienshao\n|-damage|p1a: Mienshao|0 fnt\n|faint|p1a: Mienshao\n|\n|-weather|Snowscape|[upkeep]\n|upkeep\n|inactive|Time left: 300 sec this turn | 300 sec total | 5 sec grace\n|\n|t:|1783563417\n|switch|p1a: Venusaur|Venusaur, L84, F|272/272\n|turn|4\n|inactive|Time left: 300 sec this turn | 300 sec total\n|\n|t:|1783563418\n|switch|p2a: Registeel|Registeel, L81|100/100\n|move|p1a: Venusaur|Leech Seed|p2a: Registeel\n|-start|p2a: Registeel|move: Leech Seed\n|\n|-weather|Snowscape|[upkeep]\n|-damage|p2a: Registeel|88/100|[from] Leech Seed|[of] p1a: Venusaur\n|upkeep\n|turn|5\n|inactive|Time left: 300 sec this turn | 300 sec total\n|\n|t:|1783563419\n|switch|p2a: Roaring Moon|Roaring Moon, L72|100/100\n|move|p1a: Venusaur|Sludge Bomb|p2a: Roaring Moon\n|-damage|p2a: Roaring Moon|82/100\n|\n|-weather|none\n|upkeep\n|turn|6\n|inactive|Time left: 300 sec this turn | 300 sec total\n|\n|t:|1783563421\n|move|p2a: Roaring Moon|Outrage|p1a: Venusaur\n|-damage|p1a: Venusaur|94/272\n|move|p1a: Venusaur|Sleep Powder|p2a: Roaring Moon\n|-status|p2a: Roaring Moon|slp|[from] move: Sleep Powder\n|\n|-heal|p1a: Venusaur|111/272|[from] item: Leftovers\n|upkeep\n|turn|7\n|inactive|Time left: 300 sec this turn | 300 sec total\n|\n|t:|1783563422\n|cant|p2a: Roaring Moon|slp\n|move|p1a: Venusaur|Leech Seed|p2a: Roaring Moon\n|-start|p2a: Roaring Moon|move: Leech Seed\n|\n|-heal|p1a: Venusaur|128/272|[from] item: Leftovers\n|-damage|p2a: Roaring Moon|70/100 slp|[from] Leech Seed|[of] p1a: Venusaur\n|-heal|p1a: Venusaur|161/272|[silent]\n|upkeep\n|turn|8\n|inactive|Time left: 300 sec this turn | 300 sec total\n|\n|t:|1783563423\n|switch|p1a: Perrserker|Perrserker, L89, F|269/269\n|cant|p2a: Roaring Moon|slp\n|\n|-damage|p2a: Roaring Moon|58/100 slp|[from] Leech Seed|[of] p1a: Perrserker\n|-sideend|p2: p0y2092d3a9|move: Aurora Veil\n|upkeep\n|turn|9\n|inactive|Time left: 300 sec this turn | 300 sec total\n|\n|t:|1783563424\n|cant|p2a: Roaring Moon|slp\n|move|p1a: Perrserker|U-turn|p2a: Roaring Moon\n|-supereffective|p2a: Roaring Moon\n|-damage|p2a: Roaring Moon|0 fnt\n|faint|p2a: Roaring Moon\n|-end|p2a: Roaring Moon|Protosynthesis|[silent]\n|inactive|Time left: 300 sec this turn | 300 sec total | 5 sec grace\n|\n|t:|1783563426\n|switch|p1a: Venusaur|Venusaur, L84, F|161/272|[from] U-turn\n|\n|-heal|p1a: Venusaur|178/272|[from] item: Leftovers\n|upkeep\n|\n|t:|1783563426\n|switch|p2a: Ninetales|Ninetales-Alola, L78, M|8/100\n|-weather|Snowscape|[from] ability: Snow Warning|[of] p2a: Ninetales\n|turn|10\n|inactive|Time left: 300 sec this turn | 300 sec total\n|\n|t:|1783563427\n|move|p2a: Ninetales|Aurora Veil|p2a: Ninetales\n|-sidestart|p2: p0y2092d3a9|move: Aurora Veil\n|move|p1a: Venusaur|Leech Seed|p2a: Ninetales\n|-start|p2a: Ninetales|move: Leech Seed\n|\n|-weather|Snowscape|[upkeep]\n|-heal|p1a: Venusaur|195/272|[from] item: Leftovers\n|-damage|p2a: Ninetales|0 fnt|[from] Leech Seed|[of] p1a: Venusaur\n|-heal|p1a: Venusaur|212/272|[silent]\n|faint|p2a: Ninetales\n|upkeep\n|\n|t:|1783563428\n|switch|p2a: Hitmonlee|Hitmonlee, L85, M|100/100\n|turn|11\n|inactive|Time left: 300 sec this turn | 300 sec total\n|\n|t:|1783563429\n|move|p2a: Hitmonlee|Knock Off|p1a: Venusaur\n|-damage|p1a: Venusaur|119/272\n|-enditem|p1a: Venusaur|Leftovers|[from] move: Knock Off|[of] p2a: Hitmonlee\n|move|p1a: Venusaur|Sleep Powder|p2a: Hitmonlee\n|-status|p2a: Hitmonlee|slp|[from] move: Sleep Powder\n|\n|-weather|Snowscape|[upkeep]\n|upkeep\n|turn|12\n|inactive|Time left: 300 sec this turn | 300 sec total\n|\n|t:|1783563430\n|switch|p2a: Suicune|Suicune, L82|100/100\n|-ability|p2a: Suicune|Pressure\n|move|p1a: Venusaur|Leech Seed|p2a: Suicune\n|-start|p2a: Suicune|move: Leech Seed\n|\n|-weather|Snowscape|[upkeep]\n|-damage|p2a: Suicune|88/100|[from] Leech Seed|[of] p1a: Venusaur\n|-heal|p1a: Venusaur|156/272|[silent]\n|upkeep\n|turn|13\n|inactive|Time left: 300 sec this turn | 300 sec total\n|\n|t:|1783563431\n|move|p2a: Suicune|Calm Mind|p2a: Suicune\n|-boost|p2a: Suicune|spa|1\n|-boost|p2a: Suicune|spd|1\n|move|p1a: Venusaur|Leech Seed||[still]\n|-fail|p1a: Venusaur\n|\n|-weather|Snowscape|[upkeep]\n|-heal|p2a: Suicune|94/100|[from] item: Leftovers\n|-damage|p2a: Suicune|82/100|[from] Leech Seed|[of] p1a: Venusaur\n|-heal|p1a: Venusaur|193/272|[silent]\n|upkeep\n|turn|14\n|inactive|Time left: 300 sec this turn | 300 sec total\n|\n|t:|1783563432\n|move|p2a: Suicune|Ice Beam|p1a: Venusaur\n|-supereffective|p1a: Venusaur\n|-damage|p1a: Venusaur|51/272\n|move|p1a: Venusaur|Sludge Bomb|p2a: Suicune\n|-damage|p2a: Suicune|73/100\n|-status|p2a: Suicune|psn\n|\n|-weather|none\n|-heal|p2a: Suicune|79/100 psn|[from] item: Leftovers\n|-damage|p2a: Suicune|67/100 psn|[from] Leech Seed|[of] p1a: Venusaur\n|-heal|p1a: Venusaur|88/272|[silent]\n|-damage|p2a: Suicune|54/100 psn|[from] psn\n|upkeep\n|turn|15\n|inactive|Time left: 300 sec this turn | 300 sec total\n|\n|t:|1783563434\n|switch|p1a: Porygon-Z|Porygon-Z, L83|277/277\n|move|p2a: Suicune|Ice Beam|p1a: Porygon-Z\n|-damage|p1a: Porygon-Z|185/277\n|\n|-heal|p2a: Suicune|60/100 psn|[from] item: Leftovers\n|-damage|p2a: Suicune|48/100 psn|[from] Leech Seed|[of] p1a: Porygon-Z\n|-heal|p1a: Porygon-Z|222/277|[silent]\n|-damage|p2a: Suicune|35/100 psn|[from] psn\n|upkeep\n|turn|16\n|inactive|Time left: 300 sec this turn | 300 sec total\n|\n|t:|1783563435\n|switch|p2a: Hariyama|Hariyama, L87, M|100/100\n|move|p1a: Porygon-Z|Nasty Plot|p1a: Porygon-Z\n|-boost|p1a: Porygon-Z|spa|2\n|\n|upkeep\n|turn|17\n|inactive|Time left: 300 sec this turn | 300 sec total\n|\n|t:|1783563436\n|move|p1a: Porygon-Z|Tera Blast|p2a: Hariyama\n|-crit|p2a: Hariyama\n|-damage|p2a: Hariyama|0 fnt\n|faint|p2a: Hariyama\n|-damage|p1a: Porygon-Z|195/277|[from] item: Life Orb\n|\n|-sideend|p2: p0y2092d3a9|move: Aurora Veil\n|upkeep\n|\n|t:|1783563437\n|switch|p2a: Suicune|Suicune, L82|35/100 psn\n|-ability|p2a: Suicune|Pressure\n|turn|18\n|inactive|Time left: 300 sec this turn | 300 sec total\n|\n|t:|1783563438\n|move|p1a: Porygon-Z|Shadow Ball|p2a: Suicune\n|-damage|p2a: Suicune|0 fnt\n|faint|p2a: Suicune\n|-damage|p1a: Porygon-Z|168/277|[from] item: Life Orb\n|\n|upkeep\n|\n|t:|1783563439\n|switch|p2a: Hitmonlee|Hitmonlee, L85, M|100/100 slp\n|turn|19\n|inactive|Time left: 300 sec this turn | 300 sec total\n|\n|t:|1783563440\n|-terastallize|p1a: Porygon-Z|Fighting\n|cant|p2a: Hitmonlee|slp\n|move|p1a: Porygon-Z|Tera Blast|p2a: Hitmonlee|[anim] Tera Blast Fighting\n|-damage|p2a: Hitmonlee|0 fnt\n|faint|p2a: Hitmonlee\n|-damage|p1a: Porygon-Z|141/277|[from] item: Life Orb\n|\n|upkeep\n|\n|t:|1783563441\n|switch|p2a: Registeel|Registeel, L81|88/100\n|turn|20\n|inactive|Time left: 300 sec this turn | 300 sec total\n|\n|t:|1783563442\n|move|p1a: Porygon-Z|Tera Blast|p2a: Registeel|[anim] Tera Blast Fighting\n|-supereffective|p2a: Registeel\n|-damage|p2a: Registeel|0 fnt\n|faint|p2a: Registeel\n|-damage|p1a: Porygon-Z|114/277|[from] item: Life Orb\n|\n|win|p0x209257be", "uploadtime": 1783563442, "views": 0, "rating": 0, "private": 0, "password": null, "_winner": "p0x209257be", "_our_name": "p0x209257be"}