{"id": "battle-gen9randombattle-115", "formatid": "gen9randombattle", "format": "[Gen 9] Random Battle", "players": ["p0x1156710", "p0y115fb28"], "log": "|init|battle\n|title|p0x1156710 vs. p0y115fb28\n|j|\u2606p0x1156710\n|j|\u2606p0y115fb28\n|t:|1783540812\n|gametype|singles\n|player|p1|p0x1156710|169|\n|player|p2|p0y115fb28|1|\n|gen|9\n|tier|[Gen 9] Random Battle\n|rule|Species Clause: Limit one of each Pok\u00e9mon\n|rule|HP Percentage Mod: HP is shown in percentages\n|rule|Sleep Clause Mod: Limit one foe put to sleep\n|rule|Illusion Level Mod: Illusion disguises the Pok\u00e9mon's true level\n|\n|t:|1783540812\n|teamsize|p1|6\n|teamsize|p2|6\n|start\n|switch|p1a: Chansey|Chansey, L85, F|100/100\n|switch|p2a: Exeggutor|Exeggutor-Alola, L89, F|314/314\n|turn|1\n|inactive|Battle timer is ON: inactive players will automatically lose when time's up. (requested by p0x1156710)\n|inactive|Time left: 300 sec this turn | 300 sec total | 60 sec grace\n|\n|t:|1783540814\n|move|p1a: Chansey|Stealth Rock|p2a: Exeggutor\n|-sidestart|p2: p0y115fb28|move: Stealth Rock\n|move|p2a: Exeggutor|Dragon Tail|p1a: Chansey\n|-damage|p1a: Chansey|68/100\n|drag|p1a: Sylveon|Sylveon, L85, M|100/100\n|\n|upkeep\n|turn|2\n|inactive|Time left: 300 sec this turn | 300 sec total\n|inactive|p0y115fb28 also wants the timer to be on.\n|\n|t:|1783540815\n|switch|p2a: Gastrodon|Gastrodon-East, L86, F|331/331\n|-damage|p2a: Gastrodon|311/331|[from] Stealth Rock\n|move|p1a: Sylveon|Hyper Voice|p2a: Gastrodon\n|-damage|p2a: Gastrodon|185/331\n|\n|-heal|p2a: Gastrodon|205/331|[from] item: Leftovers\n|upkeep\n|turn|3\n|inactive|Time left: 300 sec this turn | 300 sec total\n|\n|t:|1783540816\n|move|p1a: Sylveon|Calm Mind|p1a: Sylveon\n|-boost|p1a: Sylveon|spa|1\n|-boost|p1a: Sylveon|spd|1\n|move|p2a: Gastrodon|Sludge Bomb|p1a: Sylveon\n|-supereffective|p1a: Sylveon\n|-damage|p1a: Sylveon|79/100\n|-status|p1a: Sylveon|psn\n|\n|-heal|p1a: Sylveon|85/100 psn|[from] item: Leftovers\n|-heal|p2a: Gastrodon|225/331|[from] item: Leftovers\n|-damage|p1a: Sylveon|73/100 psn|[from] psn\n|upkeep\n|turn|4\n|inactive|Time left: 300 sec this turn | 300 sec total\n|\n|t:|1783540817\n|move|p1a: Sylveon|Hyper Voice|p2a: Gastrodon\n|-damage|p2a: Gastrodon|15/331\n|move|p2a: Gastrodon|Earthquake|p1a: Sylveon\n|-damage|p1a: Sylveon|31/100 psn\n|\n|-heal|p1a: Sylveon|37/100 psn|[from] item: Leftovers\n|-heal|p2a: Gastrodon|35/331|[from] item: Leftovers\n|-damage|p1a: Sylveon|25/100 psn|[from] psn\n|upkeep\n|turn|5\n|inactive|Time left: 300 sec this turn | 300 sec total\n|\n|t:|1783540819\n|move|p1a: Sylveon|Hyper Voice|p2a: Gastrodon\n|-damage|p2a: Gastrodon|0 fnt\n|faint|p2a: Gastrodon\n|\n|-heal|p1a: Sylveon|31/100 psn|[from] item: Leftovers\n|-damage|p1a: Sylveon|19/100 psn|[from] psn\n|upkeep\n|inactive|Time left: 300 sec this turn | 300 sec total | 5 sec grace\n|\n|t:|1783540820\n|switch|p2a: Floatzel|Floatzel, L86, F|286/286\n|-damage|p2a: Floatzel|251/286|[from] Stealth Rock\n|turn|6\n|inactive|Time left: 300 sec this turn | 300 sec total\n|\n|t:|1783540821\n|move|p2a: Floatzel|Wave Crash|p1a: Sylveon\n|-damage|p1a: Sylveon|0 fnt\n|faint|p1a: Sylveon\n|-damage|p2a: Floatzel|233/286|[from] Recoil\n|\n|upkeep\n|\n|t:|1783540822\n|switch|p1a: Zebstrika|Zebstrika, L87, M|100/100\n|turn|7\n|inactive|Time left: 300 sec this turn | 300 sec total\n|\n|t:|1783540823\n|switch|p2a: Exeggutor|Exeggutor-Alola, L89, F|314/314\n|-damage|p2a: Exeggutor|275/314|[from] Stealth Rock\n|move|p1a: Zebstrika|Volt Switch|p2a: Exeggutor\n|-resisted|p2a: Exeggutor\n|-damage|p2a: Exeggutor|250/314\n|-damage|p1a: Zebstrika|91/100|[from] item: Life Orb\n|\n|t:|1783540824\n|switch|p1a: Ambipom|Ambipom, L84, M|100/100|[from] Volt Switch\n|\n|upkeep\n|turn|8\n|inactive|Time left: 300 sec this turn | 300 sec total\n|\n|t:|1783540825\n|move|p1a: Ambipom|Triple Axel|p2a: Exeggutor\n|-supereffective|p2a: Exeggutor\n|-damage|p2a: Exeggutor|114/314\n|-enditem|p2a: Exeggutor|Sitrus Berry|[eat]\n|-heal|p2a: Exeggutor|192/314|[from] item: Sitrus Berry\n|-supereffective|p2a: Exeggutor\n|-damage|p2a: Exeggutor|0 fnt\n|faint|p2a: Exeggutor\n|-hitcount|p2: Exeggutor|2\n|\n|upkeep\n|inactive|Time left: 300 sec this turn | 300 sec total | 5 sec grace\n|\n|t:|1783540826\n|switch|p2a: Floatzel|Floatzel, L86, F|233/286\n|-damage|p2a: Floatzel|198/286|[from] Stealth Rock\n|turn|9\n|inactive|Time left: 300 sec this turn | 300 sec total\n|\n|t:|1783540827\n|move|p2a: Floatzel|Wave Crash|p1a: Ambipom\n|-damage|p1a: Ambipom|1/100\n|-damage|p2a: Floatzel|112/286|[from] Recoil\n|move|p1a: Ambipom|Triple Axel|p2a: Floatzel\n|-resisted|p2a: Floatzel\n|-damage|p2a: Floatzel|91/286\n|-resisted|p2a: Floatzel\n|-damage|p2a: Floatzel|44/286\n|-resisted|p2a: Floatzel\n|-damage|p2a: Floatzel|0 fnt\n|faint|p2a: Floatzel\n|-hitcount|p2: Floatzel|3\n|\n|upkeep\n|inactive|Time left: 300 sec this turn | 300 sec total | 5 sec grace\n|\n|t:|1783540828\n|switch|p2a: Snorlax|Snorlax, L82, F|397/397\n|-damage|p2a: Snorlax|348/397|[from] Stealth Rock\n|turn|10\n|inactive|Time left: 300 sec this turn | 300 sec total\n|\n|t:|1783540829\n|move|p1a: Ambipom|Triple Axel|p2a: Snorlax\n|-damage|p2a: Snorlax|327/397\n|-damage|p2a: Snorlax|282/397\n|-damage|p2a: Snorlax|220/397\n|-hitcount|p2a: Snorlax|3\n|move|p2a: Snorlax|Body Slam|p1a: Ambipom\n|-damage|p1a: Ambipom|0 fnt\n|faint|p1a: Ambipom\n|\n|-heal|p2a: Snorlax|244/397|[from] item: Leftovers\n|upkeep\n|\n|t:|1783540830\n|switch|p1a: Terrakion|Terrakion, L79|100/100\n|turn|11\n|inactive|Time left: 300 sec this turn | 300 sec total\n|\n|t:|1783540831\n|switch|p2a: Leafeon|Leafeon, L88, M|258/258\n|-damage|p2a: Leafeon|226/258|[from] Stealth Rock\n|move|p1a: Terrakion|Close Combat|p2a: Leafeon\n|-damage|p2a: Leafeon|72/258\n|-unboost|p1a: Terrakion|def|1\n|-unboost|p1a: Terrakion|spd|1\n|\n|-heal|p2a: Leafeon|88/258|[from] item: Leftovers\n|upkeep\n|turn|12\n|inactive|Time left: 300 sec this turn | 300 sec total\n|\n|t:|1783540831\n|switch|p1a: Zebstrika|Zebstrika, L87, M|91/100\n|move|p2a: Leafeon|Leaf Blade|p1a: Zebstrika\n|-ability|p1a: Zebstrika|Sap Sipper|boost\n|-boost|p1a: Zebstrika|atk|1\n|\n|-heal|p2a: Leafeon|104/258|[from] item: Leftovers\n|upkeep\n|turn|13\n|inactive|Time left: 300 sec this turn | 300 sec total\n|\n|t:|1783540832\n|move|p1a: Zebstrika|Supercell Slam|p2a: Leafeon\n|-resisted|p2a: Leafeon\n|-crit|p2a: Leafeon\n|-damage|p2a: Leafeon|0 fnt\n|faint|p2a: Leafeon\n|-damage|p1a: Zebstrika|81/100|[from] item: Life Orb\n|\n|upkeep\n|inactive|Time left: 300 sec this turn | 300 sec total | 5 sec grace\n|\n|t:|1783540833\n|switch|p2a: Terapagos|Terapagos, L77, F|265/265\n|-activate|p2a: Terapagos|ability: Tera Shift\n|detailschange|p2a: Terapagos|Terapagos-Terastal, L77, F\n|-heal|p2a: Terapagos|273/273|[silent]\n|-damage|p2a: Terapagos|239/273|[from] Stealth Rock\n|turn|14\n|inactive|Time left: 300 sec this turn | 300 sec total\n|\n|t:|1783540834\n|switch|p1a: Terrakion|Terrakion, L79|100/100\n|move|p2a: Terapagos|Rest|p2a: Terapagos\n|-status|p2a: Terapagos|slp|[from] move: Rest\n|-heal|p2a: Terapagos|273/273 slp|[silent]\n|-enditem|p2a: Terapagos|Chesto Berry|[eat]\n|-curestatus|p2a: Terapagos|slp|[msg]\n|\n|upkeep\n|turn|15\n|inactive|Time left: 300 sec this turn | 300 sec total\n|\n|t:|1783540836\n|move|p1a: Terrakion|Close Combat|p2a: Terapagos\n|-activate|p2a: Terapagos|ability: Tera Shell\n|-resisted|p2a: Terapagos\n|-damage|p2a: Terapagos|183/273\n|-unboost|p1a: Terrakion|def|1\n|-unboost|p1a: Terrakion|spd|1\n|move|p2a: Terapagos|Calm Mind|p2a: Terapagos\n|-boost|p2a: Terapagos|spa|1\n|-boost|p2a: Terapagos|spd|1\n|\n|upkeep\n|turn|16\n|inactive|Time left: 300 sec this turn | 300 sec total\n|\n|t:|1783540837\n|move|p1a: Terrakion|Close Combat|p2a: Terapagos\n|-supereffective|p2a: Terapagos\n|-damage|p2a: Terapagos|0 fnt\n|-unboost|p1a: Terrakion|def|1\n|-unboost|p1a: Terrakion|spd|1\n|faint|p2a: Terapagos\n|\n|upkeep\n|inactive|Time left: 300 sec this turn | 300 sec total | 5 sec grace\n|\n|t:|1783540838\n|switch|p2a: Snorlax|Snorlax, L82, F|244/397\n|-damage|p2a: Snorlax|195/397|[from] Stealth Rock\n|turn|17\n|inactive|Time left: 300 sec this turn | 300 sec total\n|\n|t:|1783540839\n|-terastallize|p2a: Snorlax|Poison\n|move|p1a: Terrakion|Close Combat|p2a: Snorlax\n|-resisted|p2a: Snorlax\n|-damage|p2a: Snorlax|72/397\n|-unboost|p1a: Terrakion|def|1\n|-unboost|p1a: Terrakion|spd|1\n|move|p2a: Snorlax|Rest|p2a: Snorlax\n|-status|p2a: Snorlax|slp|[from] move: Rest\n|-heal|p2a: Snorlax|397/397 slp|[silent]\n|\n|upkeep\n|turn|18\n|inactive|Time left: 300 sec this turn | 300 sec total\n|\n|t:|1783540840\n|switch|p1a: Zebstrika|Zebstrika, L87, M|81/100\n|cant|p2a: Snorlax|slp\n|move|p2a: Snorlax|Sleep Talk|p2a: Snorlax\n|move|p2a: Snorlax|Curse|p2a: Snorlax|[from] move: Sleep Talk\n|-unboost|p2a: Snorlax|spe|1\n|-boost|p2a: Snorlax|atk|1\n|-boost|p2a: Snorlax|def|1\n|\n|upkeep\n|turn|19\n|inactive|Time left: 300 sec this turn | 300 sec total\n|\n|t:|1783540841\n|-terastallize|p1a: Zebstrika|Ground\n|move|p1a: Zebstrika|High Horsepower|p2a: Snorlax\n|-supereffective|p2a: Snorlax\n|-damage|p2a: Snorlax|145/397 slp\n|-damage|p1a: Zebstrika|71/100|[from] item: Life Orb\n|cant|p2a: Snorlax|slp\n|move|p2a: Snorlax|Sleep Talk|p2a: Snorlax\n|move|p2a: Snorlax|Curse|p2a: Snorlax|[from] move: Sleep Talk\n|-unboost|p2a: Snorlax|spe|1\n|-boost|p2a: Snorlax|atk|1\n|-boost|p2a: Snorlax|def|1\n|\n|-heal|p2a: Snorlax|169/397 slp|[from] item: Leftovers\n|upkeep\n|turn|20\n|inactive|Time left: 300 sec this turn | 300 sec total\n|\n|t:|1783540842\n|move|p1a: Zebstrika|High Horsepower|p2a: Snorlax\n|-supereffective|p2a: Snorlax\n|-damage|p2a: Snorlax|0 fnt\n|faint|p2a: Snorlax\n|-damage|p1a: Zebstrika|61/100|[from] item: Life Orb\n|\n|win|p0x1156710", "uploadtime": 1783540842, "views": 0, "rating": 0, "private": 0, "password": null, "_winner": "p0x1156710", "_our_name": "p0y115fb28"}