{"id": "battle-gen9randombattle-714", "formatid": "gen9randombattle", "format": "[Gen 9] Random Battle", "players": ["p0x7144ff8", "p0y7149092"], "log": "|init|battle\n|title|p0x7144ff8 vs. p0y7149092\n|j|\u2606p0x7144ff8\n|j|\u2606p0y7149092\n|t:|1783547397\n|gametype|singles\n|player|p1|p0x7144ff8|266|\n|player|p2|p0y7149092|169|\n|gen|9\n|tier|[Gen 9] Random Battle\n|rule|Species Clause: Limit one of each Pok\u00e9mon\n|rule|HP Percentage Mod: HP is shown in percentages\n|rule|Sleep Clause Mod: Limit one foe put to sleep\n|rule|Illusion Level Mod: Illusion disguises the Pok\u00e9mon's true level\n|\n|t:|1783547397\n|teamsize|p1|6\n|teamsize|p2|6\n|start\n|switch|p1a: Morpeko|Morpeko, L88, F|245/245\n|switch|p2a: Ceruledge|Ceruledge, L78, F|100/100\n|turn|1\n|inactive|Battle timer is ON: inactive players will automatically lose when time's up. (requested by p0y7149092)\n|inactive|Time left: 300 sec this turn | 300 sec total | 60 sec grace\n|\n|t:|1783547399\n|switch|p2a: Tinkaton|Tinkaton, L82, F|100/100\n|-ability|p2a: Tinkaton|Mold Breaker\n|move|p1a: Morpeko|Parting Shot|p2a: Tinkaton\n|-unboost|p2a: Tinkaton|atk|1\n|-unboost|p2a: Tinkaton|spa|1\n|inactive|Time left: 300 sec this turn | 300 sec total | 65 sec grace\n|inactive|p0x7144ff8 also wants the timer to be on.\n|\n|t:|1783547400\n|switch|p1a: Bellossom|Bellossom, L84, F|263/263|[from] Parting Shot\n|\n|upkeep\n|turn|2\n|inactive|Time left: 300 sec this turn | 300 sec total\n|\n|t:|1783547402\n|switch|p2a: Tentacruel|Tentacruel, L84, F|100/100\n|move|p1a: Bellossom|Quiver Dance|p1a: Bellossom\n|-boost|p1a: Bellossom|spa|1\n|-boost|p1a: Bellossom|spd|1\n|-boost|p1a: Bellossom|spe|1\n|\n|upkeep\n|turn|3\n|inactive|Time left: 300 sec this turn | 300 sec total\n|\n|t:|1783547403\n|move|p2a: Tentacruel|Sludge Bomb|p1a: Bellossom\n|-supereffective|p1a: Bellossom\n|-damage|p1a: Bellossom|167/263\n|move|p1a: Bellossom|Quiver Dance|p1a: Bellossom\n|-boost|p1a: Bellossom|spa|1\n|-boost|p1a: Bellossom|spd|1\n|-boost|p1a: Bellossom|spe|1\n|\n|-heal|p1a: Bellossom|183/263|[from] item: Leftovers\n|upkeep\n|turn|4\n|inactive|Time left: 300 sec this turn | 300 sec total\n|\n|t:|1783547404\n|move|p1a: Bellossom|Quiver Dance|p1a: Bellossom\n|-boost|p1a: Bellossom|spa|1\n|-boost|p1a: Bellossom|spd|1\n|-boost|p1a: Bellossom|spe|1\n|move|p2a: Tentacruel|Toxic|p1a: Bellossom\n|-status|p1a: Bellossom|tox\n|\n|-heal|p1a: Bellossom|199/263 tox|[from] item: Leftovers\n|-damage|p1a: Bellossom|183/263 tox|[from] psn\n|upkeep\n|turn|5\n|inactive|Time left: 300 sec this turn | 300 sec total\n|\n|t:|1783547405\n|move|p1a: Bellossom|Quiver Dance|p1a: Bellossom\n|-boost|p1a: Bellossom|spa|1\n|-boost|p1a: Bellossom|spd|1\n|-boost|p1a: Bellossom|spe|1\n|move|p2a: Tentacruel|Sludge Bomb|p1a: Bellossom\n|-supereffective|p1a: Bellossom\n|-damage|p1a: Bellossom|135/263 tox\n|\n|-heal|p1a: Bellossom|151/263 tox|[from] item: Leftovers\n|-damage|p1a: Bellossom|119/263 tox|[from] psn\n|upkeep\n|turn|6\n|inactive|Time left: 300 sec this turn | 300 sec total\n|\n|t:|1783547406\n|move|p1a: Bellossom|Sludge Bomb|p2a: Tentacruel\n|-resisted|p2a: Tentacruel\n|-damage|p2a: Tentacruel|75/100\n|move|p2a: Tentacruel|Rapid Spin|p1a: Bellossom\n|-damage|p1a: Bellossom|91/263 tox\n|-boost|p2a: Tentacruel|spe|1\n|\n|-heal|p1a: Bellossom|107/263 tox|[from] item: Leftovers\n|-heal|p2a: Tentacruel|82/100|[from] item: Leftovers\n|-damage|p1a: Bellossom|59/263 tox|[from] psn\n|upkeep\n|turn|7\n|inactive|Time left: 300 sec this turn | 300 sec total\n|\n|t:|1783547407\n|move|p1a: Bellossom|Giga Drain|p2a: Tentacruel\n|-damage|p2a: Tentacruel|14/100\n|-damage|p1a: Bellossom|0 fnt|[from] ability: Liquid Ooze|[of] p2a: Tentacruel\n|faint|p1a: Bellossom\n|move|p2a: Tentacruel|Sludge Bomb|p1: Bellossom|[notarget]\n|-fail|p2a: Tentacruel\n|\n|-heal|p2a: Tentacruel|20/100|[from] item: Leftovers\n|upkeep\n|inactive|Time left: 300 sec this turn | 300 sec total | 5 sec grace\n|\n|t:|1783547408\n|switch|p1a: Morpeko|Morpeko, L88, F|245/245\n|turn|8\n|inactive|Time left: 300 sec this turn | 300 sec total\n|\n|t:|1783547409\n|move|p2a: Tentacruel|Sludge Bomb|p1a: Morpeko\n|-damage|p1a: Morpeko|148/245\n|move|p1a: Morpeko|Aura Wheel|p2a: Tentacruel\n|-supereffective|p2a: Tentacruel\n|-damage|p2a: Tentacruel|0 fnt\n|-boost|p1a: Morpeko|spe|1\n|faint|p2a: Tentacruel\n|\n|-formechange|p1a: Morpeko|Morpeko-Hangry||[from] ability: Hunger Switch\n|upkeep\n|\n|t:|1783547410\n|switch|p2a: Tinkaton|Tinkaton, L82, F|100/100\n|-ability|p2a: Tinkaton|Mold Breaker\n|turn|9\n|inactive|Time left: 300 sec this turn | 300 sec total\n|\n|t:|1783547411\n|move|p1a: Morpeko|Aura Wheel|p2a: Tinkaton\n|-resisted|p2a: Tinkaton\n|-damage|p2a: Tinkaton|74/100\n|-boost|p1a: Morpeko|spe|1\n|move|p2a: Tinkaton|Swords Dance|p2a: Tinkaton\n|-boost|p2a: Tinkaton|atk|2\n|\n|-heal|p2a: Tinkaton|80/100|[from] item: Leftovers\n|-formechange|p1a: Morpeko|Morpeko||[from] ability: Hunger Switch\n|upkeep\n|turn|10\n|inactive|Time left: 300 sec this turn | 300 sec total\n|\n|t:|1783547412\n|move|p1a: Morpeko|Parting Shot|p2a: Tinkaton\n|-unboost|p2a: Tinkaton|atk|1\n|-unboost|p2a: Tinkaton|spa|1\n|inactive|Time left: 300 sec this turn | 300 sec total | 5 sec grace\n|\n|t:|1783547413\n|switch|p1a: Quagsire|Quagsire, L84, F|297/297|[from] Parting Shot\n|move|p2a: Tinkaton|Gigaton Hammer|p1a: Quagsire\n|-resisted|p1a: Quagsire\n|-damage|p1a: Quagsire|203/297\n|\n|-heal|p2a: Tinkaton|87/100|[from] item: Leftovers\n|-heal|p1a: Quagsire|221/297|[from] item: Leftovers\n|upkeep\n|turn|11\n|inactive|Time left: 300 sec this turn | 300 sec total\n|\n|t:|1783547414\n|move|p2a: Tinkaton|Knock Off|p1a: Quagsire\n|-damage|p1a: Quagsire|133/297\n|-enditem|p1a: Quagsire|Leftovers|[from] move: Knock Off|[of] p2a: Tinkaton\n|move|p1a: Quagsire|Earthquake|p2a: Tinkaton\n|-supereffective|p2a: Tinkaton\n|-damage|p2a: Tinkaton|0 fnt\n|faint|p2a: Tinkaton\n|\n|upkeep\n|\n|t:|1783547414\n|switch|p2a: Frosmoth|Frosmoth, L82, M, shiny|100/100\n|turn|12\n|inactive|Time left: 300 sec this turn | 300 sec total\n|\n|t:|1783547415\n|-terastallize|p1a: Quagsire|Steel\n|move|p2a: Frosmoth|Quiver Dance|p2a: Frosmoth\n|-boost|p2a: Frosmoth|spa|1\n|-boost|p2a: Frosmoth|spd|1\n|-boost|p2a: Frosmoth|spe|1\n|move|p1a: Quagsire|Recover|p1a: Quagsire\n|-heal|p1a: Quagsire|282/297\n|\n|upkeep\n|turn|13\n|inactive|Time left: 300 sec this turn | 300 sec total\n|\n|t:|1783547416\n|move|p2a: Frosmoth|Quiver Dance|p2a: Frosmoth\n|-boost|p2a: Frosmoth|spa|1\n|-boost|p2a: Frosmoth|spd|1\n|-boost|p2a: Frosmoth|spe|1\n|move|p1a: Quagsire|Toxic|p2a: Frosmoth\n|-status|p2a: Frosmoth|tox\n|\n|-damage|p2a: Frosmoth|94/100 tox|[from] psn\n|upkeep\n|turn|14\n|inactive|Time left: 300 sec this turn | 300 sec total\n|\n|t:|1783547417\n|move|p2a: Frosmoth|Hurricane|p1a: Quagsire\n|-resisted|p1a: Quagsire\n|-damage|p1a: Quagsire|225/297\n|move|p1a: Quagsire|Earthquake|p2a: Frosmoth\n|-resisted|p2a: Frosmoth\n|-damage|p2a: Frosmoth|67/100 tox\n|\n|-damage|p2a: Frosmoth|55/100 tox|[from] psn\n|upkeep\n|turn|15\n|inactive|Time left: 300 sec this turn | 300 sec total\n|\n|t:|1783547418\n|move|p2a: Frosmoth|Ice Beam|p1a: Quagsire\n|-resisted|p1a: Quagsire\n|-damage|p1a: Quagsire|159/297\n|move|p1a: Quagsire|Earthquake|p2a: Frosmoth\n|-resisted|p2a: Frosmoth\n|-damage|p2a: Frosmoth|28/100 tox\n|\n|-damage|p2a: Frosmoth|10/100 tox|[from] psn\n|upkeep\n|turn|16\n|inactive|Time left: 300 sec this turn | 300 sec total\n|\n|t:|1783547419\n|move|p2a: Frosmoth|Ice Beam|p1a: Quagsire\n|-resisted|p1a: Quagsire\n|-damage|p1a: Quagsire|93/297\n|-status|p1a: Quagsire|frz\n|-curestatus|p1a: Quagsire|frz|[msg]\n|move|p1a: Quagsire|Recover|p1a: Quagsire\n|-heal|p1a: Quagsire|242/297\n|\n|-damage|p2a: Frosmoth|0 fnt|[from] psn\n|faint|p2a: Frosmoth\n|upkeep\n|\n|t:|1783547419\n|switch|p2a: Azelf|Azelf, L82|100/100\n|turn|17\n|inactive|Time left: 300 sec this turn | 300 sec total\n|\n|t:|1783547420\n|switch|p1a: Florges|Florges-White, L85, F|271/271\n|move|p2a: Azelf|Fire Blast|p1a: Florges\n|-damage|p1a: Florges|203/271\n|-damage|p2a: Azelf|91/100|[from] item: Life Orb\n|\n|-heal|p1a: Florges|219/271|[from] item: Leftovers\n|upkeep\n|turn|18\n|inactive|Time left: 300 sec this turn | 300 sec total\n|\n|t:|1783547422\n|switch|p2a: Ceruledge|Ceruledge, L78, F|100/100\n|move|p1a: Florges|Moonblast|p2a: Ceruledge\n|-resisted|p2a: Ceruledge\n|-damage|p2a: Ceruledge|78/100\n|\n|-heal|p1a: Florges|235/271|[from] item: Leftovers\n|upkeep\n|turn|19\n|inactive|Time left: 300 sec this turn | 300 sec total\n|\n|t:|1783547423\n|switch|p1a: Morpeko|Morpeko, L88, F|148/245\n|move|p2a: Ceruledge|Bitter Blade|p1a: Morpeko\n|-damage|p1a: Morpeko|22/245\n|-heal|p2a: Ceruledge|100/100|[from] drain|[of] p1a: Morpeko\n|\n|-formechange|p1a: Morpeko|Morpeko-Hangry||[from] ability: Hunger Switch\n|upkeep\n|turn|20\n|inactive|Time left: 300 sec this turn | 300 sec total\n|\n|t:|1783547424\n|move|p2a: Ceruledge|Shadow Sneak|p1a: Morpeko\n|-resisted|p1a: Morpeko\n|-damage|p1a: Morpeko|0 fnt\n|faint|p1a: Morpeko\n|\n|upkeep\n|inactive|Time left: 300 sec this turn | 300 sec total | 5 sec grace\n|\n|t:|1783547425\n|switch|p1a: Florges|Florges-White, L85, F|235/235\n|turn|21\n|inactive|Time left: 300 sec this turn | 300 sec total\n|\n|t:|1783547426\n|move|p1a: Florges|Dark Pulse|p2a: Ceruledge\n|-supereffective|p2a: Ceruledge\n|-damage|p2a: Ceruledge|0 fnt\n|faint|p2a: Ceruledge\n|-damage|p1a: Florges|212/235|[from] item: Life Orb\n|\n|upkeep\n|\n|t:|1783547427\n|switch|p2a: Oricorio|Oricorio-Sensu, L85, F|100/100\n|turn|22\n|inactive|Time left: 300 sec this turn | 300 sec total\n|\n|t:|1783547428\n|-terastallize|p2a: Oricorio|Fighting\n|move|p1a: Florges|Dark Pulse|p2a: Oricorio\n|-resisted|p2a: Oricorio\n|-damage|p2a: Oricorio|74/100\n|-damage|p1a: Florges|189/235|[from] item: Life Orb\n|move|p2a: Oricorio|Quiver Dance|p2a: Oricorio\n|-boost|p2a: Oricorio|spa|1\n|-boost|p2a: Oricorio|spd|1\n|-boost|p2a: Oricorio|spe|1\n|\n|upkeep\n|turn|23\n|inactive|Time left: 300 sec this turn | 300 sec total\n|\n|t:|1783547429\n|switch|p1a: Florges|Florges-White, L85, F|235/271\n|move|p2a: Oricorio|Quiver Dance|p2a: Oricorio\n|-boost|p2a: Oricorio|spa|1\n|-boost|p2a: Oricorio|spd|1\n|-boost|p2a: Oricorio|spe|1\n|\n|-heal|p1a: Florges|251/271|[from] item: Leftovers\n|upkeep\n|turn|24\n|inactive|Time left: 300 sec this turn | 300 sec total\n|\n|t:|1783547430\n|move|p2a: Oricorio|Quiver Dance|p2a: Oricorio\n|-boost|p2a: Oricorio|spa|1\n|-boost|p2a: Oricorio|spd|1\n|-boost|p2a: Oricorio|spe|1\n|move|p1a: Florges|Moonblast|p2a: Oricorio\n|-supereffective|p2a: Oricorio\n|-damage|p2a: Oricorio|35/100\n|\n|-heal|p1a: Florges|267/271|[from] item: Leftovers\n|upkeep\n|turn|25\n|inactive|Time left: 300 sec this turn | 300 sec total\n|\n|t:|1783547432\n|move|p2a: Oricorio|Roost|p2a: Oricorio\n|-heal|p2a: Oricorio|85/100\n|move|p1a: Florges|Moonblast|p2a: Oricorio\n|-supereffective|p2a: Oricorio\n|-damage|p2a: Oricorio|41/100\n|\n|-heal|p1a: Florges|271/271|[from] item: Leftovers\n|upkeep\n|turn|26\n|inactive|Time left: 300 sec this turn | 300 sec total\n|\n|t:|1783547433\n|move|p2a: Oricorio|Roost|p2a: Oricorio\n|-heal|p2a: Oricorio|91/100\n|move|p1a: Florges|Moonblast|p2a: Oricorio\n|-supereffective|p2a: Oricorio\n|-damage|p2a: Oricorio|48/100\n|-unboost|p2a: Oricorio|spa|1\n|\n|upkeep\n|turn|27\n|inactive|Time left: 300 sec this turn | 300 sec total\n|\n|t:|1783547434\n|move|p2a: Oricorio|Roost|p2a: Oricorio\n|-heal|p2a: Oricorio|98/100\n|move|p1a: Florges|Calm Mind|p1a: Florges\n|-boost|p1a: Florges|spa|1\n|-boost|p1a: Florges|spd|1\n|\n|upkeep\n|turn|28\n|inactive|Time left: 300 sec this turn | 300 sec total\n|\n|t:|1783547435\n|move|p2a: Oricorio|Quiver Dance|p2a: Oricorio\n|-boost|p2a: Oricorio|spa|1\n|-boost|p2a: Oricorio|spd|1\n|-boost|p2a: Oricorio|spe|1\n|move|p1a: Florges|Moonblast|p2a: Oricorio\n|-supereffective|p2a: Oricorio\n|-damage|p2a: Oricorio|44/100\n|-unboost|p2a: Oricorio|spa|1\n|\n|upkeep\n|turn|29\n|inactive|Time left: 300 sec this turn | 300 sec total\n|\n|t:|1783547436\n|move|p2a: Oricorio|Roost|p2a: Oricorio\n|-heal|p2a: Oricorio|94/100\n|move|p1a: Florges|Moonblast|p2a: Oricorio\n|-supereffective|p2a: Oricorio\n|-damage|p2a: Oricorio|46/100\n|\n|upkeep\n|turn|30\n|inactive|Time left: 300 sec this turn | 300 sec total\n|\n|t:|1783547437\n|move|p2a: Oricorio|Roost|p2a: Oricorio\n|-heal|p2a: Oricorio|96/100\n|move|p1a: Florges|Moonblast|p2a: Oricorio\n|-supereffective|p2a: Oricorio\n|-damage|p2a: Oricorio|45/100\n|\n|upkeep\n|turn|31\n|inactive|Time left: 300 sec this turn | 300 sec total\n|\n|t:|1783547438\n|move|p2a: Oricorio|Roost|p2a: Oricorio\n|-heal|p2a: Oricorio|95/100\n|move|p1a: Florges|Moonblast|p2a: Oricorio\n|-supereffective|p2a: Oricorio\n|-damage|p2a: Oricorio|46/100\n|\n|upkeep\n|turn|32\n|inactive|Time left: 300 sec this turn | 300 sec total\n|\n|t:|1783547440\n|move|p2a: Oricorio|Roost|p2a: Oricorio\n|-heal|p2a: Oricorio|96/100\n|move|p1a: Florges|Moonblast|p2a: Oricorio\n|-supereffective|p2a: Oricorio\n|-damage|p2a: Oricorio|47/100\n|\n|upkeep\n|turn|33\n|inactive|Time left: 300 sec this turn | 300 sec total\n|\n|t:|1783547441\n|move|p2a: Oricorio|Roost|p2a: Oricorio\n|-heal|p2a: Oricorio|97/100\n|move|p1a: Florges|Moonblast|p2a: Oricorio\n|-supereffective|p2a: Oricorio\n|-damage|p2a: Oricorio|48/100\n|\n|upkeep\n|turn|34\n|inactive|Time left: 300 sec this turn | 300 sec total\n|\n|t:|1783547442\n|move|p2a: Oricorio|Quiver Dance|p2a: Oricorio\n|-boost|p2a: Oricorio|spa|1\n|-boost|p2a: Oricorio|spd|1\n|-boost|p2a: Oricorio|spe|1\n|move|p1a: Florges|Moonblast|p2a: Oricorio\n|-supereffective|p2a: Oricorio\n|-damage|p2a: Oricorio|5/100\n|\n|upkeep\n|turn|35\n|inactive|Time left: 300 sec this turn | 300 sec total\n|\n|t:|1783547443\n|move|p2a: Oricorio|Hurricane|p1a: Florges\n|-damage|p1a: Florges|133/271\n|move|p1a: Florges|Moonblast|p2a: Oricorio\n|-supereffective|p2a: Oricorio\n|-damage|p2a: Oricorio|0 fnt\n|faint|p2a: Oricorio\n|\n|-heal|p1a: Florges|149/271|[from] item: Leftovers\n|upkeep\n|\n|t:|1783547444\n|switch|p2a: Azelf|Azelf, L82|91/100\n|turn|36\n|inactive|Time left: 300 sec this turn | 300 sec total\n|\n|t:|1783547445\n|move|p2a: Azelf|Psychic|p1a: Florges\n|-damage|p1a: Florges|87/271\n|-unboost|p1a: Florges|spd|1\n|-damage|p2a: Azelf|81/100|[from] item: Life Orb\n|move|p1a: Florges|Moonblast|p2a: Azelf\n|-damage|p2a: Azelf|0 fnt\n|faint|p2a: Azelf\n|\n|win|p0x7144ff8", "uploadtime": 1783547445, "views": 0, "rating": 0, "private": 0, "password": null, "_winner": "p0x7144ff8", "_our_name": "p0x7144ff8"}