{"id": "battle-gen9randombattle-1907", "formatid": "gen9randombattle", "format": "[Gen 9] Random Battle", "players": ["p0x190761b4", "p0y1907f771"], "log": "|init|battle\n|title|p0x190761b4 vs. p0y1907f771\n|j|\u2606p0x190761b4\n|j|\u2606p0y1907f771\n|t:|1783562066\n|gametype|singles\n|player|p1|p0x190761b4|1|\n|player|p2|p0y1907f771|265|\n|gen|9\n|tier|[Gen 9] Random Battle\n|rule|Species Clause: Limit one of each Pok\u00e9mon\n|rule|HP Percentage Mod: HP is shown in percentages\n|rule|Sleep Clause Mod: Limit one foe put to sleep\n|rule|Illusion Level Mod: Illusion disguises the Pok\u00e9mon's true level\n|\n|t:|1783562066\n|teamsize|p1|6\n|teamsize|p2|6\n|start\n|switch|p1a: Regice|Regice, L88|284/284\n|switch|p2a: Probopass|Probopass, L91, F|100/100\n|turn|1\n|inactive|Battle timer is ON: inactive players will automatically lose when time's up. (requested by p0x190761b4)\n|\n|t:|1783562067\n|move|p1a: Regice|Body Press|p2a: Probopass\n|-supereffective|p2a: Probopass\n|-damage|p2a: Probopass|38/100\n|move|p2a: Probopass|Iron Defense|p2a: Probopass\n|-boost|p2a: Probopass|def|2\n|\n|-heal|p2a: Probopass|44/100|[from] item: Leftovers\n|upkeep\n|turn|2\n|inactive|Time left: 300 sec this turn | 300 sec total\n|inactive|p0y1907f771 also wants the timer to be on.\n|\n|t:|1783562068\n|switch|p1a: Hatterene|Hatterene, L85, F|236/236\n|move|p2a: Probopass|Body Press|p1a: Hatterene\n|-resisted|p1a: Hatterene\n|-damage|p1a: Hatterene|196/236\n|\n|-heal|p2a: Probopass|51/100|[from] item: Leftovers\n|upkeep\n|turn|3\n|inactive|Time left: 300 sec this turn | 300 sec total\n|\n|t:|1783562070\n|move|p2a: Probopass|Body Press|p1a: Hatterene\n|-resisted|p1a: Hatterene\n|-damage|p1a: Hatterene|154/236\n|move|p1a: Hatterene|Mystical Fire|p2a: Probopass\n|-damage|p2a: Probopass|35/100\n|-unboost|p2a: Probopass|spa|1\n|\n|-heal|p2a: Probopass|41/100|[from] item: Leftovers\n|upkeep\n|turn|4\n|inactive|Time left: 300 sec this turn | 300 sec total\n|\n|t:|1783562071\n|move|p2a: Probopass|Body Press|p1a: Hatterene\n|-resisted|p1a: Hatterene\n|-damage|p1a: Hatterene|114/236\n|move|p1a: Hatterene|Draining Kiss|p2a: Probopass\n|-resisted|p2a: Probopass\n|-damage|p2a: Probopass|33/100\n|-heal|p1a: Hatterene|130/236|[from] drain|[of] p2a: Probopass\n|\n|-heal|p2a: Probopass|39/100|[from] item: Leftovers\n|upkeep\n|turn|5\n|inactive|Time left: 300 sec this turn | 300 sec total\n|\n|t:|1783562072\n|move|p2a: Probopass|Body Press|p1a: Hatterene\n|-resisted|p1a: Hatterene\n|-damage|p1a: Hatterene|87/236\n|move|p1a: Hatterene|Mystical Fire|p2a: Probopass\n|-damage|p2a: Probopass|22/100\n|-unboost|p2a: Probopass|spa|1\n|\n|-heal|p2a: Probopass|29/100|[from] item: Leftovers\n|upkeep\n|turn|6\n|inactive|Time left: 300 sec this turn | 300 sec total\n|\n|t:|1783562073\n|move|p2a: Probopass|Flash Cannon|p1a: Hatterene\n|-supereffective|p1a: Hatterene\n|-damage|p1a: Hatterene|37/236\n|move|p1a: Hatterene|Mystical Fire|p2a: Probopass\n|-damage|p2a: Probopass|12/100\n|-unboost|p2a: Probopass|spa|1\n|\n|-heal|p2a: Probopass|18/100|[from] item: Leftovers\n|upkeep\n|turn|7\n|inactive|Time left: 300 sec this turn | 300 sec total\n|\n|t:|1783562074\n|move|p2a: Probopass|Body Press|p1a: Hatterene\n|-resisted|p1a: Hatterene\n|-damage|p1a: Hatterene|0 fnt\n|faint|p1a: Hatterene\n|\n|-heal|p2a: Probopass|25/100|[from] item: Leftovers\n|upkeep\n|inactive|Time left: 300 sec this turn | 300 sec total | 5 sec grace\n|\n|t:|1783562075\n|switch|p1a: Plusle|Plusle, L95, M|268/268\n|turn|8\n|inactive|Time left: 300 sec this turn | 300 sec total\n|\n|t:|1783562076\n|move|p1a: Plusle|Thunderbolt|p2a: Probopass\n|-damage|p2a: Probopass|0 fnt\n|faint|p2a: Probopass\n|-damage|p1a: Plusle|242/268|[from] item: Life Orb\n|\n|upkeep\n|\n|t:|1783562076\n|switch|p2a: Dodrio|Dodrio, L85, F|100/100\n|turn|9\n|inactive|Time left: 300 sec this turn | 300 sec total\n|\n|t:|1783562077\n|move|p2a: Dodrio|Double-Edge|p1a: Plusle\n|-damage|p1a: Plusle|0 fnt\n|faint|p1a: Plusle\n|-damage|p2a: Dodrio|67/100|[from] Recoil\n|\n|upkeep\n|inactive|Time left: 300 sec this turn | 300 sec total | 5 sec grace\n|\n|t:|1783562078\n|switch|p1a: Overqwil|Overqwil, L82, F|274/274\n|-ability|p1a: Overqwil|Intimidate|boost\n|-unboost|p2a: Dodrio|atk|1\n|turn|10\n|inactive|Time left: 300 sec this turn | 300 sec total\n|\n|t:|1783562079\n|move|p2a: Dodrio|Double-Edge|p1a: Overqwil\n|-damage|p1a: Overqwil|130/274\n|-damage|p2a: Dodrio|47/100|[from] Recoil\n|move|p1a: Overqwil|Swords Dance|p1a: Overqwil\n|-boost|p1a: Overqwil|atk|2\n|\n|upkeep\n|turn|11\n|inactive|Time left: 300 sec this turn | 300 sec total\n|\n|t:|1783562080\n|switch|p1a: Solgaleo|Solgaleo, L74|325/325\n|move|p2a: Dodrio|Double-Edge|p1a: Solgaleo\n|-resisted|p1a: Solgaleo\n|-damage|p1a: Solgaleo|251/325\n|-damage|p2a: Dodrio|37/100|[from] Recoil\n|\n|-heal|p1a: Solgaleo|271/325|[from] item: Leftovers\n|upkeep\n|turn|12\n|inactive|Time left: 300 sec this turn | 300 sec total\n|\n|t:|1783562081\n|switch|p2a: Duraludon|Duraludon, L82, M|100/100\n|move|p1a: Solgaleo|Sunsteel Strike|p2a: Duraludon\n|-resisted|p2a: Duraludon\n|-damage|p2a: Duraludon|88/100\n|\n|-heal|p1a: Solgaleo|291/325|[from] item: Leftovers\n|upkeep\n|turn|13\n|inactive|Time left: 300 sec this turn | 300 sec total\n|\n|t:|1783562082\n|move|p1a: Solgaleo|Sunsteel Strike|p2a: Duraludon\n|-resisted|p2a: Duraludon\n|-damage|p2a: Duraludon|75/100\n|move|p2a: Duraludon|Iron Defense|p2a: Duraludon\n|-boost|p2a: Duraludon|def|2\n|\n|-heal|p1a: Solgaleo|311/325|[from] item: Leftovers\n|upkeep\n|turn|14\n|inactive|Time left: 300 sec this turn | 300 sec total\n|\n|t:|1783562083\n|move|p1a: Solgaleo|Morning Sun|p1a: Solgaleo\n|-heal|p1a: Solgaleo|325/325\n|move|p2a: Duraludon|Body Press|p1a: Solgaleo\n|-damage|p1a: Solgaleo|207/325\n|\n|-heal|p1a: Solgaleo|227/325|[from] item: Leftovers\n|upkeep\n|turn|15\n|inactive|Time left: 300 sec this turn | 300 sec total\n|\n|t:|1783562083\n|move|p2a: Duraludon|Body Press|p1a: Solgaleo\n|-damage|p1a: Solgaleo|111/325\n|move|p1a: Solgaleo|Morning Sun|p1a: Solgaleo\n|-heal|p1a: Solgaleo|273/325\n|\n|-heal|p1a: Solgaleo|293/325|[from] item: Leftovers\n|upkeep\n|turn|16\n|inactive|Time left: 300 sec this turn | 300 sec total\n|\n|t:|1783562084\n|move|p2a: Duraludon|Body Press|p1a: Solgaleo\n|-damage|p1a: Solgaleo|184/325\n|move|p1a: Solgaleo|Sunsteel Strike|p2a: Duraludon\n|-resisted|p2a: Duraludon\n|-damage|p2a: Duraludon|69/100\n|\n|-heal|p1a: Solgaleo|204/325|[from] item: Leftovers\n|upkeep\n|turn|17\n|inactive|Time left: 300 sec this turn | 300 sec total\n|\n|t:|1783562085\n|move|p1a: Solgaleo|Morning Sun|p1a: Solgaleo\n|-heal|p1a: Solgaleo|325/325\n|move|p2a: Duraludon|Body Press|p1a: Solgaleo\n|-damage|p1a: Solgaleo|207/325\n|\n|-heal|p1a: Solgaleo|227/325|[from] item: Leftovers\n|upkeep\n|turn|18\n|inactive|Time left: 300 sec this turn | 300 sec total\n|\n|t:|1783562086\n|move|p1a: Solgaleo|Morning Sun|p1a: Solgaleo\n|-heal|p1a: Solgaleo|325/325\n|move|p2a: Duraludon|Body Press|p1a: Solgaleo\n|-damage|p1a: Solgaleo|203/325\n|\n|-heal|p1a: Solgaleo|223/325|[from] item: Leftovers\n|upkeep\n|turn|19\n|inactive|Time left: 300 sec this turn | 300 sec total\n|\n|t:|1783562087\n|move|p1a: Solgaleo|Morning Sun|p1a: Solgaleo\n|-heal|p1a: Solgaleo|325/325\n|move|p2a: Duraludon|Body Press|p1a: Solgaleo\n|-damage|p1a: Solgaleo|209/325\n|\n|-heal|p1a: Solgaleo|229/325|[from] item: Leftovers\n|upkeep\n|turn|20\n|inactive|Time left: 300 sec this turn | 300 sec total\n|\n|t:|1783562088\n|move|p2a: Duraludon|Body Press|p1a: Solgaleo\n|-damage|p1a: Solgaleo|111/325\n|move|p1a: Solgaleo|Morning Sun|p1a: Solgaleo\n|-heal|p1a: Solgaleo|273/325\n|\n|-heal|p1a: Solgaleo|293/325|[from] item: Leftovers\n|upkeep\n|turn|21\n|inactive|Time left: 300 sec this turn | 300 sec total\n|\n|t:|1783562089\n|move|p1a: Solgaleo|Sunsteel Strike|p2a: Duraludon\n|-resisted|p2a: Duraludon\n|-damage|p2a: Duraludon|63/100\n|move|p2a: Duraludon|Body Press|p1a: Solgaleo\n|-damage|p1a: Solgaleo|175/325\n|\n|-heal|p1a: Solgaleo|195/325|[from] item: Leftovers\n|upkeep\n|turn|22\n|inactive|Time left: 300 sec this turn | 300 sec total\n|\n|t:|1783562090\n|move|p2a: Duraludon|Body Press|p1a: Solgaleo\n|-damage|p1a: Solgaleo|78/325\n|move|p1a: Solgaleo|Morning Sun|p1a: Solgaleo\n|-heal|p1a: Solgaleo|240/325\n|\n|-heal|p1a: Solgaleo|260/325|[from] item: Leftovers\n|upkeep\n|turn|23\n|inactive|Time left: 300 sec this turn | 300 sec total\n|\n|t:|1783562091\n|move|p1a: Solgaleo|Morning Sun|p1a: Solgaleo\n|-heal|p1a: Solgaleo|325/325\n|move|p2a: Duraludon|Body Press|p1a: Solgaleo\n|-damage|p1a: Solgaleo|204/325\n|\n|-heal|p1a: Solgaleo|224/325|[from] item: Leftovers\n|upkeep\n|turn|24\n|inactive|Time left: 300 sec this turn | 300 sec total\n|\n|t:|1783562093\n|move|p2a: Duraludon|Body Press|p1a: Solgaleo\n|-damage|p1a: Solgaleo|99/325\n|move|p1a: Solgaleo|Sunsteel Strike|p2a: Duraludon\n|-resisted|p2a: Duraludon\n|-damage|p2a: Duraludon|57/100\n|\n|-heal|p1a: Solgaleo|119/325|[from] item: Leftovers\n|upkeep\n|turn|25\n|inactive|Time left: 300 sec this turn | 300 sec total\n|\n|t:|1783562094\n|move|p2a: Duraludon|Body Press|p1a: Solgaleo\n|-damage|p1a: Solgaleo|6/325\n|move|p1a: Solgaleo|Close Combat|p2a: Duraludon\n|-supereffective|p2a: Duraludon\n|-damage|p2a: Duraludon|37/100\n|-unboost|p1a: Solgaleo|def|1\n|-unboost|p1a: Solgaleo|spd|1\n|\n|-heal|p1a: Solgaleo|26/325|[from] item: Leftovers\n|upkeep\n|turn|26\n|inactive|Time left: 300 sec this turn | 300 sec total\n|\n|t:|1783562095\n|move|p2a: Duraludon|Body Press|p1a: Solgaleo\n|-damage|p1a: Solgaleo|0 fnt\n|faint|p1a: Solgaleo\n|\n|upkeep\n|inactive|Time left: 300 sec this turn | 300 sec total | 5 sec grace\n|\n|t:|1783562097\n|switch|p1a: Regice|Regice, L88|284/284\n|turn|27\n|inactive|Time left: 300 sec this turn | 300 sec total\n|\n|t:|1783562098\n|-terastallize|p1a: Regice|Electric\n|move|p2a: Duraludon|Body Press|p1a: Regice\n|-damage|p1a: Regice|186/284\n|move|p1a: Regice|Ice Beam|p2a: Duraludon\n|-damage|p2a: Duraludon|0 fnt\n|faint|p2a: Duraludon\n|\n|upkeep\n|\n|t:|1783562098\n|switch|p2a: Dodrio|Dodrio, L85, F|37/100\n|turn|28\n|inactive|Time left: 300 sec this turn | 300 sec total\n|\n|t:|1783562099\n|move|p2a: Dodrio|Double-Edge|p1a: Regice\n|-damage|p1a: Regice|2/284\n|-damage|p2a: Dodrio|12/100|[from] Recoil\n|move|p1a: Regice|Thunderbolt|p2a: Dodrio\n|-supereffective|p2a: Dodrio\n|-damage|p2a: Dodrio|0 fnt\n|faint|p2a: Dodrio\n|\n|upkeep\n|\n|t:|1783562100\n|switch|p2a: Quaquaval|Quaquaval, L79, F|100/100\n|turn|29\n|inactive|Time left: 300 sec this turn | 300 sec total\n|\n|t:|1783562101\n|switch|p1a: Overqwil|Overqwil, L82, F|130/274\n|-ability|p1a: Overqwil|Intimidate|boost\n|-unboost|p2a: Quaquaval|atk|1\n|move|p2a: Quaquaval|Aqua Step|p1a: Overqwil\n|-damage|p1a: Overqwil|55/274\n|-boost|p2a: Quaquaval|spe|1\n|-damage|p2a: Quaquaval|91/100|[from] item: Life Orb\n|\n|upkeep\n|turn|30\n|inactive|Time left: 300 sec this turn | 300 sec total\n|\n|t:|1783562102\n|switch|p1a: Regice|Regice, L88, tera:Electric|2/284\n|move|p2a: Quaquaval|Aqua Step|p1a: Regice\n|-damage|p1a: Regice|0 fnt\n|-boost|p2a: Quaquaval|spe|1\n|faint|p1a: Regice\n|-ability|p2a: Quaquaval|Moxie|boost\n|-boost|p2a: Quaquaval|atk|1\n|-damage|p2a: Quaquaval|81/100|[from] item: Life Orb\n|\n|upkeep\n|inactive|Time left: 300 sec this turn | 300 sec total | 5 sec grace\n|\n|t:|1783562103\n|switch|p1a: Overqwil|Overqwil, L82, F|55/274\n|-ability|p1a: Overqwil|Intimidate|boost\n|-unboost|p2a: Quaquaval|atk|1\n|turn|31\n|inactive|Time left: 300 sec this turn | 300 sec total\n|\n|t:|1783562104\n|switch|p1a: Terapagos|Terapagos, L77, F|265/265\n|-activate|p1a: Terapagos|ability: Tera Shift\n|detailschange|p1a: Terapagos|Terapagos-Terastal, L77, F\n|-heal|p1a: Terapagos|273/273|[silent]\n|move|p2a: Quaquaval|Close Combat|p1a: Terapagos\n|-activate|p1a: Terapagos|ability: Tera Shell\n|-resisted|p1a: Terapagos\n|-damage|p1a: Terapagos|225/273\n|-unboost|p2a: Quaquaval|def|1\n|-unboost|p2a: Quaquaval|spd|1\n|-damage|p2a: Quaquaval|71/100|[from] item: Life Orb\n|\n|upkeep\n|turn|32\n|inactive|Time left: 300 sec this turn | 300 sec total\n|\n|t:|1783562105\n|move|p2a: Quaquaval|Close Combat|p1a: Terapagos\n|-supereffective|p1a: Terapagos\n|-damage|p1a: Terapagos|22/273\n|-unboost|p2a: Quaquaval|def|1\n|-unboost|p2a: Quaquaval|spd|1\n|-damage|p2a: Quaquaval|61/100|[from] item: Life Orb\n|move|p1a: Terapagos|Tera Starstorm|p2a: Quaquaval\n|-crit|p2a: Quaquaval\n|-damage|p2a: Quaquaval|0 fnt\n|faint|p2a: Quaquaval\n|\n|upkeep\n|\n|t:|1783562106\n|switch|p2a: Hitmonlee|Hitmonlee, L85, M|100/100\n|turn|33\n|inactive|Time left: 300 sec this turn | 300 sec total\n|\n|t:|1783562107\n|-terastallize|p2a: Hitmonlee|Poison\n|move|p2a: Hitmonlee|Close Combat|p1a: Terapagos\n|-supereffective|p1a: Terapagos\n|-damage|p1a: Terapagos|0 fnt\n|-unboost|p2a: Hitmonlee|def|1\n|-unboost|p2a: Hitmonlee|spd|1\n|faint|p1a: Terapagos\n|-enditem|p2a: Hitmonlee|White Herb\n|-clearnegativeboost|p2a: Hitmonlee|[silent]\n|\n|upkeep\n|inactive|Time left: 300 sec this turn | 300 sec total | 5 sec grace\n|\n|t:|1783562108\n|switch|p1a: Overqwil|Overqwil, L82, F|55/274\n|-ability|p1a: Overqwil|Intimidate|boost\n|-unboost|p2a: Hitmonlee|atk|1\n|turn|34\n|inactive|Time left: 300 sec this turn | 300 sec total\n|\n|t:|1783562109\n|move|p2a: Hitmonlee|Close Combat|p1a: Overqwil\n|-damage|p1a: Overqwil|0 fnt\n|-unboost|p2a: Hitmonlee|def|1\n|-unboost|p2a: Hitmonlee|spd|1\n|faint|p1a: Overqwil\n|\n|win|p0y1907f771", "uploadtime": 1783562109, "views": 0, "rating": 0, "private": 0, "password": null, "_winner": "p0y1907f771", "_our_name": "p0x190761b4"}