{"id": "battle-gen9randombattle-2604", "formatid": "gen9randombattle", "format": "[Gen 9] Random Battle", "players": ["p0x2604c5af", "p0y26043854"], "log": "|init|battle\n|title|p0x2604c5af vs. p0y26043854\n|j|\u2606p0x2604c5af\n|j|\u2606p0y26043854\n|t:|1783570063\n|gametype|singles\n|player|p1|p0x2604c5af|2|\n|player|p2|p0y26043854|2|\n|gen|9\n|tier|[Gen 9] Random Battle\n|rule|Species Clause: Limit one of each Pok\u00e9mon\n|rule|HP Percentage Mod: HP is shown in percentages\n|rule|Sleep Clause Mod: Limit one foe put to sleep\n|rule|Illusion Level Mod: Illusion disguises the Pok\u00e9mon's true level\n|\n|t:|1783570063\n|teamsize|p1|6\n|teamsize|p2|6\n|start\n|switch|p1a: Infernape|Infernape, L82, F|259/259\n|switch|p2a: Regice|Regice, L88|100/100\n|turn|1\n|inactive|Battle timer is ON: inactive players will automatically lose when time's up. (requested by p0x2604c5af)\n|inactive|p0y26043854 also wants the timer to be on.\n|\n|t:|1783570065\n|switch|p2a: Volcanion|Volcanion, L79|100/100\n|move|p1a: Infernape|Close Combat|p2a: Volcanion\n|-damage|p2a: Volcanion|50/100\n|-unboost|p1a: Infernape|def|1\n|-unboost|p1a: Infernape|spd|1\n|-damage|p1a: Infernape|234/259|[from] item: Life Orb\n|\n|upkeep\n|turn|2\n|inactive|Time left: 300 sec this turn | 300 sec total\n|\n|t:|1783570066\n|switch|p2a: Calyrex|Calyrex-Shadow, L64|100/100\n|-ability|p2a: Calyrex|As One\n|-ability|p2a: Calyrex|Unnerve\n|move|p1a: Infernape|Close Combat|p2a: Calyrex\n|-immune|p2a: Calyrex\n|\n|upkeep\n|turn|3\n|inactive|Time left: 300 sec this turn | 300 sec total\n|\n|t:|1783570067\n|switch|p1a: Skuntank|Skuntank, L84, F|310/310\n|move|p2a: Calyrex|Astral Barrage|p1a: Skuntank\n|-resisted|p1a: Skuntank\n|-damage|p1a: Skuntank|238/310\n|\n|upkeep\n|turn|4\n|inactive|Time left: 300 sec this turn | 300 sec total\n|\n|t:|1783570068\n|switch|p2a: Mabosstiff|Mabosstiff, L86, F|100/100\n|move|p1a: Skuntank|Knock Off|p2a: Mabosstiff\n|-resisted|p2a: Mabosstiff\n|-damage|p2a: Mabosstiff|82/100\n|-enditem|p2a: Mabosstiff|Choice Band|[from] move: Knock Off|[of] p1a: Skuntank\n|\n|upkeep\n|turn|5\n|inactive|Time left: 300 sec this turn | 300 sec total\n|\n|t:|1783570069\n|move|p2a: Mabosstiff|Crunch|p1a: Skuntank\n|-resisted|p1a: Skuntank\n|-damage|p1a: Skuntank|179/310\n|move|p1a: Skuntank|Gunk Shot|p2a: Mabosstiff\n|-damage|p2a: Mabosstiff|37/100\n|\n|upkeep\n|turn|6\n|inactive|Time left: 300 sec this turn | 300 sec total\n|\n|t:|1783570071\n|move|p2a: Mabosstiff|Play Rough|p1a: Skuntank|[miss]\n|-miss|p2a: Mabosstiff|p1a: Skuntank\n|move|p1a: Skuntank|Gunk Shot|p2a: Mabosstiff\n|-damage|p2a: Mabosstiff|0 fnt\n|faint|p2a: Mabosstiff\n|\n|upkeep\n|\n|t:|1783570071\n|switch|p2a: Regice|Regice, L88|100/100\n|turn|7\n|inactive|Time left: 300 sec this turn | 300 sec total\n|\n|t:|1783570073\n|move|p1a: Skuntank|Knock Off|p2a: Regice\n|-damage|p2a: Regice|71/100\n|-enditem|p2a: Regice|Heavy-Duty Boots|[from] move: Knock Off|[of] p1a: Skuntank\n|move|p2a: Regice|Ice Beam|p1a: Skuntank\n|-damage|p1a: Skuntank|92/310\n|\n|upkeep\n|turn|8\n|inactive|Time left: 300 sec this turn | 300 sec total\n|\n|t:|1783570074\n|move|p1a: Skuntank|Gunk Shot|p2a: Regice\n|-damage|p2a: Regice|34/100\n|-status|p2a: Regice|psn\n|move|p2a: Regice|Ice Beam|p1a: Skuntank\n|-damage|p1a: Skuntank|0 fnt\n|faint|p1a: Skuntank\n|\n|-damage|p2a: Regice|22/100 psn|[from] psn\n|upkeep\n|inactive|Time left: 300 sec this turn | 300 sec total | 5 sec grace\n|\n|t:|1783570075\n|switch|p1a: Garchomp|Garchomp, L74, M|282/282\n|turn|9\n|inactive|Time left: 300 sec this turn | 300 sec total\n|\n|t:|1783570076\n|move|p1a: Garchomp|Outrage|p2a: Regice\n|-damage|p2a: Regice|0 fnt\n|faint|p2a: Regice\n|\n|upkeep\n|\n|t:|1783570077\n|switch|p2a: Calyrex|Calyrex-Shadow, L64|100/100\n|-ability|p2a: Calyrex|As One\n|-ability|p2a: Calyrex|Unnerve\n|turn|10\n|inactive|Time left: 300 sec this turn | 300 sec total\n|\n|t:|1783570078\n|move|p2a: Calyrex|Astral Barrage|p1a: Garchomp\n|-damage|p1a: Garchomp|98/282\n|move|p1a: Garchomp|Outrage|p2a: Calyrex|[from] lockedmove\n|-damage|p2a: Calyrex|29/100\n|-start|p1a: Garchomp|confusion|[fatigue]\n|\n|upkeep\n|turn|11\n|inactive|Time left: 300 sec this turn | 300 sec total\n|\n|t:|1783570080\n|switch|p1a: Toucannon|Toucannon, L88, F|284/284\n|move|p2a: Calyrex|Astral Barrage|p1a: Toucannon\n|-immune|p1a: Toucannon\n|\n|upkeep\n|turn|12\n|inactive|Time left: 300 sec this turn | 300 sec total\n|\n|t:|1783570081\n|switch|p2a: Umbreon|Umbreon, L84, M|100/100\n|-singleturn|p1a: Toucannon|move: Beak Blast\n|move|p1a: Toucannon|Beak Blast|p2a: Umbreon\n|-damage|p2a: Umbreon|64/100\n|\n|-heal|p2a: Umbreon|70/100|[from] item: Leftovers\n|upkeep\n|turn|13\n|inactive|Time left: 300 sec this turn | 300 sec total\n|\n|t:|1783570082\n|-singleturn|p1a: Toucannon|move: Beak Blast\n|move|p2a: Umbreon|Foul Play|p1a: Toucannon\n|-damage|p1a: Toucannon|146/284\n|-status|p2a: Umbreon|brn\n|-activate|p2a: Umbreon|ability: Synchronize\n|-status|p1a: Toucannon|brn\n|move|p1a: Toucannon|Beak Blast|p2a: Umbreon\n|-damage|p2a: Umbreon|50/100 brn\n|\n|-heal|p2a: Umbreon|56/100 brn|[from] item: Leftovers\n|-damage|p2a: Umbreon|50/100 brn|[from] brn\n|-damage|p1a: Toucannon|129/284 brn|[from] brn\n|upkeep\n|turn|14\n|inactive|Time left: 300 sec this turn | 300 sec total\n|\n|t:|1783570083\n|move|p2a: Umbreon|Wish|p2a: Umbreon\n|move|p1a: Toucannon|Boomburst|p2a: Umbreon\n|-damage|p2a: Umbreon|18/100 brn\n|\n|-heal|p2a: Umbreon|24/100 brn|[from] item: Leftovers\n|-damage|p2a: Umbreon|18/100 brn|[from] brn\n|-damage|p1a: Toucannon|112/284 brn|[from] brn\n|upkeep\n|turn|15\n|inactive|Time left: 300 sec this turn | 300 sec total\n|\n|t:|1783570084\n|switch|p2a: Volcanion|Volcanion, L79|50/100\n|move|p1a: Toucannon|Boomburst|p2a: Volcanion\n|-damage|p2a: Volcanion|13/100\n|\n|-heal|p2a: Volcanion|71/100|[from] move: Wish|[wisher] Umbreon\n|-damage|p1a: Toucannon|95/284 brn|[from] brn\n|upkeep\n|turn|16\n|inactive|Time left: 300 sec this turn | 300 sec total\n|\n|t:|1783570085\n|move|p2a: Volcanion|Flamethrower|p1a: Toucannon\n|-damage|p1a: Toucannon|0 fnt\n|faint|p1a: Toucannon\n|\n|upkeep\n|inactive|Time left: 300 sec this turn | 300 sec total | 5 sec grace\n|\n|t:|1783570086\n|switch|p1a: Morpeko|Morpeko, L88, M|245/245\n|turn|17\n|inactive|Time left: 300 sec this turn | 300 sec total\n|\n|t:|1783570087\n|switch|p2a: Meganium|Meganium, L90, M|100/100\n|move|p1a: Morpeko|Aura Wheel|p2a: Meganium\n|-resisted|p2a: Meganium\n|-damage|p2a: Meganium|82/100\n|-boost|p1a: Morpeko|spe|1\n|\n|-heal|p2a: Meganium|88/100|[from] item: Leftovers\n|-formechange|p1a: Morpeko|Morpeko-Hangry||[from] ability: Hunger Switch\n|upkeep\n|turn|18\n|inactive|Time left: 300 sec this turn | 300 sec total\n|\n|t:|1783570089\n|move|p1a: Morpeko|Knock Off|p2a: Meganium\n|-damage|p2a: Meganium|55/100\n|-enditem|p2a: Meganium|Leftovers|[from] move: Knock Off|[of] p1a: Morpeko\n|move|p2a: Meganium|Energy Ball|p1a: Morpeko\n|-damage|p1a: Morpeko|110/245\n|\n|-heal|p1a: Morpeko|125/245|[from] item: Leftovers\n|-formechange|p1a: Morpeko|Morpeko||[from] ability: Hunger Switch\n|upkeep\n|turn|19\n|inactive|Time left: 300 sec this turn | 300 sec total\n|\n|t:|1783570090\n|move|p1a: Morpeko|Protect|p1a: Morpeko\n|-singleturn|p1a: Morpeko|Protect\n|move|p2a: Meganium|Energy Ball|p1a: Morpeko\n|-activate|p1a: Morpeko|move: Protect\n|\n|-heal|p1a: Morpeko|140/245|[from] item: Leftovers\n|-formechange|p1a: Morpeko|Morpeko-Hangry||[from] ability: Hunger Switch\n|upkeep\n|turn|20\n|inactive|Time left: 300 sec this turn | 300 sec total\n|\n|t:|1783570091\n|move|p1a: Morpeko|Protect||[still]\n|-fail|p1a: Morpeko\n|move|p2a: Meganium|Energy Ball|p1a: Morpeko\n|-damage|p1a: Morpeko|16/245\n|\n|-heal|p1a: Morpeko|31/245|[from] item: Leftovers\n|-formechange|p1a: Morpeko|Morpeko||[from] ability: Hunger Switch\n|upkeep\n|turn|21\n|inactive|Time left: 300 sec this turn | 300 sec total\n|\n|t:|1783570092\n|move|p1a: Morpeko|Protect|p1a: Morpeko\n|-singleturn|p1a: Morpeko|Protect\n|move|p2a: Meganium|Energy Ball|p1a: Morpeko\n|-activate|p1a: Morpeko|move: Protect\n|\n|-heal|p1a: Morpeko|46/245|[from] item: Leftovers\n|-formechange|p1a: Morpeko|Morpeko-Hangry||[from] ability: Hunger Switch\n|upkeep\n|turn|22\n|inactive|Time left: 300 sec this turn | 300 sec total\n|\n|t:|1783570093\n|move|p1a: Morpeko|Aura Wheel|p2a: Meganium\n|-damage|p2a: Meganium|15/100\n|-boost|p1a: Morpeko|spe|1\n|move|p2a: Meganium|Energy Ball|p1a: Morpeko\n|-damage|p1a: Morpeko|0 fnt\n|faint|p1a: Morpeko\n|\n|upkeep\n|inactive|Time left: 300 sec this turn | 300 sec total | 5 sec grace\n|\n|t:|1783570094\n|switch|p1a: Deoxys|Deoxys-Attack, L72|191/191\n|-ability|p1a: Deoxys|Pressure\n|turn|23\n|inactive|Time left: 300 sec this turn | 300 sec total\n|\n|t:|1783570095\n|move|p1a: Deoxys|Knock Off|p2a: Meganium\n|-damage|p2a: Meganium|0 fnt\n|faint|p2a: Meganium\n|-damage|p1a: Deoxys|172/191|[from] item: Life Orb\n|\n|upkeep\n|\n|t:|1783570096\n|switch|p2a: Volcanion|Volcanion, L79|71/100\n|turn|24\n|inactive|Time left: 300 sec this turn | 300 sec total\n|\n|t:|1783570097\n|move|p1a: Deoxys|Psycho Boost|p2a: Volcanion\n|-damage|p2a: Volcanion|10/100\n|-unboost|p1a: Deoxys|spa|2\n|-damage|p1a: Deoxys|153/191|[from] item: Life Orb\n|move|p2a: Volcanion|Steam Eruption|p1a: Deoxys\n|-damage|p1a: Deoxys|0 fnt\n|faint|p1a: Deoxys\n|\n|upkeep\n|inactive|Time left: 300 sec this turn | 300 sec total | 5 sec grace\n|\n|t:|1783570098\n|switch|p1a: Infernape|Infernape, L82, F|234/259\n|turn|25\n|inactive|Time left: 300 sec this turn | 300 sec total\n|\n|t:|1783570098\n|move|p1a: Infernape|Gunk Shot|p2a: Volcanion\n|-damage|p2a: Volcanion|0 fnt\n|faint|p2a: Volcanion\n|-damage|p1a: Infernape|209/259|[from] item: Life Orb\n|\n|upkeep\n|\n|t:|1783570099\n|switch|p2a: Calyrex|Calyrex-Shadow, L64|29/100\n|-ability|p2a: Calyrex|As One\n|-ability|p2a: Calyrex|Unnerve\n|turn|26\n|inactive|Time left: 300 sec this turn | 300 sec total\n|\n|t:|1783570100\n|-terastallize|p2a: Calyrex|Ghost\n|move|p2a: Calyrex|Astral Barrage|p1a: Infernape\n|-damage|p1a: Infernape|0 fnt\n|faint|p1a: Infernape\n|-ability|p2a: Calyrex|Grim Neigh|boost\n|-boost|p2a: Calyrex|spa|1\n|\n|upkeep\n|inactive|Time left: 300 sec this turn | 300 sec total | 5 sec grace\n|\n|t:|1783570101\n|switch|p1a: Garchomp|Garchomp, L74, M|98/282\n|turn|27\n|inactive|Time left: 300 sec this turn | 300 sec total\n|\n|t:|1783570101\n|-terastallize|p1a: Garchomp|Steel\n|move|p2a: Calyrex|Astral Barrage|p1a: Garchomp\n|-damage|p1a: Garchomp|0 fnt\n|faint|p1a: Garchomp\n|\n|win|p0y26043854", "uploadtime": 1783570101, "views": 0, "rating": 0, "private": 0, "password": null, "_winner": "p0y26043854", "_our_name": "p0x2604c5af"}