{"id": "battle-gen9randombattle-2964", "formatid": "gen9randombattle", "format": "[Gen 9] Random Battle", "players": ["p0x2964370a", "p0y29643e3d"], "log": "|init|battle\n|title|p0x2964370a vs. p0y29643e3d\n|j|\u2606p0x2964370a\n|j|\u2606p0y29643e3d\n|t:|1783573153\n|gametype|singles\n|player|p1|p0x2964370a|266|\n|player|p2|p0y29643e3d|1|\n|gen|9\n|tier|[Gen 9] Random Battle\n|rule|Species Clause: Limit one of each Pok\u00e9mon\n|rule|HP Percentage Mod: HP is shown in percentages\n|rule|Sleep Clause Mod: Limit one foe put to sleep\n|rule|Illusion Level Mod: Illusion disguises the Pok\u00e9mon's true level\n|\n|t:|1783573154\n|teamsize|p1|6\n|teamsize|p2|6\n|start\n|switch|p1a: Victreebel|Victreebel, L90, F|290/290\n|switch|p2a: Latias|Latias, L79, F|100/100\n|turn|1\n|inactive|Battle timer is ON: inactive players will automatically lose when time's up. (requested by p0y29643e3d)\n|inactive|Time left: 300 sec this turn | 300 sec total | 60 sec grace\n|\n|t:|1783573155\n|switch|p1a: Regirock|Regirock, L83|268/268\n|move|p2a: Latias|Psyshock|p1a: Regirock\n|-damage|p1a: Regirock|214/268\n|\n|-heal|p1a: Regirock|230/268|[from] item: Leftovers\n|upkeep\n|turn|2\n|inactive|Time left: 300 sec this turn | 300 sec total\n|inactive|p0x2964370a also wants the timer to be on.\n|\n|t:|1783573155\n|move|p2a: Latias|Calm Mind|p2a: Latias\n|-boost|p2a: Latias|spa|1\n|-boost|p2a: Latias|spd|1\n|move|p1a: Regirock|Stealth Rock|p2a: Latias\n|-sidestart|p2: p0y29643e3d|move: Stealth Rock\n|\n|-heal|p1a: Regirock|246/268|[from] item: Leftovers\n|upkeep\n|turn|3\n|inactive|Time left: 300 sec this turn | 300 sec total\n|\n|t:|1783573156\n|move|p2a: Latias|Calm Mind|p2a: Latias\n|-boost|p2a: Latias|spa|1\n|-boost|p2a: Latias|spd|1\n|move|p1a: Regirock|Thunder Wave|p2a: Latias\n|-status|p2a: Latias|par\n|\n|-heal|p1a: Regirock|262/268|[from] item: Leftovers\n|upkeep\n|turn|4\n|inactive|Time left: 300 sec this turn | 300 sec total\n|\n|t:|1783573157\n|move|p1a: Regirock|Stone Edge|p2a: Latias\n|-damage|p2a: Latias|61/100 par\n|move|p2a: Latias|Draco Meteor|p1a: Regirock\n|-damage|p1a: Regirock|0 fnt\n|-unboost|p2a: Latias|spa|2\n|faint|p1a: Regirock\n|\n|upkeep\n|inactive|Time left: 300 sec this turn | 300 sec total | 5 sec grace\n|\n|t:|1783573158\n|switch|p1a: Hitmonlee|Hitmonlee, L85, M|224/224\n|turn|5\n|inactive|Time left: 300 sec this turn | 300 sec total\n|\n|t:|1783573159\n|move|p1a: Hitmonlee|Knock Off|p2a: Latias\n|-supereffective|p2a: Latias\n|-damage|p2a: Latias|0 fnt\n|-enditem|p2a: Latias|Soul Dew|[from] move: Knock Off|[of] p1a: Hitmonlee\n|faint|p2a: Latias\n|\n|upkeep\n|\n|t:|1783573160\n|switch|p2a: Ambipom|Ambipom, L84, M|100/100\n|-damage|p2a: Ambipom|88/100|[from] Stealth Rock\n|turn|6\n|inactive|Time left: 300 sec this turn | 300 sec total\n|\n|t:|1783573161\n|switch|p1a: Goodra|Goodra-Hisui, L82, M|265/265\n|move|p2a: Ambipom|Double-Edge|p1a: Goodra\n|-resisted|p1a: Goodra\n|-damage|p1a: Goodra|192/265\n|-damage|p2a: Ambipom|79/100|[from] Recoil\n|\n|upkeep\n|turn|7\n|inactive|Time left: 300 sec this turn | 300 sec total\n|\n|t:|1783573162\n|switch|p2a: Bastiodon|Bastiodon, L89, M|100/100\n|-damage|p2a: Bastiodon|95/100|[from] Stealth Rock\n|move|p1a: Goodra|Heavy Slam|p2a: Bastiodon\n|-damage|p2a: Bastiodon|80/100\n|\n|upkeep\n|turn|8\n|inactive|Time left: 300 sec this turn | 300 sec total\n|\n|t:|1783573163\n|move|p1a: Goodra|Earthquake|p2a: Bastiodon\n|-supereffective|p2a: Bastiodon\n|-damage|p2a: Bastiodon|13/100\n|move|p2a: Bastiodon|Body Press|p1a: Goodra\n|-supereffective|p1a: Goodra\n|-damage|p1a: Goodra|16/265\n|\n|upkeep\n|turn|9\n|inactive|Time left: 300 sec this turn | 300 sec total\n|\n|t:|1783573164\n|move|p1a: Goodra|Earthquake|p2a: Bastiodon\n|-supereffective|p2a: Bastiodon\n|-damage|p2a: Bastiodon|0 fnt\n|faint|p2a: Bastiodon\n|\n|upkeep\n|\n|t:|1783573165\n|switch|p2a: Sinistcha|Sinistcha, L83|100/100\n|-damage|p2a: Sinistcha|88/100|[from] Stealth Rock\n|turn|10\n|inactive|Time left: 300 sec this turn | 300 sec total\n|\n|t:|1783573166\n|move|p2a: Sinistcha|Shadow Ball|p1a: Goodra\n|-damage|p1a: Goodra|0 fnt\n|faint|p1a: Goodra\n|\n|-heal|p2a: Sinistcha|94/100|[from] item: Leftovers\n|upkeep\n|inactive|Time left: 300 sec this turn | 300 sec total | 5 sec grace\n|\n|t:|1783573167\n|switch|p1a: Hitmonlee|Hitmonlee, L85, M|224/224\n|turn|11\n|inactive|Time left: 300 sec this turn | 300 sec total\n|\n|t:|1783573168\n|move|p1a: Hitmonlee|Swords Dance|p1a: Hitmonlee\n|-boost|p1a: Hitmonlee|atk|2\n|move|p2a: Sinistcha|Matcha Gotcha|p1a: Hitmonlee\n|-damage|p1a: Hitmonlee|145/224\n|-heal|p2a: Sinistcha|100/100|[from] drain|[of] p1a: Hitmonlee\n|-status|p1a: Hitmonlee|brn\n|\n|-damage|p1a: Hitmonlee|131/224 brn|[from] brn\n|upkeep\n|turn|12\n|inactive|Time left: 300 sec this turn | 300 sec total\n|\n|t:|1783573169\n|move|p1a: Hitmonlee|Knock Off|p2a: Sinistcha\n|-supereffective|p2a: Sinistcha\n|-damage|p2a: Sinistcha|46/100\n|-enditem|p2a: Sinistcha|Leftovers|[from] move: Knock Off|[of] p1a: Hitmonlee\n|move|p2a: Sinistcha|Calm Mind|p2a: Sinistcha\n|-boost|p2a: Sinistcha|spa|1\n|-boost|p2a: Sinistcha|spd|1\n|\n|-damage|p1a: Hitmonlee|117/224 brn|[from] brn\n|upkeep\n|turn|13\n|inactive|Time left: 300 sec this turn | 300 sec total\n|\n|t:|1783573170\n|-terastallize|p1a: Hitmonlee|Dark\n|move|p1a: Hitmonlee|Knock Off|p2a: Sinistcha\n|-supereffective|p2a: Sinistcha\n|-damage|p2a: Sinistcha|0 fnt\n|faint|p2a: Sinistcha\n|\n|-damage|p1a: Hitmonlee|103/224 brn|[from] brn\n|upkeep\n|\n|t:|1783573171\n|switch|p2a: Ambipom|Ambipom, L84, M|79/100\n|-damage|p2a: Ambipom|67/100|[from] Stealth Rock\n|turn|14\n|inactive|Time left: 300 sec this turn | 300 sec total\n|\n|t:|1783573172\n|move|p2a: Ambipom|Double-Edge|p1a: Hitmonlee\n|-crit|p1a: Hitmonlee\n|-damage|p1a: Hitmonlee|0 fnt\n|faint|p1a: Hitmonlee\n|-damage|p2a: Ambipom|54/100|[from] Recoil\n|\n|upkeep\n|inactive|Time left: 300 sec this turn | 300 sec total | 5 sec grace\n|\n|t:|1783573173\n|switch|p1a: Victreebel|Victreebel, L90, F|290/290\n|turn|15\n|inactive|Time left: 300 sec this turn | 300 sec total\n|\n|t:|1783573174\n|move|p2a: Ambipom|Double-Edge|p1a: Victreebel\n|-damage|p1a: Victreebel|112/290\n|-damage|p2a: Ambipom|32/100|[from] Recoil\n|move|p1a: Victreebel|Strength Sap|p2a: Ambipom\n|-unboost|p2a: Ambipom|atk|1\n|-heal|p1a: Victreebel|290/290\n|\n|upkeep\n|turn|16\n|inactive|Time left: 300 sec this turn | 300 sec total\n|\n|t:|1783573175\n|move|p2a: Ambipom|Double-Edge|p1a: Victreebel\n|-damage|p1a: Victreebel|170/290\n|-damage|p2a: Ambipom|16/100|[from] Recoil\n|move|p1a: Victreebel|Sleep Powder|p2a: Ambipom|[miss]\n|-miss|p1a: Victreebel|p2a: Ambipom\n|\n|upkeep\n|turn|17\n|inactive|Time left: 300 sec this turn | 300 sec total\n|\n|t:|1783573176\n|move|p2a: Ambipom|Double-Edge|p1a: Victreebel\n|-crit|p1a: Victreebel\n|-damage|p1a: Victreebel|0 fnt\n|faint|p1a: Victreebel\n|-damage|p2a: Ambipom|0 fnt|[from] Recoil\n|faint|p2a: Ambipom\n|\n|upkeep\n|inactive|Time left: 300 sec this turn | 300 sec total | 5 sec grace\n|\n|t:|1783573177\n|switch|p2a: Sudowoodo|Sudowoodo, L94, M|100/100\n|switch|p1a: Arceus|Arceus-Grass, L73|296/296\n|-damage|p2a: Sudowoodo|88/100|[from] Stealth Rock\n|turn|18\n|inactive|Time left: 300 sec this turn | 300 sec total\n|\n|t:|1783573178\n|-terastallize|p2a: Sudowoodo|Grass\n|move|p1a: Arceus|Judgment|p2a: Sudowoodo\n|-resisted|p2a: Sudowoodo\n|-damage|p2a: Sudowoodo|66/100\n|move|p2a: Sudowoodo|Head Smash|p1a: Arceus\n|-damage|p1a: Arceus|115/296\n|\n|-heal|p2a: Sudowoodo|72/100|[from] item: Leftovers\n|upkeep\n|turn|19\n|inactive|Time left: 300 sec this turn | 300 sec total\n|\n|t:|1783573179\n|move|p1a: Arceus|Ice Beam|p2a: Sudowoodo\n|-supereffective|p2a: Sudowoodo\n|-damage|p2a: Sudowoodo|25/100\n|-status|p2a: Sudowoodo|frz\n|cant|p2a: Sudowoodo|frz\n|\n|-heal|p2a: Sudowoodo|31/100 frz|[from] item: Leftovers\n|upkeep\n|turn|20\n|inactive|Time left: 300 sec this turn | 300 sec total\n|\n|t:|1783573180\n|move|p1a: Arceus|Ice Beam|p2a: Sudowoodo\n|-supereffective|p2a: Sudowoodo\n|-damage|p2a: Sudowoodo|0 fnt\n|faint|p2a: Sudowoodo\n|\n|upkeep\n|\n|t:|1783573181\n|switch|p2a: Walking Wake|Walking Wake, L79|100/100\n|-damage|p2a: Walking Wake|88/100|[from] Stealth Rock\n|turn|21\n|inactive|Time left: 300 sec this turn | 300 sec total\n|\n|t:|1783573182\n|move|p2a: Walking Wake|Sunny Day|p2a: Walking Wake\n|-weather|SunnyDay\n|-activate|p2a: Walking Wake|ability: Protosynthesis\n|-start|p2a: Walking Wake|protosynthesisspa\n|move|p1a: Arceus|Judgment|p2a: Walking Wake\n|-damage|p2a: Walking Wake|40/100\n|\n|-weather|SunnyDay|[upkeep]\n|upkeep\n|turn|22\n|inactive|Time left: 300 sec this turn | 300 sec total\n|\n|t:|1783573183\n|switch|p1a: Enamorus|Enamorus, L79, F|247/247\n|move|p2a: Walking Wake|Flamethrower|p1a: Enamorus\n|-crit|p1a: Enamorus\n|-damage|p1a: Enamorus|0 fnt\n|faint|p1a: Enamorus\n|-damage|p2a: Walking Wake|30/100|[from] item: Life Orb\n|\n|-weather|SunnyDay|[upkeep]\n|upkeep\n|inactive|Time left: 300 sec this turn | 300 sec total | 5 sec grace\n|\n|t:|1783573183\n|switch|p1a: Arceus|Arceus-Grass, L73|115/296\n|turn|23\n|inactive|Time left: 300 sec this turn | 300 sec total\n|\n|t:|1783573184\n|move|p2a: Walking Wake|Flamethrower|p1a: Arceus\n|-supereffective|p1a: Arceus\n|-damage|p1a: Arceus|0 fnt\n|faint|p1a: Arceus\n|-damage|p2a: Walking Wake|20/100|[from] item: Life Orb\n|\n|win|p0y29643e3d", "uploadtime": 1783573184, "views": 0, "rating": 0, "private": 0, "password": null, "_winner": "p0y29643e3d", "_our_name": "p0x2964370a"}