{"id": "battle-gen9randombattle-663", "formatid": "gen9randombattle", "format": "[Gen 9] Random Battle", "players": ["p0x6634db3", "p0y6630ab9"], "log": "|init|battle\n|title|p0x6634db3 vs. p0y6630ab9\n|j|\u2606p0x6634db3\n|j|\u2606p0y6630ab9\n|t:|1783546827\n|gametype|singles\n|player|p1|p0x6634db3|170|\n|player|p2|p0y6630ab9|169|\n|gen|9\n|tier|[Gen 9] Random Battle\n|rule|Species Clause: Limit one of each Pok\u00e9mon\n|rule|HP Percentage Mod: HP is shown in percentages\n|rule|Sleep Clause Mod: Limit one foe put to sleep\n|rule|Illusion Level Mod: Illusion disguises the Pok\u00e9mon's true level\n|\n|t:|1783546827\n|teamsize|p1|6\n|teamsize|p2|6\n|start\n|switch|p1a: Latios|Latios, L78, M|253/253\n|switch|p2a: Banette|Banette, L93, M|100/100\n|turn|1\n|inactive|Battle timer is ON: inactive players will automatically lose when time's up. (requested by p0y6630ab9)\n|inactive|Time left: 300 sec this turn | 300 sec total | 60 sec grace\n|inactive|p0x6634db3 also wants the timer to be on.\n|\n|t:|1783546829\n|move|p1a: Latios|Draco Meteor|p2a: Banette\n|-damage|p2a: Banette|7/100\n|-unboost|p1a: Latios|spa|2\n|move|p2a: Banette|Poltergeist|p1a: Latios|[miss]\n|-miss|p2a: Banette|p1a: Latios\n|\n|upkeep\n|turn|2\n|inactive|Time left: 300 sec this turn | 300 sec total\n|\n|t:|1783546830\n|switch|p1a: Gouging Fire|Gouging Fire, L74|277/277\n|move|p2a: Banette|Poltergeist|p1a: Gouging Fire\n|-activate|p1a: Gouging Fire|move: Poltergeist|Heavy-Duty Boots\n|-crit|p1a: Gouging Fire\n|-damage|p1a: Gouging Fire|8/277\n|-damage|p2a: Banette|0 fnt|[from] item: Life Orb\n|faint|p2a: Banette\n|\n|upkeep\n|\n|t:|1783546831\n|switch|p2a: Flamigo|Flamigo, L82, F|100/100\n|turn|3\n|inactive|Time left: 300 sec this turn | 300 sec total\n|\n|t:|1783546832\n|move|p2a: Flamigo|Brave Bird|p1a: Gouging Fire\n|-damage|p1a: Gouging Fire|0 fnt\n|faint|p1a: Gouging Fire\n|-end|p1a: Gouging Fire|Protosynthesis|[silent]\n|-damage|p2a: Flamigo|99/100|[from] Recoil\n|\n|upkeep\n|inactive|Time left: 300 sec this turn | 300 sec total | 5 sec grace\n|\n|t:|1783546832\n|switch|p1a: Latios|Latios, L78, M|253/253\n|turn|4\n|inactive|Time left: 300 sec this turn | 300 sec total\n|\n|t:|1783546833\n|switch|p2a: Skarmory|Skarmory, L80, F|100/100\n|move|p1a: Latios|Luster Purge|p2a: Skarmory\n|-resisted|p2a: Skarmory\n|-damage|p2a: Skarmory|60/100\n|-unboost|p2a: Skarmory|spd|1\n|\n|-heal|p2a: Skarmory|66/100|[from] item: Leftovers\n|upkeep\n|turn|5\n|inactive|Time left: 300 sec this turn | 300 sec total\n|\n|t:|1783546834\n|switch|p2a: Raichu|Raichu-Alola, L87, M|100/100\n|move|p1a: Latios|Luster Purge|p2a: Raichu\n|-resisted|p2a: Raichu\n|-damage|p2a: Raichu|66/100\n|-unboost|p2a: Raichu|spd|1\n|\n|upkeep\n|turn|6\n|inactive|Time left: 300 sec this turn | 300 sec total\n|\n|t:|1783546835\n|move|p2a: Raichu|Nasty Plot|p2a: Raichu\n|-boost|p2a: Raichu|spa|2\n|move|p1a: Latios|Luster Purge|p2a: Raichu\n|-resisted|p2a: Raichu\n|-damage|p2a: Raichu|11/100\n|\n|upkeep\n|turn|7\n|inactive|Time left: 300 sec this turn | 300 sec total\n|\n|t:|1783546836\n|move|p2a: Raichu|Alluring Voice|p1a: Latios\n|-supereffective|p1a: Latios\n|-damage|p1a: Latios|0 fnt\n|faint|p1a: Latios\n|-damage|p2a: Raichu|2/100|[from] item: Life Orb\n|\n|upkeep\n|inactive|Time left: 300 sec this turn | 300 sec total | 5 sec grace\n|\n|t:|1783546837\n|switch|p1a: Registeel|Registeel, L81|262/262\n|turn|8\n|inactive|Time left: 300 sec this turn | 300 sec total\n|\n|t:|1783546838\n|move|p2a: Raichu|Thunderbolt|p1a: Registeel\n|-damage|p1a: Registeel|71/262\n|-damage|p2a: Raichu|0 fnt|[from] item: Life Orb\n|faint|p2a: Raichu\n|move|p1a: Registeel|Stealth Rock|p2: Raichu\n|-sidestart|p2: p0y6630ab9|move: Stealth Rock\n|\n|-heal|p1a: Registeel|87/262|[from] item: Leftovers\n|upkeep\n|\n|t:|1783546839\n|switch|p2a: Oinkologne|Oinkologne, L92, M|100/100\n|-damage|p2a: Oinkologne|88/100|[from] Stealth Rock\n|turn|9\n|inactive|Time left: 300 sec this turn | 300 sec total\n|\n|t:|1783546840\n|switch|p1a: Malamar|Malamar, L82, F|275/275\n|move|p2a: Oinkologne|High Horsepower|p1a: Malamar\n|-damage|p1a: Malamar|197/275\n|\n|-heal|p2a: Oinkologne|94/100|[from] item: Leftovers\n|upkeep\n|turn|10\n|inactive|Time left: 300 sec this turn | 300 sec total\n|\n|t:|1783546841\n|move|p2a: Oinkologne|Double-Edge|p1a: Malamar\n|-damage|p1a: Malamar|43/275\n|-damage|p2a: Oinkologne|80/100|[from] Recoil\n|move|p1a: Malamar|Superpower|p2a: Oinkologne\n|-supereffective|p2a: Oinkologne\n|-damage|p2a: Oinkologne|36/100\n|-boost|p1a: Malamar|atk|1\n|-boost|p1a: Malamar|def|1\n|\n|-heal|p2a: Oinkologne|42/100|[from] item: Leftovers\n|upkeep\n|turn|11\n|inactive|Time left: 300 sec this turn | 300 sec total\n|\n|t:|1783546842\n|move|p2a: Oinkologne|Double-Edge|p1a: Malamar\n|-damage|p1a: Malamar|0 fnt\n|faint|p1a: Malamar\n|-damage|p2a: Oinkologne|38/100|[from] Recoil\n|\n|-heal|p2a: Oinkologne|45/100|[from] item: Leftovers\n|upkeep\n|inactive|Time left: 300 sec this turn | 300 sec total | 5 sec grace\n|\n|t:|1783546843\n|switch|p1a: Spectrier|Spectrier, L75|274/274\n|turn|12\n|inactive|Time left: 300 sec this turn | 300 sec total\n|\n|t:|1783546845\n|-terastallize|p1a: Spectrier|Fairy\n|move|p1a: Spectrier|Nasty Plot|p1a: Spectrier\n|-boost|p1a: Spectrier|spa|2\n|move|p2a: Oinkologne|Lash Out|p1a: Spectrier\n|-resisted|p1a: Spectrier\n|-damage|p1a: Spectrier|227/274\n|\n|-heal|p2a: Oinkologne|51/100|[from] item: Leftovers\n|upkeep\n|turn|13\n|inactive|Time left: 300 sec this turn | 300 sec total\n|\n|t:|1783546846\n|move|p1a: Spectrier|Draining Kiss|p2a: Oinkologne\n|-damage|p2a: Oinkologne|3/100\n|-heal|p1a: Spectrier|274/274|[from] drain|[of] p2a: Oinkologne\n|-damage|p1a: Spectrier|247/274|[from] item: Life Orb\n|move|p2a: Oinkologne|Double-Edge|p1a: Spectrier\n|-damage|p1a: Spectrier|30/274\n|-damage|p2a: Oinkologne|0 fnt|[from] Recoil\n|faint|p2a: Oinkologne\n|\n|upkeep\n|\n|t:|1783546847\n|switch|p2a: Eiscue|Eiscue, L88, M|100/100\n|-damage|p2a: Eiscue|76/100|[from] Stealth Rock\n|turn|14\n|inactive|Time left: 300 sec this turn | 300 sec total\n|\n|t:|1783546848\n|move|p1a: Spectrier|Shadow Ball|p2a: Eiscue\n|-damage|p2a: Eiscue|0 fnt\n|faint|p2a: Eiscue\n|-ability|p1a: Spectrier|Grim Neigh|boost\n|-boost|p1a: Spectrier|spa|1\n|-damage|p1a: Spectrier|3/274|[from] item: Life Orb\n|\n|upkeep\n|\n|t:|1783546849\n|switch|p2a: Skarmory|Skarmory, L80, F|66/100\n|-damage|p2a: Skarmory|53/100|[from] Stealth Rock\n|turn|15\n|inactive|Time left: 300 sec this turn | 300 sec total\n|\n|t:|1783546850\n|-terastallize|p2a: Skarmory|Fighting\n|move|p1a: Spectrier|Draining Kiss|p2a: Skarmory\n|-supereffective|p2a: Skarmory\n|-damage|p2a: Skarmory|0 fnt\n|-heal|p1a: Spectrier|96/274|[from] drain|[of] p2a: Skarmory\n|faint|p2a: Skarmory\n|-ability|p1a: Spectrier|Grim Neigh|boost\n|-boost|p1a: Spectrier|spa|1\n|-damage|p1a: Spectrier|69/274|[from] item: Life Orb\n|\n|upkeep\n|\n|t:|1783546850\n|switch|p2a: Flamigo|Flamigo, L82, F|99/100\n|-damage|p2a: Flamigo|87/100|[from] Stealth Rock\n|turn|16\n|inactive|Time left: 300 sec this turn | 300 sec total\n|\n|t:|1783546851\n|move|p1a: Spectrier|Draining Kiss|p2a: Flamigo\n|-supereffective|p2a: Flamigo\n|-damage|p2a: Flamigo|0 fnt\n|-heal|p1a: Spectrier|244/274|[from] drain|[of] p2a: Flamigo\n|faint|p2a: Flamigo\n|-damage|p1a: Spectrier|217/274|[from] item: Life Orb\n|\n|win|p0x6634db3", "uploadtime": 1783546851, "views": 0, "rating": 0, "private": 0, "password": null, "_winner": "p0x6634db3", "_our_name": "p0x6634db3"}