{"id": "battle-gen9randombattle-1111", "formatid": "gen9randombattle", "format": "[Gen 9] Random Battle", "players": ["p0x111133a0", "p0y1111ced0"], "log": "|init|battle\n|title|p0x111133a0 vs. p0y1111ced0\n|j|\u2606p0x111133a0\n|j|\u2606p0y1111ced0\n|t:|1783552840\n|gametype|singles\n|player|p1|p0x111133a0|101|\n|player|p2|p0y1111ced0|102|\n|gen|9\n|tier|[Gen 9] Random Battle\n|rule|Species Clause: Limit one of each Pok\u00e9mon\n|rule|HP Percentage Mod: HP is shown in percentages\n|rule|Sleep Clause Mod: Limit one foe put to sleep\n|rule|Illusion Level Mod: Illusion disguises the Pok\u00e9mon's true level\n|\n|t:|1783552840\n|teamsize|p1|6\n|teamsize|p2|6\n|start\n|switch|p1a: Rayquaza|Rayquaza, L72|100/100\n|switch|p2a: Indeedee|Indeedee, L84, M|238/238\n|-fieldstart|move: Psychic Terrain|[from] ability: Psychic Surge|[of] p2a: Indeedee\n|-ability|p1a: Rayquaza|Air Lock\n|turn|1\n|inactive|Battle timer is ON: inactive players will automatically lose when time's up. (requested by p0y1111ced0)\n|\n|t:|1783552842\n|-terastallize|p1a: Rayquaza|Steel\n|move|p2a: Indeedee|Expanding Force|p1a: Rayquaza\n|-resisted|p1a: Rayquaza\n|-damage|p1a: Rayquaza|66/100\n|move|p1a: Rayquaza|Outrage|p2a: Indeedee\n|-damage|p2a: Indeedee|54/238\n|\n|upkeep\n|turn|2\n|inactive|Time left: 300 sec this turn | 300 sec total\n|inactive|p0x111133a0 also wants the timer to be on.\n|\n|t:|1783552843\n|move|p2a: Indeedee|Expanding Force|p1a: Rayquaza\n|-resisted|p1a: Rayquaza\n|-damage|p1a: Rayquaza|29/100\n|move|p1a: Rayquaza|Outrage|p2a: Indeedee|[from] lockedmove\n|-damage|p2a: Indeedee|0 fnt\n|faint|p2a: Indeedee\n|-start|p1a: Rayquaza|confusion|[fatigue]\n|\n|upkeep\n|inactive|Time left: 300 sec this turn | 300 sec total | 5 sec grace\n|\n|t:|1783552844\n|switch|p2a: Samurott|Samurott, L88, F|310/310\n|turn|3\n|inactive|Time left: 300 sec this turn | 300 sec total\n|\n|t:|1783552845\n|switch|p1a: Trevenant|Trevenant, L89, F|100/100\n|move|p2a: Samurott|Knock Off|p1a: Trevenant\n|-supereffective|p1a: Trevenant\n|-damage|p1a: Trevenant|40/100\n|-enditem|p1a: Trevenant|Sitrus Berry|[from] move: Knock Off|[of] p2a: Samurott\n|\n|upkeep\n|turn|4\n|inactive|Time left: 300 sec this turn | 300 sec total\n|\n|t:|1783552846\n|move|p2a: Samurott|Knock Off|p1a: Trevenant\n|-supereffective|p1a: Trevenant\n|-damage|p1a: Trevenant|3/100\n|move|p1a: Trevenant|Poltergeist|p2a: Samurott\n|-activate|p2a: Samurott|move: Poltergeist|Assault Vest\n|-damage|p2a: Samurott|162/310\n|\n|upkeep\n|turn|5\n|inactive|Time left: 300 sec this turn | 300 sec total\n|\n|t:|1783552847\n|move|p2a: Samurott|Hydro Pump|p1a: Trevenant\n|-resisted|p1a: Trevenant\n|-damage|p1a: Trevenant|0 fnt\n|faint|p1a: Trevenant\n|\n|-fieldend|move: Psychic Terrain\n|upkeep\n|\n|t:|1783552848\n|switch|p1a: Gallade|Gallade, L80, M|100/100\n|turn|6\n|inactive|Time left: 300 sec this turn | 300 sec total\n|\n|t:|1783552849\n|switch|p2a: Drifblim|Drifblim, L86, F|398/398\n|move|p1a: Gallade|Sacred Sword|p2a: Drifblim\n|-immune|p2a: Drifblim\n|\n|upkeep\n|turn|7\n|inactive|Time left: 300 sec this turn | 300 sec total\n|\n|t:|1783552851\n|move|p2a: Drifblim|Shadow Ball|p1a: Gallade\n|-supereffective|p1a: Gallade\n|-damage|p1a: Gallade|42/100\n|move|p1a: Gallade|Night Slash|p2a: Drifblim\n|-supereffective|p2a: Drifblim\n|-crit|p2a: Drifblim\n|-damage|p2a: Drifblim|0 fnt\n|-damage|p1a: Gallade|17/100|[from] ability: Aftermath|[of] p2a: Drifblim\n|faint|p2a: Drifblim\n|-damage|p1a: Gallade|7/100|[from] item: Life Orb\n|\n|upkeep\n|inactive|Time left: 300 sec this turn | 300 sec total | 5 sec grace\n|\n|t:|1783552852\n|switch|p2a: Gastrodon|Gastrodon-East, L86, F|331/331\n|turn|8\n|inactive|Time left: 300 sec this turn | 300 sec total\n|\n|t:|1783552853\n|move|p1a: Gallade|Sacred Sword|p2a: Gastrodon\n|-crit|p2a: Gastrodon\n|-damage|p2a: Gastrodon|0 fnt\n|faint|p2a: Gastrodon\n|-damage|p1a: Gallade|0 fnt|[from] item: Life Orb\n|faint|p1a: Gallade\n|\n|upkeep\n|inactive|Time left: 300 sec this turn | 300 sec total | 5 sec grace\n|\n|t:|1783552854\n|switch|p1a: Rayquaza|Rayquaza, L72, tera:Steel|29/100\n|switch|p2a: Goodra|Goodra, L85, M|292/292\n|-ability|p1a: Rayquaza|Air Lock\n|turn|9\n|inactive|Time left: 300 sec this turn | 300 sec total\n|\n|t:|1783552855\n|move|p2a: Goodra|Fire Blast|p1a: Rayquaza\n|-supereffective|p1a: Rayquaza\n|-damage|p1a: Rayquaza|0 fnt\n|faint|p1a: Rayquaza\n|\n|upkeep\n|\n|t:|1783552856\n|switch|p1a: Donphan|Donphan, L84, F|100/100\n|turn|10\n|inactive|Time left: 300 sec this turn | 300 sec total\n|\n|t:|1783552857\n|move|p2a: Goodra|Power Whip|p1a: Donphan\n|-supereffective|p1a: Donphan\n|-damage|p1a: Donphan|55/100\n|move|p1a: Donphan|Earthquake|p2a: Goodra\n|-damage|p2a: Goodra|138/292\n|\n|upkeep\n|turn|11\n|inactive|Time left: 300 sec this turn | 300 sec total\n|\n|t:|1783552859\n|move|p2a: Goodra|Power Whip|p1a: Donphan\n|-supereffective|p1a: Donphan\n|-damage|p1a: Donphan|5/100\n|move|p1a: Donphan|Earthquake|p2a: Goodra\n|-damage|p2a: Goodra|0 fnt\n|faint|p2a: Goodra\n|\n|upkeep\n|inactive|Time left: 300 sec this turn | 300 sec total | 5 sec grace\n|\n|t:|1783552861\n|switch|p2a: Gallade|Gallade, L80, M|240/240\n|turn|12\n|inactive|Time left: 300 sec this turn | 300 sec total\n|\n|t:|1783552862\n|move|p2a: Gallade|Sacred Sword|p1a: Donphan\n|-damage|p1a: Donphan|0 fnt\n|faint|p1a: Donphan\n|-damage|p2a: Gallade|216/240|[from] item: Life Orb\n|\n|upkeep\n|\n|t:|1783552863\n|switch|p1a: Ceruledge|Ceruledge, L78, F|100/100\n|turn|13\n|inactive|Time left: 300 sec this turn | 300 sec total\n|\n|t:|1783552864\n|switch|p1a: Piloswine|Piloswine, L85, F|100/100\n|-terastallize|p2a: Gallade|Fighting\n|move|p2a: Gallade|Night Slash|p1a: Piloswine\n|-damage|p1a: Piloswine|76/100\n|-damage|p2a: Gallade|192/240|[from] item: Life Orb\n|\n|upkeep\n|turn|14\n|inactive|Time left: 300 sec this turn | 300 sec total\n|\n|t:|1783552865\n|switch|p1a: Ceruledge|Ceruledge, L78, F|100/100\n|move|p2a: Gallade|Sacred Sword|p1a: Ceruledge\n|-immune|p1a: Ceruledge\n|\n|upkeep\n|turn|15\n|inactive|Time left: 300 sec this turn | 300 sec total\n|\n|t:|1783552865\n|switch|p1a: Piloswine|Piloswine, L85, F|76/100\n|move|p2a: Gallade|Night Slash|p1a: Piloswine\n|-damage|p1a: Piloswine|53/100\n|-damage|p2a: Gallade|168/240|[from] item: Life Orb\n|\n|upkeep\n|turn|16\n|inactive|Time left: 300 sec this turn | 300 sec total\n|\n|t:|1783552866\n|switch|p1a: Ceruledge|Ceruledge, L78, F|100/100\n|move|p2a: Gallade|Sacred Sword|p1a: Ceruledge\n|-immune|p1a: Ceruledge\n|\n|upkeep\n|turn|17\n|inactive|Time left: 300 sec this turn | 300 sec total\n|\n|t:|1783552867\n|switch|p1a: Piloswine|Piloswine, L85, F|53/100\n|move|p2a: Gallade|Night Slash|p1a: Piloswine\n|-damage|p1a: Piloswine|26/100\n|-damage|p2a: Gallade|144/240|[from] item: Life Orb\n|\n|upkeep\n|turn|18\n|inactive|Time left: 300 sec this turn | 300 sec total\n|\n|t:|1783552868\n|move|p2a: Gallade|Psycho Cut|p1a: Piloswine\n|-damage|p1a: Piloswine|0 fnt\n|faint|p1a: Piloswine\n|-damage|p2a: Gallade|120/240|[from] item: Life Orb\n|\n|upkeep\n|\n|t:|1783552869\n|switch|p1a: Ceruledge|Ceruledge, L78, F|100/100\n|turn|19\n|inactive|Time left: 300 sec this turn | 300 sec total\n|\n|t:|1783552870\n|move|p1a: Ceruledge|Swords Dance|p1a: Ceruledge\n|-boost|p1a: Ceruledge|atk|2\n|move|p2a: Gallade|Night Slash|p1a: Ceruledge\n|-supereffective|p1a: Ceruledge\n|-damage|p1a: Ceruledge|0 fnt\n|faint|p1a: Ceruledge\n|-damage|p2a: Gallade|96/240|[from] item: Life Orb\n|\n|win|p0y1111ced0", "uploadtime": 1783552870, "views": 0, "rating": 0, "private": 0, "password": null, "_winner": "p0y1111ced0", "_our_name": "p0y1111ced0"}