{"id": "battle-gen9randombattle-1287", "formatid": "gen9randombattle", "format": "[Gen 9] Random Battle", "players": ["p0x1287f97f", "p0y12874ef4"], "log": "|init|battle\n|title|p0x1287f97f vs. p0y12874ef4\n|j|\u2606p0x1287f97f\n|j|\u2606p0y12874ef4\n|t:|1783554060\n|gametype|singles\n|player|p1|p0x1287f97f|1|\n|player|p2|p0y12874ef4|101|\n|gen|9\n|tier|[Gen 9] Random Battle\n|rule|Species Clause: Limit one of each Pok\u00e9mon\n|rule|HP Percentage Mod: HP is shown in percentages\n|rule|Sleep Clause Mod: Limit one foe put to sleep\n|rule|Illusion Level Mod: Illusion disguises the Pok\u00e9mon's true level\n|\n|t:|1783554060\n|teamsize|p1|6\n|teamsize|p2|6\n|start\n|switch|p1a: Espathra|Espathra, L80, F|100/100\n|switch|p2a: Urshifu|Urshifu-Rapid-Strike, L75, M|274/274\n|turn|1\n|inactive|Battle timer is ON: inactive players will automatically lose when time's up. (requested by p0x1287f97f)\n|inactive|Time left: 300 sec this turn | 300 sec total | 60 sec grace\n|inactive|p0y12874ef4 also wants the timer to be on.\n|\n|t:|1783554062\n|-terastallize|p2a: Urshifu|Water\n|move|p1a: Espathra|Calm Mind|p1a: Espathra\n|-boost|p1a: Espathra|spa|1\n|-boost|p1a: Espathra|spd|1\n|move|p2a: Urshifu|Surging Strikes|p1a: Espathra\n|-crit|p1a: Espathra\n|-damage|p1a: Espathra|62/100\n|-crit|p1a: Espathra\n|-damage|p1a: Espathra|22/100\n|-crit|p1a: Espathra\n|-damage|p1a: Espathra|0 fnt\n|faint|p1a: Espathra\n|-hitcount|p1: Espathra|3\n|\n|upkeep\n|\n|t:|1783554063\n|switch|p1a: Koraidon|Koraidon, L64|100/100\n|-weather|SunnyDay|[from] ability: Orichalcum Pulse|[of] p1a: Koraidon\n|-activate|p1a: Koraidon|Orichalcum Pulse|[source]\n|turn|2\n|inactive|Time left: 300 sec this turn | 300 sec total\n|\n|t:|1783554064\n|move|p1a: Koraidon|Outrage|p2a: Urshifu\n|-damage|p2a: Urshifu|76/274\n|move|p2a: Urshifu|Surging Strikes|p1a: Koraidon\n|-resisted|p1a: Koraidon\n|-crit|p1a: Koraidon\n|-damage|p1a: Koraidon|91/100\n|-resisted|p1a: Koraidon\n|-crit|p1a: Koraidon\n|-damage|p1a: Koraidon|81/100\n|-resisted|p1a: Koraidon\n|-crit|p1a: Koraidon\n|-damage|p1a: Koraidon|72/100\n|-hitcount|p1a: Koraidon|3\n|\n|-weather|SunnyDay|[upkeep]\n|upkeep\n|turn|3\n|inactive|Time left: 300 sec this turn | 300 sec total\n|\n|t:|1783554065\n|switch|p2a: Bronzong|Bronzong, L88|261/261\n|move|p1a: Koraidon|Outrage|p2a: Bronzong|[from] lockedmove\n|-resisted|p2a: Bronzong\n|-damage|p2a: Bronzong|189/261\n|\n|-weather|SunnyDay|[upkeep]\n|-heal|p2a: Bronzong|205/261|[from] item: Leftovers\n|upkeep\n|turn|4\n|inactive|Time left: 300 sec this turn | 300 sec total\n|\n|t:|1783554067\n|move|p1a: Koraidon|Outrage|p2a: Bronzong|[from] lockedmove\n|-resisted|p2a: Bronzong\n|-damage|p2a: Bronzong|135/261\n|-start|p1a: Koraidon|confusion|[fatigue]\n|move|p2a: Bronzong|Psychic|p1a: Koraidon\n|-supereffective|p1a: Koraidon\n|-damage|p1a: Koraidon|0 fnt\n|faint|p1a: Koraidon\n|\n|-weather|SunnyDay|[upkeep]\n|-heal|p2a: Bronzong|151/261|[from] item: Leftovers\n|upkeep\n|\n|t:|1783554068\n|switch|p1a: Weavile|Weavile, L79, F|100/100\n|turn|5\n|inactive|Time left: 300 sec this turn | 300 sec total\n|\n|t:|1783554069\n|switch|p2a: Stonjourner|Stonjourner, L91, F|330/330\n|move|p1a: Weavile|Knock Off|p2a: Stonjourner\n|-damage|p2a: Stonjourner|255/330\n|-enditem|p2a: Stonjourner|Life Orb|[from] move: Knock Off|[of] p1a: Weavile\n|\n|-weather|SunnyDay|[upkeep]\n|upkeep\n|turn|6\n|inactive|Time left: 300 sec this turn | 300 sec total\n|\n|t:|1783554070\n|switch|p1a: Rhyperior|Rhyperior, L82, M|100/100\n|move|p2a: Stonjourner|Heat Crash|p1a: Rhyperior\n|-resisted|p1a: Rhyperior\n|-damage|p1a: Rhyperior|93/100\n|\n|-weather|none\n|upkeep\n|turn|7\n|inactive|Time left: 300 sec this turn | 300 sec total\n|\n|t:|1783554071\n|switch|p2a: Bronzong|Bronzong, L88|151/261\n|move|p1a: Rhyperior|Earthquake|p2a: Bronzong\n|-immune|p2a: Bronzong|[from] ability: Levitate\n|\n|-heal|p2a: Bronzong|167/261|[from] item: Leftovers\n|upkeep\n|turn|8\n|inactive|Time left: 300 sec this turn | 300 sec total\n|\n|t:|1783554072\n|move|p1a: Rhyperior|Megahorn|p2a: Bronzong\n|-damage|p2a: Bronzong|79/261\n|move|p2a: Bronzong|Psychic|p1a: Rhyperior\n|-damage|p1a: Rhyperior|69/100\n|\n|-heal|p2a: Bronzong|95/261|[from] item: Leftovers\n|upkeep\n|turn|9\n|inactive|Time left: 300 sec this turn | 300 sec total\n|\n|t:|1783554073\n|move|p1a: Rhyperior|Megahorn|p2a: Bronzong\n|-damage|p2a: Bronzong|8/261\n|move|p2a: Bronzong|Psychic|p1a: Rhyperior\n|-damage|p1a: Rhyperior|43/100\n|\n|-heal|p2a: Bronzong|24/261|[from] item: Leftovers\n|upkeep\n|turn|10\n|inactive|Time left: 300 sec this turn | 300 sec total\n|\n|t:|1783554073\n|move|p1a: Rhyperior|Stone Edge|p2a: Bronzong\n|-resisted|p2a: Bronzong\n|-damage|p2a: Bronzong|0 fnt\n|faint|p2a: Bronzong\n|\n|upkeep\n|inactive|Time left: 300 sec this turn | 300 sec total | 5 sec grace\n|\n|t:|1783554074\n|switch|p2a: Urshifu|Urshifu-Rapid-Strike, L75, M, tera:Water|76/274\n|turn|11\n|inactive|Time left: 300 sec this turn | 300 sec total\n|\n|t:|1783554075\n|switch|p1a: Meganium|Meganium, L90, F|100/100\n|move|p2a: Urshifu|Surging Strikes|p1a: Meganium\n|-resisted|p1a: Meganium\n|-crit|p1a: Meganium\n|-damage|p1a: Meganium|87/100\n|-resisted|p1a: Meganium\n|-crit|p1a: Meganium\n|-damage|p1a: Meganium|76/100\n|-resisted|p1a: Meganium\n|-crit|p1a: Meganium\n|-damage|p1a: Meganium|65/100\n|-hitcount|p1a: Meganium|3\n|\n|-heal|p1a: Meganium|71/100|[from] item: Leftovers\n|upkeep\n|turn|12\n|inactive|Time left: 300 sec this turn | 300 sec total\n|\n|t:|1783554076\n|switch|p2a: Vespiquen|Vespiquen, L99, F|299/299\n|-ability|p2a: Vespiquen|Pressure\n|move|p1a: Meganium|Energy Ball|p2a: Vespiquen\n|-resisted|p2a: Vespiquen\n|-damage|p2a: Vespiquen|281/299\n|\n|-heal|p1a: Meganium|77/100|[from] item: Leftovers\n|upkeep\n|turn|13\n|inactive|Time left: 300 sec this turn | 300 sec total\n|\n|t:|1783554077\n|switch|p1a: Pincurchin|Pincurchin, F|100/100\n|-fieldstart|move: Electric Terrain|[from] ability: Electric Surge|[of] p1a: Pincurchin\n|move|p2a: Vespiquen|Air Slash|p1a: Pincurchin\n|-resisted|p1a: Pincurchin\n|-damage|p1a: Pincurchin|85/100\n|\n|-heal|p1a: Pincurchin|92/100|[from] item: Leftovers\n|upkeep\n|turn|14\n|inactive|Time left: 300 sec this turn | 300 sec total\n|\n|t:|1783554078\n|switch|p2a: Wo-Chien|Wo-Chien, L83|277/277\n|-ability|p2a: Wo-Chien|Tablets of Ruin\n|move|p1a: Pincurchin|Thunderbolt|p2a: Wo-Chien\n|-resisted|p2a: Wo-Chien\n|-damage|p2a: Wo-Chien|219/277\n|\n|-heal|p2a: Wo-Chien|236/277|[from] item: Leftovers\n|-heal|p1a: Pincurchin|98/100|[from] item: Leftovers\n|upkeep\n|turn|15\n|inactive|Time left: 300 sec this turn | 300 sec total\n|\n|t:|1783554079\n|move|p2a: Wo-Chien|Leech Seed|p1a: Pincurchin\n|-start|p1a: Pincurchin|move: Leech Seed\n|move|p1a: Pincurchin|Thunderbolt|p2a: Wo-Chien\n|-resisted|p2a: Wo-Chien\n|-damage|p2a: Wo-Chien|173/277\n|\n|-heal|p2a: Wo-Chien|190/277|[from] item: Leftovers\n|-heal|p1a: Pincurchin|100/100|[from] item: Leftovers\n|-damage|p1a: Pincurchin|88/100|[from] Leech Seed|[of] p2a: Wo-Chien\n|-heal|p2a: Wo-Chien|222/277|[silent]\n|upkeep\n|turn|16\n|inactive|Time left: 300 sec this turn | 300 sec total\n|\n|t:|1783554080\n|switch|p1a: Meganium|Meganium, L90, F|77/100\n|move|p2a: Wo-Chien|Knock Off|p1a: Meganium\n|-damage|p1a: Meganium|51/100\n|-enditem|p1a: Meganium|Leftovers|[from] move: Knock Off|[of] p2a: Wo-Chien\n|\n|-heal|p2a: Wo-Chien|239/277|[from] item: Leftovers\n|upkeep\n|turn|17\n|inactive|Time left: 300 sec this turn | 300 sec total\n|\n|t:|1783554081\n|move|p1a: Meganium|Synthesis|p1a: Meganium\n|-heal|p1a: Meganium|100/100\n|move|p2a: Wo-Chien|Knock Off|p1a: Meganium\n|-damage|p1a: Meganium|83/100\n|\n|-heal|p2a: Wo-Chien|256/277|[from] item: Leftovers\n|-fieldend|move: Electric Terrain\n|upkeep\n|turn|18\n|inactive|Time left: 300 sec this turn | 300 sec total\n|\n|t:|1783554083\n|move|p1a: Meganium|Knock Off|p2a: Wo-Chien\n|-resisted|p2a: Wo-Chien\n|-damage|p2a: Wo-Chien|232/277\n|-enditem|p2a: Wo-Chien|Leftovers|[from] move: Knock Off|[of] p1a: Meganium\n|move|p2a: Wo-Chien|Knock Off|p1a: Meganium\n|-damage|p1a: Meganium|66/100\n|\n|upkeep\n|turn|19\n|inactive|Time left: 300 sec this turn | 300 sec total\n|\n|t:|1783554084\n|move|p1a: Meganium|Synthesis|p1a: Meganium\n|-heal|p1a: Meganium|100/100\n|move|p2a: Wo-Chien|Knock Off|p1a: Meganium\n|-damage|p1a: Meganium|83/100\n|\n|upkeep\n|turn|20\n|inactive|Time left: 300 sec this turn | 300 sec total\n|\n|t:|1783554085\n|move|p1a: Meganium|Synthesis|p1a: Meganium\n|-heal|p1a: Meganium|100/100\n|move|p2a: Wo-Chien|Knock Off|p1a: Meganium\n|-damage|p1a: Meganium|83/100\n|\n|upkeep\n|turn|21\n|inactive|Time left: 300 sec this turn | 300 sec total\n|\n|t:|1783554086\n|move|p1a: Meganium|Energy Ball|p2a: Wo-Chien\n|-resisted|p2a: Wo-Chien\n|-damage|p2a: Wo-Chien|194/277\n|move|p2a: Wo-Chien|Knock Off|p1a: Meganium\n|-damage|p1a: Meganium|64/100\n|\n|upkeep\n|turn|22\n|inactive|Time left: 300 sec this turn | 300 sec total\n|\n|t:|1783554087\n|move|p1a: Meganium|Energy Ball|p2a: Wo-Chien\n|-resisted|p2a: Wo-Chien\n|-damage|p2a: Wo-Chien|157/277\n|move|p2a: Wo-Chien|Knock Off|p1a: Meganium\n|-damage|p1a: Meganium|44/100\n|\n|upkeep\n|turn|23\n|inactive|Time left: 300 sec this turn | 300 sec total\n|\n|t:|1783554088\n|move|p1a: Meganium|Synthesis|p1a: Meganium\n|-heal|p1a: Meganium|94/100\n|move|p2a: Wo-Chien|Knock Off|p1a: Meganium\n|-damage|p1a: Meganium|76/100\n|\n|upkeep\n|turn|24\n|inactive|Time left: 300 sec this turn | 300 sec total\n|\n|t:|1783554089\n|move|p1a: Meganium|Energy Ball|p2a: Wo-Chien\n|-resisted|p2a: Wo-Chien\n|-damage|p2a: Wo-Chien|124/277\n|move|p2a: Wo-Chien|Knock Off|p1a: Meganium\n|-damage|p1a: Meganium|56/100\n|\n|upkeep\n|turn|25\n|inactive|Time left: 300 sec this turn | 300 sec total\n|\n|t:|1783554090\n|move|p1a: Meganium|Synthesis|p1a: Meganium\n|-heal|p1a: Meganium|100/100\n|move|p2a: Wo-Chien|Knock Off|p1a: Meganium\n|-damage|p1a: Meganium|81/100\n|\n|upkeep\n|turn|26\n|inactive|Time left: 300 sec this turn | 300 sec total\n|\n|t:|1783554091\n|move|p1a: Meganium|Synthesis|p1a: Meganium\n|-heal|p1a: Meganium|100/100\n|move|p2a: Wo-Chien|Knock Off|p1a: Meganium\n|-damage|p1a: Meganium|82/100\n|\n|upkeep\n|turn|27\n|inactive|Time left: 300 sec this turn | 300 sec total\n|\n|t:|1783554092\n|move|p1a: Meganium|Energy Ball|p2a: Wo-Chien\n|-resisted|p2a: Wo-Chien\n|-damage|p2a: Wo-Chien|91/277\n|move|p2a: Wo-Chien|Knock Off|p1a: Meganium\n|-damage|p1a: Meganium|64/100\n|\n|upkeep\n|turn|28\n|inactive|Time left: 300 sec this turn | 300 sec total\n|\n|t:|1783554093\n|move|p1a: Meganium|Synthesis|p1a: Meganium\n|-heal|p1a: Meganium|100/100\n|move|p2a: Wo-Chien|Knock Off|p1a: Meganium\n|-damage|p1a: Meganium|81/100\n|\n|upkeep\n|turn|29\n|inactive|Time left: 300 sec this turn | 300 sec total\n|\n|t:|1783554095\n|move|p1a: Meganium|Synthesis|p1a: Meganium\n|-heal|p1a: Meganium|100/100\n|move|p2a: Wo-Chien|Knock Off|p1a: Meganium\n|-damage|p1a: Meganium|82/100\n|\n|upkeep\n|turn|30\n|inactive|Time left: 300 sec this turn | 300 sec total\n|\n|t:|1783554096\n|move|p1a: Meganium|Energy Ball|p2a: Wo-Chien\n|-resisted|p2a: Wo-Chien\n|-damage|p2a: Wo-Chien|55/277\n|move|p2a: Wo-Chien|Knock Off|p1a: Meganium\n|-damage|p1a: Meganium|63/100\n|\n|upkeep\n|turn|31\n|inactive|Time left: 300 sec this turn | 300 sec total\n|\n|t:|1783554097\n|move|p1a: Meganium|Energy Ball|p2a: Wo-Chien\n|-resisted|p2a: Wo-Chien\n|-damage|p2a: Wo-Chien|22/277\n|move|p2a: Wo-Chien|Knock Off|p1a: Meganium\n|-damage|p1a: Meganium|44/100\n|\n|upkeep\n|turn|32\n|inactive|Time left: 300 sec this turn | 300 sec total\n|\n|t:|1783554098\n|move|p1a: Meganium|Energy Ball|p2a: Wo-Chien\n|-resisted|p2a: Wo-Chien\n|-damage|p2a: Wo-Chien|0 fnt\n|faint|p2a: Wo-Chien\n|\n|upkeep\n|inactive|Time left: 300 sec this turn | 300 sec total | 5 sec grace\n|\n|t:|1783554099\n|switch|p2a: Vespiquen|Vespiquen, L99, F|281/299\n|-ability|p2a: Vespiquen|Pressure\n|turn|33\n|inactive|Time left: 300 sec this turn | 300 sec total\n|\n|t:|1783554100\n|switch|p1a: Pincurchin|Pincurchin, F|88/100\n|-fieldstart|move: Electric Terrain|[from] ability: Electric Surge|[of] p1a: Pincurchin\n|move|p2a: Vespiquen|U-turn|p1a: Pincurchin\n|-damage|p1a: Pincurchin|61/100\n|inactive|Time left: 300 sec this turn | 300 sec total | 5 sec grace\n|\n|t:|1783554101\n|switch|p2a: Urshifu|Urshifu-Rapid-Strike, L75, M, tera:Water|76/274|[from] U-turn\n|\n|-heal|p1a: Pincurchin|68/100|[from] item: Leftovers\n|upkeep\n|turn|34\n|inactive|Time left: 300 sec this turn | 300 sec total\n|\n|t:|1783554102\n|-terastallize|p1a: Pincurchin|Water\n|move|p2a: Urshifu|Close Combat|p1a: Pincurchin\n|-damage|p1a: Pincurchin|2/100\n|-unboost|p2a: Urshifu|def|1\n|-unboost|p2a: Urshifu|spd|1\n|move|p1a: Pincurchin|Recover|p1a: Pincurchin\n|-heal|p1a: Pincurchin|52/100\n|\n|-heal|p1a: Pincurchin|58/100|[from] item: Leftovers\n|upkeep\n|turn|35\n|inactive|Time left: 300 sec this turn | 300 sec total\n|\n|t:|1783554103\n|move|p2a: Urshifu|Close Combat|p1a: Pincurchin\n|-damage|p1a: Pincurchin|0 fnt\n|-unboost|p2a: Urshifu|def|1\n|-unboost|p2a: Urshifu|spd|1\n|faint|p1a: Pincurchin\n|\n|upkeep\n|\n|t:|1783554104\n|switch|p1a: Weavile|Weavile, L79, F|100/100\n|turn|36\n|inactive|Time left: 300 sec this turn | 300 sec total\n|\n|t:|1783554105\n|move|p1a: Weavile|Low Kick|p2a: Urshifu\n|-damage|p2a: Urshifu|0 fnt\n|faint|p2a: Urshifu\n|\n|upkeep\n|inactive|Time left: 300 sec this turn | 300 sec total | 5 sec grace\n|\n|t:|1783554106\n|switch|p2a: Vespiquen|Vespiquen, L99, F|281/299\n|-ability|p2a: Vespiquen|Pressure\n|turn|37\n|inactive|Time left: 300 sec this turn | 300 sec total\n|\n|t:|1783554107\n|move|p1a: Weavile|Triple Axel|p2a: Vespiquen\n|-supereffective|p2a: Vespiquen\n|-damage|p2a: Vespiquen|243/299\n|-supereffective|p2a: Vespiquen\n|-damage|p2a: Vespiquen|177/299\n|-supereffective|p2a: Vespiquen\n|-damage|p2a: Vespiquen|73/299\n|-hitcount|p2a: Vespiquen|3\n|move|p2a: Vespiquen|U-turn|p1a: Weavile\n|-supereffective|p1a: Weavile\n|-damage|p1a: Weavile|3/100\n|inactive|Time left: 300 sec this turn | 300 sec total | 5 sec grace\n|\n|t:|1783554108\n|switch|p2a: Luvdisc|Luvdisc, F|247/247|[from] U-turn\n|\n|-fieldend|move: Electric Terrain\n|upkeep\n|turn|38\n|inactive|Time left: 300 sec this turn | 300 sec total\n|\n|t:|1783554109\n|switch|p1a: Meganium|Meganium, L90, F|44/100\n|move|p2a: Luvdisc|Flip Turn|p1a: Meganium\n|-resisted|p1a: Meganium\n|-damage|p1a: Meganium|37/100\n|inactive|Time left: 300 sec this turn | 300 sec total | 5 sec grace\n|\n|t:|1783554110\n|switch|p2a: Vespiquen|Vespiquen, L99, F|73/299|[from] Flip Turn\n|-ability|p2a: Vespiquen|Pressure\n|\n|upkeep\n|turn|39\n|inactive|Time left: 300 sec this turn | 300 sec total\n|\n|t:|1783554111\n|move|p1a: Meganium|Knock Off|p2a: Vespiquen\n|-damage|p2a: Vespiquen|22/299\n|-enditem|p2a: Vespiquen|Heavy-Duty Boots|[from] move: Knock Off|[of] p1a: Meganium\n|move|p2a: Vespiquen|Roost|p2a: Vespiquen\n|-heal|p2a: Vespiquen|172/299\n|-singleturn|p2a: Vespiquen|move: Roost\n|\n|upkeep\n|turn|40\n|inactive|Time left: 300 sec this turn | 300 sec total\n|\n|t:|1783554112\n|move|p1a: Meganium|Encore|p2a: Vespiquen\n|-start|p2a: Vespiquen|Encore\n|move|p2a: Vespiquen|Roost|p2a: Vespiquen\n|-heal|p2a: Vespiquen|299/299\n|-singleturn|p2a: Vespiquen|move: Roost\n|\n|upkeep\n|turn|41\n|inactive|Time left: 300 sec this turn | 300 sec total\n|\n|t:|1783554113\n|move|p1a: Meganium|Energy Ball|p2a: Vespiquen\n|-resisted|p2a: Vespiquen\n|-damage|p2a: Vespiquen|280/299\n|move|p2a: Vespiquen|Roost|p2a: Vespiquen\n|-heal|p2a: Vespiquen|299/299\n|-singleturn|p2a: Vespiquen|move: Roost\n|\n|upkeep\n|turn|42\n|inactive|Time left: 300 sec this turn | 300 sec total\n|\n|t:|1783554114\n|move|p1a: Meganium|Energy Ball|p2a: Vespiquen\n|-resisted|p2a: Vespiquen\n|-damage|p2a: Vespiquen|281/299\n|move|p2a: Vespiquen|Roost|p2a: Vespiquen\n|-heal|p2a: Vespiquen|299/299\n|-singleturn|p2a: Vespiquen|move: Roost\n|\n|-end|p2a: Vespiquen|Encore\n|upkeep\n|turn|43\n|inactive|Time left: 300 sec this turn | 300 sec total\n|\n|t:|1783554115\n|move|p1a: Meganium|Encore|p2a: Vespiquen\n|-start|p2a: Vespiquen|Encore\n|move|p2a: Vespiquen|Roost||[still]\n|-fail|p2a: Vespiquen|heal\n|\n|upkeep\n|turn|44\n|inactive|Time left: 300 sec this turn | 300 sec total\n|\n|t:|1783554116\n|move|p1a: Meganium|Energy Ball|p2a: Vespiquen\n|-resisted|p2a: Vespiquen\n|-damage|p2a: Vespiquen|279/299\n|move|p2a: Vespiquen|Roost|p2a: Vespiquen\n|-heal|p2a: Vespiquen|299/299\n|-singleturn|p2a: Vespiquen|move: Roost\n|\n|upkeep\n|turn|45\n|inactive|Time left: 300 sec this turn | 300 sec total\n|\n|t:|1783554117\n|move|p1a: Meganium|Encore||[still]\n|-fail|p1a: Meganium\n|move|p2a: Vespiquen|Roost||[still]\n|-fail|p2a: Vespiquen|heal\n|\n|-end|p2a: Vespiquen|Encore\n|upkeep\n|turn|46\n|inactive|Time left: 300 sec this turn | 300 sec total\n|\n|t:|1783554118\n|switch|p2a: Luvdisc|Luvdisc, F|247/247\n|move|p1a: Meganium|Encore||[still]\n|-fail|p1a: Meganium\n|\n|upkeep\n|turn|47\n|inactive|Time left: 300 sec this turn | 300 sec total\n|\n|t:|1783554119\n|move|p2a: Luvdisc|Flip Turn|p1a: Meganium\n|-resisted|p1a: Meganium\n|-damage|p1a: Meganium|31/100\n|inactive|Time left: 300 sec this turn | 300 sec total | 5 sec grace\n|\n|t:|1783554120\n|switch|p2a: Vespiquen|Vespiquen, L99, F|299/299|[from] Flip Turn\n|-ability|p2a: Vespiquen|Pressure\n|move|p1a: Meganium|Energy Ball|p2a: Vespiquen\n|-resisted|p2a: Vespiquen\n|-damage|p2a: Vespiquen|271/299\n|\n|upkeep\n|turn|48\n|inactive|Time left: 300 sec this turn | 300 sec total\n|\n|t:|1783554121\n|switch|p1a: Weavile|Weavile, L79, F|3/100\n|move|p2a: Vespiquen|U-turn|p1a: Weavile\n|-supereffective|p1a: Weavile\n|-damage|p1a: Weavile|0 fnt\n|faint|p1a: Weavile\n|inactive|Time left: 300 sec this turn | 300 sec total | 5 sec grace\n|\n|t:|1783554122\n|switch|p2a: Luvdisc|Luvdisc, F|247/247|[from] U-turn\n|\n|upkeep\n|\n|t:|1783554123\n|switch|p1a: Meganium|Meganium, L90, F|31/100\n|turn|49\n|inactive|Time left: 300 sec this turn | 300 sec total\n|\n|t:|1783554124\n|move|p2a: Luvdisc|Surf|p1a: Meganium\n|-resisted|p1a: Meganium\n|-crit|p1a: Meganium\n|-damage|p1a: Meganium|15/100\n|move|p1a: Meganium|Knock Off|p2a: Luvdisc\n|-damage|p2a: Luvdisc|170/247\n|-enditem|p2a: Luvdisc|Heavy-Duty Boots|[from] move: Knock Off|[of] p1a: Meganium\n|\n|upkeep\n|turn|50\n|inactive|Time left: 300 sec this turn | 300 sec total\n|\n|t:|1783554126\n|move|p2a: Luvdisc|Surf|p1a: Meganium\n|-resisted|p1a: Meganium\n|-damage|p1a: Meganium|5/100\n|move|p1a: Meganium|Knock Off|p2a: Luvdisc\n|-damage|p2a: Luvdisc|117/247\n|\n|upkeep\n|turn|51\n|inactive|Time left: 300 sec this turn | 300 sec total\n|\n|t:|1783554127\n|move|p2a: Luvdisc|Surf|p1a: Meganium\n|-resisted|p1a: Meganium\n|-damage|p1a: Meganium|0 fnt\n|faint|p1a: Meganium\n|\n|upkeep\n|\n|t:|1783554128\n|switch|p1a: Rhyperior|Rhyperior, L82, M|43/100\n|turn|52\n|inactive|Time left: 300 sec this turn | 300 sec total\n|\n|t:|1783554129\n|move|p2a: Luvdisc|Surf|p1a: Rhyperior\n|-supereffective|p1a: Rhyperior\n|-damage|p1a: Rhyperior|0 fnt\n|faint|p1a: Rhyperior\n|\n|win|p0y12874ef4", "uploadtime": 1783554129, "views": 0, "rating": 0, "private": 0, "password": null, "_winner": "p0y12874ef4", "_our_name": "p0y12874ef4"}