{"id": "battle-gen9randombattle-2931", "formatid": "gen9randombattle", "format": "[Gen 9] Random Battle", "players": ["p0x2931f64c", "p0y2931f4cf"], "log": "|init|battle\n|title|p0x2931f64c vs. p0y2931f4cf\n|j|\u2606p0x2931f64c\n|j|\u2606p0y2931f4cf\n|t:|1783572782\n|gametype|singles\n|player|p1|p0x2931f64c|265|\n|player|p2|p0y2931f4cf|1|\n|gen|9\n|tier|[Gen 9] Random Battle\n|rule|Species Clause: Limit one of each Pok\u00e9mon\n|rule|HP Percentage Mod: HP is shown in percentages\n|rule|Sleep Clause Mod: Limit one foe put to sleep\n|rule|Illusion Level Mod: Illusion disguises the Pok\u00e9mon's true level\n|\n|t:|1783572782\n|teamsize|p1|6\n|teamsize|p2|6\n|start\n|switch|p1a: Cinderace|Cinderace, L77, M|249/249\n|switch|p2a: Squawkabilly|Squawkabilly, L85, M|100/100\n|turn|1\n|inactive|Battle timer is ON: inactive players will automatically lose when time's up. (requested by p0x2931f64c)\n|inactive|p0y2931f4cf also wants the timer to be on.\n|\n|t:|1783572783\n|move|p1a: Cinderace|Pyro Ball|p2a: Squawkabilly\n|-damage|p2a: Squawkabilly|0 fnt\n|faint|p2a: Squawkabilly\n|\n|upkeep\n|\n|t:|1783572784\n|switch|p2a: Snorlax|Snorlax, L82, F|100/100\n|turn|2\n|inactive|Time left: 300 sec this turn | 300 sec total\n|\n|t:|1783572785\n|move|p1a: Cinderace|Pyro Ball|p2a: Snorlax|[miss]\n|-miss|p1a: Cinderace|p2a: Snorlax\n|move|p2a: Snorlax|Body Slam|p1a: Cinderace\n|-crit|p1a: Cinderace\n|-damage|p1a: Cinderace|69/249\n|-status|p1a: Cinderace|par\n|\n|upkeep\n|turn|3\n|inactive|Time left: 300 sec this turn | 300 sec total\n|\n|t:|1783572786\n|cant|p1a: Cinderace|par\n|move|p2a: Snorlax|Body Slam|p1a: Cinderace\n|-damage|p1a: Cinderace|0 fnt\n|faint|p1a: Cinderace\n|\n|upkeep\n|inactive|Time left: 300 sec this turn | 300 sec total | 5 sec grace\n|\n|t:|1783572787\n|switch|p1a: Golem|Golem-Alola, L93, F|300/300\n|turn|4\n|inactive|Time left: 300 sec this turn | 300 sec total\n|\n|t:|1783572787\n|-terastallize|p2a: Snorlax|Ground\n|move|p1a: Golem|Stone Edge|p2a: Snorlax\n|-resisted|p2a: Snorlax\n|-damage|p2a: Snorlax|70/100\n|-damage|p1a: Golem|270/300|[from] item: Life Orb\n|move|p2a: Snorlax|Earthquake|p1a: Golem\n|-supereffective|p1a: Golem\n|-damage|p1a: Golem|0 fnt\n|faint|p1a: Golem\n|\n|upkeep\n|inactive|Time left: 300 sec this turn | 300 sec total | 5 sec grace\n|\n|t:|1783572788\n|switch|p1a: Haxorus|Haxorus, L77, M|244/244\n|-ability|p1a: Haxorus|Mold Breaker\n|turn|5\n|inactive|Time left: 300 sec this turn | 300 sec total\n|\n|t:|1783572789\n|move|p1a: Haxorus|Dragon Dance|p1a: Haxorus\n|-boost|p1a: Haxorus|atk|1\n|-boost|p1a: Haxorus|spe|1\n|move|p2a: Snorlax|Earthquake|p1a: Haxorus\n|-damage|p1a: Haxorus|135/244\n|\n|upkeep\n|turn|6\n|inactive|Time left: 300 sec this turn | 300 sec total\n|\n|t:|1783572789\n|move|p1a: Haxorus|Outrage|p2a: Snorlax\n|-damage|p2a: Snorlax|0 fnt\n|faint|p2a: Snorlax\n|\n|upkeep\n|\n|t:|1783572790\n|switch|p2a: Flutter Mane|Flutter Mane, L74|100/100\n|turn|7\n|inactive|Time left: 300 sec this turn | 300 sec total\n|\n|t:|1783572791\n|move|p1a: Haxorus|Outrage|p2a: Flutter Mane|[from] lockedmove\n|-immune|p2a: Flutter Mane\n|-start|p1a: Haxorus|confusion|[fatigue]\n|-enditem|p1a: Haxorus|Lum Berry|[eat]\n|-end|p1a: Haxorus|confusion\n|move|p2a: Flutter Mane|Shadow Ball|p1a: Haxorus\n|-damage|p1a: Haxorus|0 fnt\n|faint|p1a: Haxorus\n|\n|upkeep\n|inactive|Time left: 300 sec this turn | 300 sec total | 5 sec grace\n|\n|t:|1783572792\n|switch|p1a: Hitmonchan|Hitmonchan, L87, M|229/229\n|turn|8\n|inactive|Time left: 300 sec this turn | 300 sec total\n|\n|t:|1783572793\n|-end|p2a: Flutter Mane|Protosynthesis|[silent]\n|switch|p2a: Spiritomb|Spiritomb, L89, F|100/100\n|move|p1a: Hitmonchan|Bulk Up|p1a: Hitmonchan\n|-boost|p1a: Hitmonchan|atk|1\n|-boost|p1a: Hitmonchan|def|1\n|\n|upkeep\n|turn|9\n|inactive|Time left: 300 sec this turn | 300 sec total\n|\n|t:|1783572793\n|move|p1a: Hitmonchan|Bulk Up|p1a: Hitmonchan\n|-boost|p1a: Hitmonchan|atk|1\n|-boost|p1a: Hitmonchan|def|1\n|move|p2a: Spiritomb|Foul Play|p1a: Hitmonchan\n|-resisted|p1a: Hitmonchan\n|-damage|p1a: Hitmonchan|167/229\n|\n|-heal|p1a: Hitmonchan|181/229|[from] item: Leftovers\n|upkeep\n|turn|10\n|inactive|Time left: 300 sec this turn | 300 sec total\n|\n|t:|1783572794\n|move|p1a: Hitmonchan|Knock Off|p2a: Spiritomb\n|-damage|p2a: Spiritomb|45/100\n|-enditem|p2a: Spiritomb|Leftovers|[from] move: Knock Off|[of] p1a: Hitmonchan\n|move|p2a: Spiritomb|Foul Play|p1a: Hitmonchan\n|-resisted|p1a: Hitmonchan\n|-damage|p1a: Hitmonchan|124/229\n|\n|-heal|p1a: Hitmonchan|138/229|[from] item: Leftovers\n|upkeep\n|turn|11\n|inactive|Time left: 300 sec this turn | 300 sec total\n|\n|t:|1783572795\n|move|p1a: Hitmonchan|Knock Off|p2a: Spiritomb\n|-damage|p2a: Spiritomb|9/100\n|move|p2a: Spiritomb|Pain Split|p1a: Hitmonchan\n|-sethp|p1a: Hitmonchan|79/229|[from] move: Pain Split|[silent]\n|-sethp|p2a: Spiritomb|34/100|[from] move: Pain Split\n|\n|-heal|p1a: Hitmonchan|93/229|[from] item: Leftovers\n|upkeep\n|turn|12\n|inactive|Time left: 300 sec this turn | 300 sec total\n|\n|t:|1783572796\n|move|p1a: Hitmonchan|Knock Off|p2a: Spiritomb\n|-damage|p2a: Spiritomb|0 fnt\n|faint|p2a: Spiritomb\n|\n|-heal|p1a: Hitmonchan|107/229|[from] item: Leftovers\n|upkeep\n|\n|t:|1783572797\n|switch|p2a: Flutter Mane|Flutter Mane, L74|100/100\n|turn|13\n|inactive|Time left: 300 sec this turn | 300 sec total\n|\n|t:|1783572798\n|move|p2a: Flutter Mane|Moonblast|p1a: Hitmonchan\n|-supereffective|p1a: Hitmonchan\n|-damage|p1a: Hitmonchan|0 fnt\n|faint|p1a: Hitmonchan\n|\n|upkeep\n|inactive|Time left: 300 sec this turn | 300 sec total | 5 sec grace\n|\n|t:|1783572799\n|switch|p1a: Dudunsparce|Dudunsparce-Three-Segment, L83, F|343/343\n|turn|14\n|inactive|Time left: 300 sec this turn | 300 sec total\n|\n|t:|1783572800\n|move|p2a: Flutter Mane|Moonblast|p1a: Dudunsparce\n|-damage|p1a: Dudunsparce|180/343\n|-unboost|p1a: Dudunsparce|spa|1\n|move|p1a: Dudunsparce|Earthquake|p2a: Flutter Mane\n|-damage|p2a: Flutter Mane|45/100\n|\n|-heal|p1a: Dudunsparce|201/343|[from] item: Leftovers\n|upkeep\n|turn|15\n|inactive|Time left: 300 sec this turn | 300 sec total\n|\n|t:|1783572801\n|move|p2a: Flutter Mane|Moonblast|p1a: Dudunsparce\n|-damage|p1a: Dudunsparce|32/343\n|-unboost|p1a: Dudunsparce|spa|1\n|move|p1a: Dudunsparce|Earthquake|p2a: Flutter Mane\n|-damage|p2a: Flutter Mane|0 fnt\n|faint|p2a: Flutter Mane\n|-end|p2a: Flutter Mane|Protosynthesis|[silent]\n|\n|-heal|p1a: Dudunsparce|53/343|[from] item: Leftovers\n|upkeep\n|\n|t:|1783572802\n|switch|p2a: Goodra|Goodra, L85, M|100/100\n|turn|16\n|inactive|Time left: 300 sec this turn | 300 sec total\n|\n|t:|1783572803\n|switch|p1a: Pachirisu|Pachirisu, L96, F|271/271\n|move|p2a: Goodra|Earthquake|p1a: Pachirisu\n|-supereffective|p1a: Pachirisu\n|-damage|p1a: Pachirisu|117/271\n|\n|upkeep\n|turn|17\n|inactive|Time left: 300 sec this turn | 300 sec total\n|\n|t:|1783572804\n|move|p1a: Pachirisu|Nuzzle|p2a: Goodra\n|-resisted|p2a: Goodra\n|-damage|p2a: Goodra|97/100\n|-status|p2a: Goodra|par\n|move|p2a: Goodra|Earthquake|p1a: Pachirisu\n|-supereffective|p1a: Pachirisu\n|-damage|p1a: Pachirisu|0 fnt\n|faint|p1a: Pachirisu\n|\n|upkeep\n|inactive|Time left: 300 sec this turn | 300 sec total | 5 sec grace\n|\n|t:|1783572805\n|switch|p1a: Dudunsparce|Dudunsparce-Three-Segment, L83, F|53/343\n|turn|18\n|inactive|Time left: 300 sec this turn | 300 sec total\n|\n|t:|1783572806\n|switch|p2a: Brute Bonnet|Brute Bonnet, L80|100/100\n|move|p1a: Dudunsparce|Roost|p1a: Dudunsparce\n|-heal|p1a: Dudunsparce|225/343\n|-singleturn|p1a: Dudunsparce|move: Roost\n|\n|-heal|p1a: Dudunsparce|246/343|[from] item: Leftovers\n|upkeep\n|turn|19\n|inactive|Time left: 300 sec this turn | 300 sec total\n|\n|t:|1783572807\n|-terastallize|p1a: Dudunsparce|Poison\n|move|p1a: Dudunsparce|Toxic|p2a: Brute Bonnet\n|-status|p2a: Brute Bonnet|tox\n|move|p2a: Brute Bonnet|Spore|p1a: Dudunsparce\n|-status|p1a: Dudunsparce|slp|[from] move: Spore\n|\n|-heal|p1a: Dudunsparce|267/343 slp|[from] item: Leftovers\n|-damage|p2a: Brute Bonnet|94/100 tox|[from] psn\n|upkeep\n|turn|20\n|inactive|Time left: 300 sec this turn | 300 sec total\n|\n|t:|1783572808\n|-end|p2a: Brute Bonnet|Protosynthesis|[silent]\n|switch|p2a: Goodra|Goodra, L85, M|97/100 par\n|cant|p1a: Dudunsparce|slp\n|\n|-heal|p1a: Dudunsparce|288/343 slp|[from] item: Leftovers\n|upkeep\n|turn|21\n|inactive|Time left: 300 sec this turn | 300 sec total\n|\n|t:|1783572809\n|-curestatus|p1a: Dudunsparce|slp|[msg]\n|move|p1a: Dudunsparce|Earthquake|p2a: Goodra\n|-damage|p2a: Goodra|70/100 par\n|move|p2a: Goodra|Earthquake|p1a: Dudunsparce\n|-supereffective|p1a: Dudunsparce\n|-damage|p1a: Dudunsparce|136/343\n|\n|-heal|p1a: Dudunsparce|157/343|[from] item: Leftovers\n|upkeep\n|turn|22\n|inactive|Time left: 300 sec this turn | 300 sec total\n|\n|t:|1783572811\n|move|p1a: Dudunsparce|Roost|p1a: Dudunsparce\n|-heal|p1a: Dudunsparce|329/343\n|move|p2a: Goodra|Earthquake|p1a: Dudunsparce\n|-supereffective|p1a: Dudunsparce\n|-damage|p1a: Dudunsparce|173/343\n|\n|-heal|p1a: Dudunsparce|194/343|[from] item: Leftovers\n|upkeep\n|turn|23\n|inactive|Time left: 300 sec this turn | 300 sec total\n|\n|t:|1783572812\n|move|p1a: Dudunsparce|Roost|p1a: Dudunsparce\n|-heal|p1a: Dudunsparce|343/343\n|move|p2a: Goodra|Earthquake|p1a: Dudunsparce\n|-supereffective|p1a: Dudunsparce\n|-damage|p1a: Dudunsparce|187/343\n|\n|-heal|p1a: Dudunsparce|208/343|[from] item: Leftovers\n|upkeep\n|turn|24\n|inactive|Time left: 300 sec this turn | 300 sec total\n|\n|t:|1783572813\n|move|p1a: Dudunsparce|Roost|p1a: Dudunsparce\n|-heal|p1a: Dudunsparce|343/343\n|move|p2a: Goodra|Earthquake|p1a: Dudunsparce\n|-supereffective|p1a: Dudunsparce\n|-damage|p1a: Dudunsparce|175/343\n|\n|-heal|p1a: Dudunsparce|196/343|[from] item: Leftovers\n|upkeep\n|turn|25\n|inactive|Time left: 300 sec this turn | 300 sec total\n|\n|t:|1783572814\n|move|p1a: Dudunsparce|Roost|p1a: Dudunsparce\n|-heal|p1a: Dudunsparce|343/343\n|move|p2a: Goodra|Earthquake|p1a: Dudunsparce\n|-supereffective|p1a: Dudunsparce\n|-damage|p1a: Dudunsparce|189/343\n|\n|-heal|p1a: Dudunsparce|210/343|[from] item: Leftovers\n|upkeep\n|turn|26\n|inactive|Time left: 300 sec this turn | 300 sec total\n|\n|t:|1783572816\n|move|p1a: Dudunsparce|Roost|p1a: Dudunsparce\n|-heal|p1a: Dudunsparce|343/343\n|move|p2a: Goodra|Earthquake|p1a: Dudunsparce\n|-supereffective|p1a: Dudunsparce\n|-damage|p1a: Dudunsparce|189/343\n|\n|-heal|p1a: Dudunsparce|210/343|[from] item: Leftovers\n|upkeep\n|turn|27\n|inactive|Time left: 300 sec this turn | 300 sec total\n|\n|t:|1783572817\n|move|p1a: Dudunsparce|Roost|p1a: Dudunsparce\n|-heal|p1a: Dudunsparce|343/343\n|move|p2a: Goodra|Earthquake|p1a: Dudunsparce\n|-supereffective|p1a: Dudunsparce\n|-damage|p1a: Dudunsparce|183/343\n|\n|-heal|p1a: Dudunsparce|204/343|[from] item: Leftovers\n|upkeep\n|turn|28\n|inactive|Time left: 300 sec this turn | 300 sec total\n|\n|t:|1783572818\n|move|p1a: Dudunsparce|Roost|p1a: Dudunsparce\n|-heal|p1a: Dudunsparce|343/343\n|move|p2a: Goodra|Earthquake|p1a: Dudunsparce\n|-supereffective|p1a: Dudunsparce\n|-damage|p1a: Dudunsparce|177/343\n|\n|-heal|p1a: Dudunsparce|198/343|[from] item: Leftovers\n|upkeep\n|turn|29\n|inactive|Time left: 300 sec this turn | 300 sec total\n|\n|t:|1783572819\n|move|p1a: Dudunsparce|Earthquake|p2a: Goodra\n|-damage|p2a: Goodra|41/100 par\n|move|p2a: Goodra|Earthquake|p1a: Dudunsparce\n|-supereffective|p1a: Dudunsparce\n|-damage|p1a: Dudunsparce|34/343\n|\n|-heal|p1a: Dudunsparce|55/343|[from] item: Leftovers\n|upkeep\n|turn|30\n|inactive|Time left: 300 sec this turn | 300 sec total\n|\n|t:|1783572821\n|switch|p2a: Brute Bonnet|Brute Bonnet, L80|94/100 tox\n|move|p1a: Dudunsparce|Boomburst|p2a: Brute Bonnet\n|-damage|p2a: Brute Bonnet|55/100 tox\n|\n|-heal|p1a: Dudunsparce|76/343|[from] item: Leftovers\n|-heal|p2a: Brute Bonnet|61/100 tox|[from] item: Leftovers\n|-damage|p2a: Brute Bonnet|55/100 tox|[from] psn\n|upkeep\n|turn|31\n|inactive|Time left: 300 sec this turn | 300 sec total\n|\n|t:|1783572822\n|move|p1a: Dudunsparce|Boomburst|p2a: Brute Bonnet\n|-damage|p2a: Brute Bonnet|12/100 tox\n|move|p2a: Brute Bonnet|Crunch|p1a: Dudunsparce\n|-damage|p1a: Dudunsparce|0 fnt\n|faint|p1a: Dudunsparce\n|\n|win|p0y2931f4cf", "uploadtime": 1783572822, "views": 0, "rating": 0, "private": 0, "password": null, "_winner": "p0y2931f4cf", "_our_name": "p0x2931f64c"}