{"id": "battle-gen9randombattle-2915", "formatid": "gen9randombattle", "format": "[Gen 9] Random Battle", "players": ["p0x2915a573", "p0y2915d7f8"], "log": "|init|battle\n|title|p0x2915a573 vs. p0y2915d7f8\n|j|\u2606p0x2915a573\n|j|\u2606p0y2915d7f8\n|t:|1783573566\n|gametype|singles\n|player|p1|p0x2915a573|102|\n|player|p2|p0y2915d7f8|102|\n|gen|9\n|tier|[Gen 9] Random Battle\n|rule|Species Clause: Limit one of each Pok\u00e9mon\n|rule|HP Percentage Mod: HP is shown in percentages\n|rule|Sleep Clause Mod: Limit one foe put to sleep\n|rule|Illusion Level Mod: Illusion disguises the Pok\u00e9mon's true level\n|\n|t:|1783573566\n|teamsize|p1|6\n|teamsize|p2|6\n|start\n|switch|p1a: Whimsicott|Whimsicott, L84, M|238/238\n|switch|p2a: Annihilape|Annihilape, L76, F|100/100\n|turn|1\n|inactive|Battle timer is ON: inactive players will automatically lose when time's up. (requested by p0y2915d7f8)\n|inactive|Time left: 300 sec this turn | 300 sec total | 60 sec grace\n|inactive|p0x2915a573 also wants the timer to be on.\n|\n|t:|1783573568\n|move|p1a: Whimsicott|Moonblast|p2a: Annihilape\n|-supereffective|p2a: Annihilape\n|-damage|p2a: Annihilape|39/100\n|move|p2a: Annihilape|Gunk Shot|p1a: Whimsicott\n|-supereffective|p1a: Whimsicott\n|-damage|p1a: Whimsicott|0 fnt\n|faint|p1a: Whimsicott\n|\n|-heal|p2a: Annihilape|45/100|[from] item: Leftovers\n|upkeep\n|inactive|Time left: 300 sec this turn | 300 sec total | 65 sec grace\n|\n|t:|1783573569\n|switch|p1a: Pelipper|Pelipper, L86, M|243/243\n|-weather|RainDance|[from] ability: Drizzle|[of] p1a: Pelipper\n|turn|2\n|inactive|Time left: 300 sec this turn | 300 sec total\n|\n|t:|1783573570\n|switch|p2a: Abomasnow|Abomasnow, L84, F|100/100\n|-weather|Snowscape|[from] ability: Snow Warning|[of] p2a: Abomasnow\n|move|p1a: Pelipper|Surf|p2a: Abomasnow\n|-resisted|p2a: Abomasnow\n|-damage|p2a: Abomasnow|83/100\n|\n|-weather|Snowscape|[upkeep]\n|upkeep\n|turn|3\n|inactive|Time left: 300 sec this turn | 300 sec total\n|\n|t:|1783573571\n|move|p1a: Pelipper|Hurricane|p2a: Abomasnow\n|-supereffective|p2a: Abomasnow\n|-damage|p2a: Abomasnow|3/100\n|-start|p2a: Abomasnow|confusion\n|-activate|p2a: Abomasnow|confusion\n|move|p2a: Abomasnow|Aurora Veil|p2a: Abomasnow\n|-sidestart|p2: p0y2915d7f8|move: Aurora Veil\n|\n|-weather|Snowscape|[upkeep]\n|upkeep\n|turn|4\n|inactive|Time left: 300 sec this turn | 300 sec total\n|\n|t:|1783573572\n|switch|p2a: Electrode|Electrode, L92|100/100\n|move|p1a: Pelipper|Surf|p2a: Electrode\n|-damage|p2a: Electrode|80/100\n|\n|-weather|Snowscape|[upkeep]\n|upkeep\n|turn|5\n|inactive|Time left: 300 sec this turn | 300 sec total\n|\n|t:|1783573573\n|switch|p1a: Rotom|Rotom-Mow, L87|229/229\n|move|p2a: Electrode|Volt Switch|p1a: Rotom\n|-resisted|p1a: Rotom\n|-damage|p1a: Rotom|214/229\n|\n|t:|1783573574\n|switch|p2a: Houndoom|Houndoom, L87, M|100/100|[from] Volt Switch\n|\n|-weather|Snowscape|[upkeep]\n|-heal|p1a: Rotom|228/229|[from] item: Leftovers\n|upkeep\n|turn|6\n|inactive|Time left: 300 sec this turn | 300 sec total\n|\n|t:|1783573575\n|switch|p1a: Pelipper|Pelipper, L86, M|243/243\n|-weather|RainDance|[from] ability: Drizzle|[of] p1a: Pelipper\n|move|p2a: Houndoom|Fire Blast|p1a: Pelipper\n|-resisted|p1a: Pelipper\n|-damage|p1a: Pelipper|207/243\n|\n|-weather|RainDance|[upkeep]\n|upkeep\n|turn|7\n|inactive|Time left: 300 sec this turn | 300 sec total\n|\n|t:|1783573576\n|move|p2a: Houndoom|Nasty Plot|p2a: Houndoom\n|-boost|p2a: Houndoom|spa|2\n|move|p1a: Pelipper|Surf|p2a: Houndoom\n|-supereffective|p2a: Houndoom\n|-damage|p2a: Houndoom|39/100\n|\n|-weather|RainDance|[upkeep]\n|upkeep\n|turn|8\n|inactive|Time left: 300 sec this turn | 300 sec total\n|\n|t:|1783573577\n|switch|p1a: Duraludon|Duraludon, L82, M|249/249\n|move|p2a: Houndoom|Dark Pulse|p1a: Duraludon\n|-damage|p1a: Duraludon|65/249\n|\n|-weather|RainDance|[upkeep]\n|upkeep\n|turn|9\n|inactive|Time left: 300 sec this turn | 300 sec total\n|\n|t:|1783573578\n|move|p2a: Houndoom|Dark Pulse|p1a: Duraludon\n|-damage|p1a: Duraludon|0 fnt\n|faint|p1a: Duraludon\n|\n|-weather|RainDance|[upkeep]\n|upkeep\n|inactive|Time left: 300 sec this turn | 300 sec total | 5 sec grace\n|\n|t:|1783573579\n|switch|p1a: Sandaconda|Sandaconda, L84, F|258/258\n|turn|10\n|inactive|Time left: 300 sec this turn | 300 sec total\n|\n|t:|1783573580\n|move|p2a: Houndoom|Dark Pulse|p1a: Sandaconda\n|-damage|p1a: Sandaconda|15/258\n|move|p1a: Sandaconda|Earthquake|p2a: Houndoom\n|-supereffective|p2a: Houndoom\n|-damage|p2a: Houndoom|0 fnt\n|faint|p2a: Houndoom\n|\n|-weather|none\n|-heal|p1a: Sandaconda|31/258|[from] item: Leftovers\n|-sideend|p2: p0y2915d7f8|move: Aurora Veil\n|upkeep\n|\n|t:|1783573581\n|switch|p2a: Annihilape|Annihilape, L76, F|45/100\n|turn|11\n|inactive|Time left: 300 sec this turn | 300 sec total\n|\n|t:|1783573582\n|switch|p1a: Pelipper|Pelipper, L86, M|207/243\n|-weather|RainDance|[from] ability: Drizzle|[of] p1a: Pelipper\n|move|p2a: Annihilape|Drain Punch|p1a: Pelipper\n|-resisted|p1a: Pelipper\n|-damage|p1a: Pelipper|174/243\n|-heal|p2a: Annihilape|51/100|[from] drain|[of] p1a: Pelipper\n|\n|-weather|RainDance|[upkeep]\n|-heal|p2a: Annihilape|57/100|[from] item: Leftovers\n|upkeep\n|turn|12\n|inactive|Time left: 300 sec this turn | 300 sec total\n|\n|t:|1783573583\n|switch|p2a: Cramorant|Cramorant, L86, F|100/100\n|move|p1a: Pelipper|Hurricane|p2a: Cramorant\n|-damage|p2a: Cramorant|58/100\n|\n|-weather|RainDance|[upkeep]\n|upkeep\n|turn|13\n|inactive|Time left: 300 sec this turn | 300 sec total\n|\n|t:|1783573583\n|move|p2a: Cramorant|Surf|p1a: Pelipper\n|-formechange|p2a: Cramorant|Cramorant-Gulping|\n|-resisted|p1a: Pelipper\n|-damage|p1a: Pelipper|93/243\n|move|p1a: Pelipper|Roost|p1a: Pelipper\n|-heal|p1a: Pelipper|215/243\n|-singleturn|p1a: Pelipper|move: Roost\n|\n|-weather|RainDance|[upkeep]\n|upkeep\n|turn|14\n|inactive|Time left: 300 sec this turn | 300 sec total\n|\n|t:|1783573584\n|switch|p1a: Rotom|Rotom-Mow, L87|228/229\n|move|p2a: Cramorant|Roost|p2a: Cramorant\n|-heal|p2a: Cramorant|100/100\n|-singleturn|p2a: Cramorant|move: Roost\n|\n|-weather|RainDance|[upkeep]\n|-heal|p1a: Rotom|229/229|[from] item: Leftovers\n|upkeep\n|turn|15\n|inactive|Time left: 300 sec this turn | 300 sec total\n|\n|t:|1783573585\n|switch|p2a: Chimecho|Chimecho, L93, F|100/100\n|move|p1a: Rotom|Thunderbolt|p2a: Chimecho\n|-damage|p2a: Chimecho|68/100\n|\n|-weather|none\n|-heal|p2a: Chimecho|74/100|[from] item: Leftovers\n|upkeep\n|turn|16\n|inactive|Time left: 300 sec this turn | 300 sec total\n|\n|t:|1783573586\n|move|p1a: Rotom|Nasty Plot|p1a: Rotom\n|-boost|p1a: Rotom|spa|2\n|move|p2a: Chimecho|Cosmic Power|p2a: Chimecho\n|-boost|p2a: Chimecho|def|1\n|-boost|p2a: Chimecho|spd|1\n|\n|-heal|p2a: Chimecho|80/100|[from] item: Leftovers\n|upkeep\n|turn|17\n|inactive|Time left: 300 sec this turn | 300 sec total\n|\n|t:|1783573586\n|move|p1a: Rotom|Nasty Plot|p1a: Rotom\n|-boost|p1a: Rotom|spa|2\n|move|p2a: Chimecho|Recover|p2a: Chimecho\n|-heal|p2a: Chimecho|100/100\n|\n|upkeep\n|turn|18\n|inactive|Time left: 300 sec this turn | 300 sec total\n|\n|t:|1783573587\n|move|p1a: Rotom|Thunderbolt|p2a: Chimecho\n|-damage|p2a: Chimecho|32/100\n|move|p2a: Chimecho|Recover|p2a: Chimecho\n|-heal|p2a: Chimecho|82/100\n|\n|-heal|p2a: Chimecho|88/100|[from] item: Leftovers\n|upkeep\n|turn|19\n|inactive|Time left: 300 sec this turn | 300 sec total\n|\n|t:|1783573588\n|move|p1a: Rotom|Thunderbolt|p2a: Chimecho\n|-damage|p2a: Chimecho|26/100\n|move|p2a: Chimecho|Recover|p2a: Chimecho\n|-heal|p2a: Chimecho|76/100\n|\n|-heal|p2a: Chimecho|82/100|[from] item: Leftovers\n|upkeep\n|turn|20\n|inactive|Time left: 300 sec this turn | 300 sec total\n|\n|t:|1783573589\n|move|p1a: Rotom|Thunderbolt|p2a: Chimecho\n|-damage|p2a: Chimecho|21/100\n|move|p2a: Chimecho|Recover|p2a: Chimecho\n|-heal|p2a: Chimecho|71/100\n|\n|-heal|p2a: Chimecho|77/100|[from] item: Leftovers\n|upkeep\n|turn|21\n|inactive|Time left: 300 sec this turn | 300 sec total\n|\n|t:|1783573590\n|-terastallize|p2a: Chimecho|Steel\n|move|p1a: Rotom|Thunderbolt|p2a: Chimecho\n|-damage|p2a: Chimecho|11/100\n|move|p2a: Chimecho|Recover|p2a: Chimecho\n|-heal|p2a: Chimecho|61/100\n|\n|-heal|p2a: Chimecho|67/100|[from] item: Leftovers\n|upkeep\n|turn|22\n|inactive|Time left: 300 sec this turn | 300 sec total\n|\n|t:|1783573591\n|move|p1a: Rotom|Thunderbolt|p2a: Chimecho\n|-damage|p2a: Chimecho|0 fnt\n|faint|p2a: Chimecho\n|\n|upkeep\n|\n|t:|1783573592\n|switch|p2a: Abomasnow|Abomasnow, L84, F|3/100\n|-weather|Snowscape|[from] ability: Snow Warning|[of] p2a: Abomasnow\n|turn|23\n|inactive|Time left: 300 sec this turn | 300 sec total\n|\n|t:|1783573593\n|move|p2a: Abomasnow|Ice Shard|p1a: Rotom\n|-supereffective|p1a: Rotom\n|-damage|p1a: Rotom|155/229\n|move|p1a: Rotom|Thunderbolt|p2a: Abomasnow\n|-resisted|p2a: Abomasnow\n|-damage|p2a: Abomasnow|0 fnt\n|faint|p2a: Abomasnow\n|\n|-weather|Snowscape|[upkeep]\n|-heal|p1a: Rotom|169/229|[from] item: Leftovers\n|upkeep\n|\n|t:|1783573594\n|switch|p2a: Electrode|Electrode, L92|80/100\n|turn|24\n|inactive|Time left: 300 sec this turn | 300 sec total\n|\n|t:|1783573595\n|move|p2a: Electrode|Foul Play|p1a: Rotom\n|-damage|p1a: Rotom|134/229\n|move|p1a: Rotom|Leaf Storm|p2a: Electrode\n|-damage|p2a: Electrode|0 fnt\n|-unboost|p1a: Rotom|spa|2\n|faint|p2a: Electrode\n|\n|-weather|Snowscape|[upkeep]\n|-heal|p1a: Rotom|148/229|[from] item: Leftovers\n|upkeep\n|\n|t:|1783573596\n|switch|p2a: Annihilape|Annihilape, L76, F|57/100\n|turn|25\n|inactive|Time left: 300 sec this turn | 300 sec total\n|\n|t:|1783573597\n|move|p1a: Rotom|Thunderbolt|p2a: Annihilape\n|-damage|p2a: Annihilape|0 fnt\n|faint|p2a: Annihilape\n|\n|-weather|Snowscape|[upkeep]\n|-heal|p1a: Rotom|162/229|[from] item: Leftovers\n|upkeep\n|\n|t:|1783573598\n|switch|p2a: Cramorant|Cramorant, L86, F|100/100\n|turn|26\n|inactive|Time left: 300 sec this turn | 300 sec total\n|\n|t:|1783573599\n|-terastallize|p1a: Rotom|Grass\n|move|p1a: Rotom|Thunderbolt|p2a: Cramorant\n|-supereffective|p2a: Cramorant\n|-damage|p2a: Cramorant|0 fnt\n|faint|p2a: Cramorant\n|\n|win|p0x2915a573", "uploadtime": 1783573599, "views": 0, "rating": 0, "private": 0, "password": null, "_winner": "p0x2915a573", "_our_name": "p0x2915a573"}