{"id": "battle-gen9randombattle-570", "formatid": "gen9randombattle", "format": "[Gen 9] Random Battle", "players": ["p0x570b83e", "p0y570957b"], "log": "|init|battle\n|title|p0x570b83e vs. p0y570957b\n|j|\u2606p0x570b83e\n|j|\u2606p0y570957b\n|t:|1783546404\n|gametype|singles\n|player|p1|p0x570b83e|169|\n|player|p2|p0y570957b|2|\n|gen|9\n|tier|[Gen 9] Random Battle\n|rule|Species Clause: Limit one of each Pok\u00e9mon\n|rule|HP Percentage Mod: HP is shown in percentages\n|rule|Sleep Clause Mod: Limit one foe put to sleep\n|rule|Illusion Level Mod: Illusion disguises the Pok\u00e9mon's true level\n|\n|t:|1783546404\n|teamsize|p1|6\n|teamsize|p2|6\n|start\n|switch|p1a: Wigglytuff|Wigglytuff, L96, M|424/424\n|switch|p2a: Jolteon|Jolteon, L84, M|100/100\n|turn|1\n|inactive|Battle timer is ON: inactive players will automatically lose when time's up. (requested by p0y570957b)\n|inactive|Time left: 300 sec this turn | 300 sec total | 60 sec grace\n|inactive|p0x570b83e also wants the timer to be on.\n|\n|t:|1783546405\n|move|p2a: Jolteon|Calm Mind|p2a: Jolteon\n|-boost|p2a: Jolteon|spa|1\n|-boost|p2a: Jolteon|spd|1\n|move|p1a: Wigglytuff|Fire Blast|p2a: Jolteon\n|-damage|p2a: Jolteon|79/100\n|\n|-heal|p2a: Jolteon|85/100|[from] item: Leftovers\n|upkeep\n|turn|2\n|inactive|Time left: 300 sec this turn | 300 sec total\n|\n|t:|1783546406\n|switch|p1a: Excadrill|Excadrill, L79, M|303/303\n|-ability|p1a: Excadrill|Mold Breaker\n|move|p2a: Jolteon|Calm Mind|p2a: Jolteon\n|-boost|p2a: Jolteon|spa|1\n|-boost|p2a: Jolteon|spd|1\n|\n|-heal|p2a: Jolteon|91/100|[from] item: Leftovers\n|upkeep\n|turn|3\n|inactive|Time left: 300 sec this turn | 300 sec total\n|\n|t:|1783546407\n|move|p2a: Jolteon|Substitute|p2a: Jolteon\n|-start|p2a: Jolteon|Substitute\n|-damage|p2a: Jolteon|66/100\n|move|p1a: Excadrill|Earthquake|p2a: Jolteon\n|-supereffective|p2a: Jolteon\n|-end|p2a: Jolteon|Substitute\n|\n|-heal|p2a: Jolteon|72/100|[from] item: Leftovers\n|upkeep\n|turn|4\n|inactive|Time left: 300 sec this turn | 300 sec total\n|\n|t:|1783546408\n|move|p2a: Jolteon|Substitute|p2a: Jolteon\n|-start|p2a: Jolteon|Substitute\n|-damage|p2a: Jolteon|47/100\n|move|p1a: Excadrill|Earthquake|p2a: Jolteon\n|-supereffective|p2a: Jolteon\n|-end|p2a: Jolteon|Substitute\n|\n|-heal|p2a: Jolteon|53/100|[from] item: Leftovers\n|upkeep\n|turn|5\n|inactive|Time left: 300 sec this turn | 300 sec total\n|\n|t:|1783546409\n|move|p2a: Jolteon|Substitute|p2a: Jolteon\n|-start|p2a: Jolteon|Substitute\n|-damage|p2a: Jolteon|29/100\n|move|p1a: Excadrill|Earthquake|p2a: Jolteon\n|-supereffective|p2a: Jolteon\n|-end|p2a: Jolteon|Substitute\n|\n|-heal|p2a: Jolteon|35/100|[from] item: Leftovers\n|upkeep\n|turn|6\n|inactive|Time left: 300 sec this turn | 300 sec total\n|\n|t:|1783546410\n|move|p2a: Jolteon|Substitute|p2a: Jolteon\n|-start|p2a: Jolteon|Substitute\n|-damage|p2a: Jolteon|10/100\n|move|p1a: Excadrill|Earthquake|p2a: Jolteon\n|-supereffective|p2a: Jolteon\n|-end|p2a: Jolteon|Substitute\n|\n|-heal|p2a: Jolteon|16/100|[from] item: Leftovers\n|upkeep\n|turn|7\n|inactive|Time left: 300 sec this turn | 300 sec total\n|\n|t:|1783546411\n|-terastallize|p2a: Jolteon|Ice\n|move|p2a: Jolteon|Tera Blast|p1a: Excadrill|[anim] Tera Blast Ice\n|-damage|p1a: Excadrill|53/303\n|move|p1a: Excadrill|Earthquake|p2a: Jolteon\n|-damage|p2a: Jolteon|0 fnt\n|faint|p2a: Jolteon\n|\n|-heal|p1a: Excadrill|71/303|[from] item: Leftovers\n|upkeep\n|\n|t:|1783546412\n|switch|p2a: Dewgong|Dewgong, L94, F|100/100\n|turn|8\n|inactive|Time left: 300 sec this turn | 300 sec total\n|\n|t:|1783546413\n|move|p1a: Excadrill|Iron Head|p2a: Dewgong\n|-damage|p2a: Dewgong|72/100\n|move|p2a: Dewgong|Triple Axel|p1a: Excadrill|[miss]\n|-miss|p2a: Dewgong|p1a: Excadrill\n|\n|-heal|p1a: Excadrill|89/303|[from] item: Leftovers\n|upkeep\n|turn|9\n|inactive|Time left: 300 sec this turn | 300 sec total\n|\n|t:|1783546414\n|move|p1a: Excadrill|Iron Head|p2a: Dewgong\n|-damage|p2a: Dewgong|40/100\n|move|p2a: Dewgong|Knock Off|p1a: Excadrill\n|-damage|p1a: Excadrill|0 fnt\n|-enditem|p1a: Excadrill|Leftovers|[from] move: Knock Off|[of] p2a: Dewgong\n|faint|p1a: Excadrill\n|\n|upkeep\n|inactive|Time left: 300 sec this turn | 300 sec total | 5 sec grace\n|\n|t:|1783546415\n|switch|p1a: Lycanroc|Lycanroc, L86, M|269/269\n|turn|10\n|inactive|Time left: 300 sec this turn | 300 sec total\n|\n|t:|1783546416\n|switch|p2a: Toxapex|Toxapex, L82, F|100/100\n|move|p1a: Lycanroc|Close Combat|p2a: Toxapex\n|-resisted|p2a: Toxapex\n|-damage|p2a: Toxapex|78/100\n|-unboost|p1a: Lycanroc|def|1\n|-unboost|p1a: Lycanroc|spd|1\n|\n|-heal|p2a: Toxapex|84/100|[from] item: Leftovers\n|upkeep\n|turn|11\n|inactive|Time left: 300 sec this turn | 300 sec total\n|\n|t:|1783546418\n|switch|p1a: Lugia|Lugia, L73|275/275\n|move|p2a: Toxapex|Toxic|p1a: Lugia\n|-status|p1a: Lugia|tox\n|\n|-heal|p2a: Toxapex|90/100|[from] item: Leftovers\n|-damage|p1a: Lugia|258/275 tox|[from] psn\n|upkeep\n|turn|12\n|inactive|Time left: 300 sec this turn | 300 sec total\n|\n|t:|1783546419\n|move|p1a: Lugia|Calm Mind|p1a: Lugia\n|-boost|p1a: Lugia|spa|1\n|-boost|p1a: Lugia|spd|1\n|move|p2a: Toxapex|Liquidation|p1a: Lugia\n|-damage|p1a: Lugia|204/275 tox\n|\n|-heal|p2a: Toxapex|96/100|[from] item: Leftovers\n|-damage|p1a: Lugia|170/275 tox|[from] psn\n|upkeep\n|turn|13\n|inactive|Time left: 300 sec this turn | 300 sec total\n|\n|t:|1783546420\n|move|p1a: Lugia|Recover|p1a: Lugia\n|-heal|p1a: Lugia|275/275 tox\n|move|p2a: Toxapex|Liquidation|p1a: Lugia\n|-damage|p1a: Lugia|247/275 tox\n|\n|-heal|p2a: Toxapex|100/100|[from] item: Leftovers\n|-damage|p1a: Lugia|196/275 tox|[from] psn\n|upkeep\n|turn|14\n|inactive|Time left: 300 sec this turn | 300 sec total\n|\n|t:|1783546421\n|move|p1a: Lugia|Recover|p1a: Lugia\n|-heal|p1a: Lugia|275/275 tox\n|move|p2a: Toxapex|Liquidation|p1a: Lugia\n|-damage|p1a: Lugia|249/275 tox\n|\n|-damage|p1a: Lugia|181/275 tox|[from] psn\n|upkeep\n|turn|15\n|inactive|Time left: 300 sec this turn | 300 sec total\n|\n|t:|1783546422\n|move|p1a: Lugia|Recover|p1a: Lugia\n|-heal|p1a: Lugia|275/275 tox\n|move|p2a: Toxapex|Liquidation|p1a: Lugia\n|-crit|p1a: Lugia\n|-damage|p1a: Lugia|237/275 tox\n|\n|-damage|p1a: Lugia|152/275 tox|[from] psn\n|upkeep\n|turn|16\n|inactive|Time left: 300 sec this turn | 300 sec total\n|\n|t:|1783546423\n|move|p1a: Lugia|Recover|p1a: Lugia\n|-heal|p1a: Lugia|275/275 tox\n|move|p2a: Toxapex|Toxic|p1a: Lugia\n|-fail|p1a: Lugia|tox\n|\n|-damage|p1a: Lugia|173/275 tox|[from] psn\n|upkeep\n|turn|17\n|inactive|Time left: 300 sec this turn | 300 sec total\n|\n|t:|1783546424\n|switch|p1a: Ogerpon|Ogerpon, L80, F|259/259\n|move|p2a: Toxapex|Liquidation|p1a: Ogerpon\n|-resisted|p1a: Ogerpon\n|-damage|p1a: Ogerpon|224/259\n|\n|-heal|p1a: Ogerpon|240/259|[from] item: Leftovers\n|upkeep\n|turn|18\n|inactive|Time left: 300 sec this turn | 300 sec total\n|\n|t:|1783546425\n|move|p1a: Ogerpon|Ivy Cudgel|p2a: Toxapex\n|-damage|p2a: Toxapex|63/100\n|move|p2a: Toxapex|Toxic|p1a: Ogerpon\n|-status|p1a: Ogerpon|tox\n|\n|-heal|p1a: Ogerpon|256/259 tox|[from] item: Leftovers\n|-heal|p2a: Toxapex|69/100|[from] item: Leftovers\n|-damage|p1a: Ogerpon|240/259 tox|[from] psn\n|upkeep\n|turn|19\n|inactive|Time left: 300 sec this turn | 300 sec total\n|\n|t:|1783546426\n|switch|p2a: Flamigo|Flamigo, L82, M|100/100\n|move|p1a: Ogerpon|Ivy Cudgel|p2a: Flamigo\n|-resisted|p2a: Flamigo\n|-damage|p2a: Flamigo|77/100\n|\n|-heal|p1a: Ogerpon|256/259 tox|[from] item: Leftovers\n|-damage|p1a: Ogerpon|224/259 tox|[from] psn\n|upkeep\n|turn|20\n|inactive|Time left: 300 sec this turn | 300 sec total\n|\n|t:|1783546427\n|switch|p1a: Wigglytuff|Wigglytuff, L96, M|424/424\n|move|p2a: Flamigo|Close Combat|p1a: Wigglytuff\n|-damage|p1a: Wigglytuff|162/424\n|-unboost|p2a: Flamigo|def|1\n|-unboost|p2a: Flamigo|spd|1\n|\n|-heal|p1a: Wigglytuff|188/424|[from] item: Leftovers\n|upkeep\n|turn|21\n|inactive|Time left: 300 sec this turn | 300 sec total\n|\n|t:|1783546429\n|move|p2a: Flamigo|Close Combat|p1a: Wigglytuff\n|-damage|p1a: Wigglytuff|0 fnt\n|-unboost|p2a: Flamigo|def|1\n|-unboost|p2a: Flamigo|spd|1\n|faint|p1a: Wigglytuff\n|\n|upkeep\n|inactive|Time left: 300 sec this turn | 300 sec total | 5 sec grace\n|\n|t:|1783546430\n|switch|p1a: Lugia|Lugia, L73|173/275 tox\n|turn|22\n|inactive|Time left: 300 sec this turn | 300 sec total\n|\n|t:|1783546431\n|switch|p2a: Toxapex|Toxapex, L82, F|100/100\n|move|p1a: Lugia|Recover|p1a: Lugia\n|-heal|p1a: Lugia|275/275 tox\n|\n|-damage|p1a: Lugia|258/275 tox|[from] psn\n|upkeep\n|turn|23\n|inactive|Time left: 300 sec this turn | 300 sec total\n|\n|t:|1783546432\n|switch|p1a: Lycanroc|Lycanroc, L86, M|269/269\n|move|p2a: Toxapex|Liquidation|p1a: Lycanroc\n|-supereffective|p1a: Lycanroc\n|-damage|p1a: Lycanroc|119/269\n|-unboost|p1a: Lycanroc|def|1\n|\n|upkeep\n|turn|24\n|inactive|Time left: 300 sec this turn | 300 sec total\n|\n|t:|1783546433\n|switch|p1a: Ogerpon|Ogerpon, L80, F|224/259 tox\n|move|p2a: Toxapex|Liquidation|p1a: Ogerpon\n|-resisted|p1a: Ogerpon\n|-damage|p1a: Ogerpon|190/259 tox\n|\n|-heal|p1a: Ogerpon|206/259 tox|[from] item: Leftovers\n|-damage|p1a: Ogerpon|190/259 tox|[from] psn\n|upkeep\n|turn|25\n|inactive|Time left: 300 sec this turn | 300 sec total\n|\n|t:|1783546434\n|move|p1a: Ogerpon|Ivy Cudgel|p2a: Toxapex\n|-crit|p2a: Toxapex\n|-damage|p2a: Toxapex|46/100\n|move|p2a: Toxapex|Liquidation|p1a: Ogerpon\n|-resisted|p1a: Ogerpon\n|-damage|p1a: Ogerpon|159/259 tox\n|\n|-heal|p1a: Ogerpon|175/259 tox|[from] item: Leftovers\n|-heal|p2a: Toxapex|52/100|[from] item: Leftovers\n|-damage|p1a: Ogerpon|143/259 tox|[from] psn\n|upkeep\n|turn|26\n|inactive|Time left: 300 sec this turn | 300 sec total\n|\n|t:|1783546436\n|move|p1a: Ogerpon|Ivy Cudgel|p2a: Toxapex\n|-damage|p2a: Toxapex|16/100\n|move|p2a: Toxapex|Recover|p2a: Toxapex\n|-heal|p2a: Toxapex|66/100\n|\n|-heal|p1a: Ogerpon|159/259 tox|[from] item: Leftovers\n|-heal|p2a: Toxapex|72/100|[from] item: Leftovers\n|-damage|p1a: Ogerpon|111/259 tox|[from] psn\n|upkeep\n|turn|27\n|inactive|Time left: 300 sec this turn | 300 sec total\n|\n|t:|1783546437\n|switch|p1a: Dialga|Dialga-Origin, L73|266/266\n|-ability|p1a: Dialga|Pressure\n|switch|p2a: Kyurem|Kyurem-White, L73|100/100\n|-ability|p2a: Kyurem|Turboblaze\n|\n|upkeep\n|turn|28\n|inactive|Time left: 300 sec this turn | 300 sec total\n|\n|t:|1783546438\n|move|p2a: Kyurem|Earth Power|p1a: Dialga\n|-supereffective|p1a: Dialga\n|-damage|p1a: Dialga|134/266\n|move|p1a: Dialga|Draco Meteor|p2a: Kyurem\n|-supereffective|p2a: Kyurem\n|-damage|p2a: Kyurem|0 fnt\n|-unboost|p1a: Dialga|spa|2\n|faint|p2a: Kyurem\n|\n|upkeep\n|\n|t:|1783546439\n|switch|p2a: Flamigo|Flamigo, L82, M|77/100\n|turn|29\n|inactive|Time left: 300 sec this turn | 300 sec total\n|\n|t:|1783546440\n|switch|p1a: Lugia|Lugia, L73|258/275 tox\n|move|p2a: Flamigo|Close Combat|p1a: Lugia\n|-resisted|p1a: Lugia\n|-damage|p1a: Lugia|212/275 tox\n|-unboost|p2a: Flamigo|def|1\n|-unboost|p2a: Flamigo|spd|1\n|\n|-damage|p1a: Lugia|195/275 tox|[from] psn\n|upkeep\n|turn|30\n|inactive|Time left: 300 sec this turn | 300 sec total\n|\n|t:|1783546441\n|switch|p2a: Toxapex|Toxapex, L82, F|100/100\n|move|p1a: Lugia|Aeroblast|p2a: Toxapex\n|-damage|p2a: Toxapex|76/100\n|\n|-heal|p2a: Toxapex|82/100|[from] item: Leftovers\n|-damage|p1a: Lugia|161/275 tox|[from] psn\n|upkeep\n|turn|31\n|inactive|Time left: 300 sec this turn | 300 sec total\n|\n|t:|1783546441\n|move|p1a: Lugia|Recover|p1a: Lugia\n|-heal|p1a: Lugia|275/275 tox\n|move|p2a: Toxapex|Liquidation|p1a: Lugia\n|-damage|p1a: Lugia|247/275 tox\n|\n|-heal|p2a: Toxapex|88/100|[from] item: Leftovers\n|-damage|p1a: Lugia|196/275 tox|[from] psn\n|upkeep\n|turn|32\n|inactive|Time left: 300 sec this turn | 300 sec total\n|\n|t:|1783546443\n|switch|p1a: Dialga|Dialga-Origin, L73|134/266\n|-ability|p1a: Dialga|Pressure\n|move|p2a: Toxapex|Liquidation|p1a: Dialga\n|-resisted|p1a: Dialga\n|-damage|p1a: Dialga|104/266\n|-unboost|p1a: Dialga|def|1\n|\n|-heal|p2a: Toxapex|94/100|[from] item: Leftovers\n|upkeep\n|turn|33\n|inactive|Time left: 300 sec this turn | 300 sec total\n|\n|t:|1783546444\n|switch|p1a: Lugia|Lugia, L73|196/275 tox\n|move|p2a: Toxapex|Liquidation|p1a: Lugia\n|-damage|p1a: Lugia|141/275 tox\n|\n|-heal|p2a: Toxapex|100/100|[from] item: Leftovers\n|-damage|p1a: Lugia|124/275 tox|[from] psn\n|upkeep\n|turn|34\n|inactive|Time left: 300 sec this turn | 300 sec total\n|\n|t:|1783546445\n|move|p1a: Lugia|Recover|p1a: Lugia\n|-heal|p1a: Lugia|262/275 tox\n|move|p2a: Toxapex|Liquidation|p1a: Lugia\n|-damage|p1a: Lugia|207/275 tox\n|\n|-damage|p1a: Lugia|173/275 tox|[from] psn\n|upkeep\n|turn|35\n|inactive|Time left: 300 sec this turn | 300 sec total\n|\n|t:|1783546446\n|switch|p1a: Dialga|Dialga-Origin, L73|104/266\n|-ability|p1a: Dialga|Pressure\n|move|p2a: Toxapex|Liquidation|p1a: Dialga\n|-resisted|p1a: Dialga\n|-damage|p1a: Dialga|76/266\n|\n|upkeep\n|turn|36\n|inactive|Time left: 300 sec this turn | 300 sec total\n|\n|t:|1783546447\n|move|p1a: Dialga|Draco Meteor|p2a: Toxapex\n|-damage|p2a: Toxapex|41/100\n|-unboost|p1a: Dialga|spa|2\n|move|p2a: Toxapex|Liquidation|p1a: Dialga\n|-resisted|p1a: Dialga\n|-damage|p1a: Dialga|48/266\n|\n|-heal|p2a: Toxapex|47/100|[from] item: Leftovers\n|upkeep\n|turn|37\n|inactive|Time left: 300 sec this turn | 300 sec total\n|\n|t:|1783546448\n|switch|p1a: Lycanroc|Lycanroc, L86, M|119/269\n|move|p2a: Toxapex|Recover|p2a: Toxapex\n|-heal|p2a: Toxapex|97/100\n|\n|-heal|p2a: Toxapex|100/100|[from] item: Leftovers\n|upkeep\n|turn|38\n|inactive|Time left: 300 sec this turn | 300 sec total\n|\n|t:|1783546449\n|move|p1a: Lycanroc|Psychic Fangs|p2a: Toxapex\n|-supereffective|p2a: Toxapex\n|-damage|p2a: Toxapex|38/100\n|move|p2a: Toxapex|Toxic|p1a: Lycanroc\n|-status|p1a: Lycanroc|tox\n|\n|-heal|p2a: Toxapex|44/100|[from] item: Leftovers\n|-damage|p1a: Lycanroc|103/269 tox|[from] psn\n|upkeep\n|turn|39\n|inactive|Time left: 300 sec this turn | 300 sec total\n|\n|t:|1783546450\n|switch|p2a: Stonjourner|Stonjourner, L91, M|100/100\n|move|p1a: Lycanroc|Psychic Fangs|p2a: Stonjourner\n|-damage|p2a: Stonjourner|78/100\n|\n|-damage|p1a: Lycanroc|71/269 tox|[from] psn\n|upkeep\n|turn|40\n|inactive|Time left: 300 sec this turn | 300 sec total\n|\n|t:|1783546452\n|move|p1a: Lycanroc|Psychic Fangs|p2a: Stonjourner\n|-damage|p2a: Stonjourner|57/100\n|move|p2a: Stonjourner|Stealth Rock|p1a: Lycanroc\n|-sidestart|p1: p0x570b83e|move: Stealth Rock\n|\n|-damage|p1a: Lycanroc|23/269 tox|[from] psn\n|upkeep\n|turn|41\n|inactive|Time left: 300 sec this turn | 300 sec total\n|\n|t:|1783546453\n|switch|p2a: Dewgong|Dewgong, L94, F|40/100\n|move|p1a: Lycanroc|Psychic Fangs|p2a: Dewgong\n|-damage|p2a: Dewgong|9/100\n|\n|-damage|p1a: Lycanroc|0 fnt|[from] psn\n|faint|p1a: Lycanroc\n|upkeep\n|inactive|Time left: 300 sec this turn | 300 sec total | 5 sec grace\n|\n|t:|1783546454\n|switch|p1a: Lugia|Lugia, L73|173/275 tox\n|turn|42\n|inactive|Time left: 300 sec this turn | 300 sec total\n|\n|t:|1783546455\n|switch|p2a: Toxapex|Toxapex, L82, F|78/100\n|move|p1a: Lugia|Aeroblast|p2a: Toxapex\n|-damage|p2a: Toxapex|53/100\n|\n|-heal|p2a: Toxapex|59/100|[from] item: Leftovers\n|-damage|p1a: Lugia|156/275 tox|[from] psn\n|upkeep\n|turn|43\n|inactive|Time left: 300 sec this turn | 300 sec total\n|\n|t:|1783546456\n|move|p1a: Lugia|Aeroblast|p2a: Toxapex|[miss]\n|-miss|p1a: Lugia|p2a: Toxapex\n|move|p2a: Toxapex|Recover|p2a: Toxapex\n|-heal|p2a: Toxapex|100/100\n|\n|-damage|p1a: Lugia|122/275 tox|[from] psn\n|upkeep\n|turn|44\n|inactive|Time left: 300 sec this turn | 300 sec total\n|\n|t:|1783546457\n|move|p1a: Lugia|Recover|p1a: Lugia\n|-heal|p1a: Lugia|260/275 tox\n|move|p2a: Toxapex|Recover||[still]\n|-fail|p2a: Toxapex|heal\n|\n|-damage|p1a: Lugia|209/275 tox|[from] psn\n|upkeep\n|turn|45\n|inactive|Time left: 300 sec this turn | 300 sec total\n|\n|t:|1783546458\n|switch|p1a: Dialga|Dialga-Origin, L73|48/266\n|-damage|p1a: Dialga|32/266|[from] Stealth Rock\n|-ability|p1a: Dialga|Pressure\n|move|p2a: Toxapex|Toxic|p1a: Dialga\n|-immune|p1a: Dialga\n|\n|upkeep\n|turn|46\n|inactive|Time left: 300 sec this turn | 300 sec total\n|\n|t:|1783546459\n|switch|p2a: Dewgong|Dewgong, L94, F|9/100\n|move|p1a: Dialga|Fire Blast|p2a: Dewgong\n|-crit|p2a: Dewgong\n|-damage|p2a: Dewgong|0 fnt\n|faint|p2a: Dewgong\n|\n|upkeep\n|\n|t:|1783546460\n|switch|p2a: Flamigo|Flamigo, L82, M|77/100\n|turn|47\n|inactive|Time left: 300 sec this turn | 300 sec total\n|\n|t:|1783546461\n|switch|p1a: Lugia|Lugia, L73|209/275 tox\n|move|p2a: Flamigo|Throat Chop|p1a: Lugia\n|-supereffective|p1a: Lugia\n|-damage|p1a: Lugia|49/275 tox\n|-start|p1a: Lugia|Throat Chop|[silent]\n|\n|-damage|p1a: Lugia|32/275 tox|[from] psn\n|upkeep\n|turn|48\n|inactive|Time left: 300 sec this turn | 300 sec total\n|\n|t:|1783546462\n|switch|p2a: Toxapex|Toxapex, L82, F|100/100\n|move|p1a: Lugia|Aeroblast|p2a: Toxapex\n|-damage|p2a: Toxapex|74/100\n|\n|-heal|p2a: Toxapex|80/100|[from] item: Leftovers\n|-damage|p1a: Lugia|0 fnt|[from] psn\n|faint|p1a: Lugia\n|upkeep\n|inactive|Time left: 300 sec this turn | 300 sec total | 5 sec grace\n|\n|t:|1783546463\n|switch|p1a: Dialga|Dialga-Origin, L73|32/266\n|-damage|p1a: Dialga|16/266|[from] Stealth Rock\n|-ability|p1a: Dialga|Pressure\n|turn|49\n|inactive|Time left: 300 sec this turn | 300 sec total\n|\n|t:|1783546464\n|switch|p2a: Stonjourner|Stonjourner, L91, M|57/100\n|move|p1a: Dialga|Fire Blast|p2a: Stonjourner\n|-resisted|p2a: Stonjourner\n|-damage|p2a: Stonjourner|27/100\n|-status|p2a: Stonjourner|brn\n|\n|-damage|p2a: Stonjourner|21/100 brn|[from] brn\n|upkeep\n|turn|50\n|inactive|Time left: 300 sec this turn | 300 sec total\n|\n|t:|1783546465\n|move|p2a: Stonjourner|Heat Crash|p1a: Dialga\n|-damage|p1a: Dialga|0 fnt\n|faint|p1a: Dialga\n|-damage|p2a: Stonjourner|11/100 brn|[from] item: Life Orb\n|\n|-damage|p2a: Stonjourner|5/100 brn|[from] brn\n|upkeep\n|inactive|Time left: 300 sec this turn | 300 sec total | 5 sec grace\n|\n|t:|1783546466\n|switch|p1a: Ogerpon|Ogerpon, L80, F|111/259 tox\n|-damage|p1a: Ogerpon|79/259 tox|[from] Stealth Rock\n|turn|51\n|inactive|Time left: 300 sec this turn | 300 sec total\n|\n|t:|1783546467\n|move|p1a: Ogerpon|Ivy Cudgel|p2a: Stonjourner\n|-supereffective|p2a: Stonjourner\n|-damage|p2a: Stonjourner|0 fnt\n|faint|p2a: Stonjourner\n|\n|-heal|p1a: Ogerpon|95/259 tox|[from] item: Leftovers\n|-damage|p1a: Ogerpon|79/259 tox|[from] psn\n|upkeep\n|\n|t:|1783546468\n|switch|p2a: Flamigo|Flamigo, L82, M|77/100\n|turn|52\n|inactive|Time left: 300 sec this turn | 300 sec total\n|\n|t:|1783546469\n|-terastallize|p1a: Ogerpon|Grass\n|detailschange|p1a: Ogerpon|Ogerpon-Teal-Tera, L80, F, tera:Grass\n|-ability|p1a: Ogerpon|Embody Aspect (Teal)|boost\n|-boost|p1a: Ogerpon|spe|1\n|move|p1a: Ogerpon|Ivy Cudgel|p2a: Flamigo\n|-resisted|p2a: Flamigo\n|-damage|p2a: Flamigo|44/100\n|move|p2a: Flamigo|Brave Bird|p1a: Ogerpon\n|-supereffective|p1a: Ogerpon\n|-damage|p1a: Ogerpon|0 fnt\n|faint|p1a: Ogerpon\n|detailschange|p1: Ogerpon|Ogerpon, L80, F|[silent]\n|-damage|p2a: Flamigo|34/100|[from] Recoil\n|\n|win|p0y570957b", "uploadtime": 1783546469, "views": 0, "rating": 0, "private": 0, "password": null, "_winner": "p0y570957b", "_our_name": "p0x570b83e"}