{"id": "battle-gen9randombattle-384", "formatid": "gen9randombattle", "format": "[Gen 9] Random Battle", "players": ["p0x384bba0", "p0y384bcfb"], "log": "|init|battle\n|title|p0x384bba0 vs. p0y384bcfb\n|j|\u2606p0x384bba0\n|j|\u2606p0y384bcfb\n|t:|1783544098\n|gametype|singles\n|player|p1|p0x384bba0|101|\n|player|p2|p0y384bcfb|102|\n|gen|9\n|tier|[Gen 9] Random Battle\n|rule|Species Clause: Limit one of each Pok\u00e9mon\n|rule|HP Percentage Mod: HP is shown in percentages\n|rule|Sleep Clause Mod: Limit one foe put to sleep\n|rule|Illusion Level Mod: Illusion disguises the Pok\u00e9mon's true level\n|\n|t:|1783544098\n|teamsize|p1|6\n|teamsize|p2|6\n|start\n|switch|p1a: Meowstic|Meowstic, L89, M|277/277\n|switch|p2a: Hydrapple|Hydrapple, L83, M|100/100\n|turn|1\n|inactive|Battle timer is ON: inactive players will automatically lose when time's up. (requested by p0x384bba0)\n|inactive|p0y384bcfb also wants the timer to be on.\n|\n|t:|1783544100\n|switch|p2a: Incineroar|Incineroar, L82, M|100/100\n|-ability|p2a: Incineroar|Intimidate|boost\n|-unboost|p1a: Meowstic|atk|1\n|move|p1a: Meowstic|Light Screen|p1a: Meowstic\n|-sidestart|p1: p0x384bba0|move: Light Screen\n|\n|upkeep\n|turn|2\n|inactive|Time left: 300 sec this turn | 300 sec total\n|\n|t:|1783544101\n|switch|p1a: Empoleon|Empoleon, L84, M|278/278\n|move|p2a: Incineroar|Knock Off|p1a: Empoleon\n|-damage|p1a: Empoleon|164/278\n|-enditem|p1a: Empoleon|Leftovers|[from] move: Knock Off|[of] p2a: Incineroar\n|\n|upkeep\n|turn|3\n|inactive|Time left: 300 sec this turn | 300 sec total\n|\n|t:|1783544102\n|move|p1a: Empoleon|Roost|p1a: Empoleon\n|-heal|p1a: Empoleon|278/278\n|-singleturn|p1a: Empoleon|move: Roost\n|move|p2a: Incineroar|Knock Off|p1a: Empoleon\n|-damage|p1a: Empoleon|202/278\n|\n|upkeep\n|turn|4\n|inactive|Time left: 300 sec this turn | 300 sec total\n|\n|t:|1783544104\n|move|p1a: Empoleon|Surf|p2a: Incineroar\n|-supereffective|p2a: Incineroar\n|-damage|p2a: Incineroar|54/100\n|move|p2a: Incineroar|Knock Off|p1a: Empoleon\n|-crit|p1a: Empoleon\n|-damage|p1a: Empoleon|85/278\n|\n|upkeep\n|turn|5\n|inactive|Time left: 300 sec this turn | 300 sec total\n|\n|t:|1783544105\n|move|p1a: Empoleon|Surf|p2a: Incineroar\n|-supereffective|p2a: Incineroar\n|-damage|p2a: Incineroar|9/100\n|move|p2a: Incineroar|Knock Off|p1a: Empoleon\n|-damage|p1a: Empoleon|6/278\n|\n|upkeep\n|turn|6\n|inactive|Time left: 300 sec this turn | 300 sec total\n|\n|t:|1783544106\n|switch|p2a: Milotic|Milotic, L83, F|100/100\n|move|p1a: Empoleon|Roost|p1a: Empoleon\n|-heal|p1a: Empoleon|145/278\n|-singleturn|p1a: Empoleon|move: Roost\n|\n|upkeep\n|turn|7\n|inactive|Time left: 300 sec this turn | 300 sec total\n|\n|t:|1783544106\n|move|p2a: Milotic|Scald|p1a: Empoleon\n|-resisted|p1a: Empoleon\n|-damage|p1a: Empoleon|126/278\n|move|p1a: Empoleon|Roost|p1a: Empoleon\n|-heal|p1a: Empoleon|265/278\n|-singleturn|p1a: Empoleon|move: Roost\n|\n|upkeep\n|turn|8\n|inactive|Time left: 300 sec this turn | 300 sec total\n|\n|t:|1783544108\n|move|p2a: Milotic|Ice Beam|p1a: Empoleon\n|-resisted|p1a: Empoleon\n|-damage|p1a: Empoleon|258/278\n|move|p1a: Empoleon|Knock Off|p2a: Milotic\n|-damage|p2a: Milotic|76/100\n|-enditem|p2a: Milotic|Leftovers|[from] move: Knock Off|[of] p1a: Empoleon\n|\n|-sideend|p1: p0x384bba0|move: Light Screen\n|upkeep\n|turn|9\n|inactive|Time left: 300 sec this turn | 300 sec total\n|\n|t:|1783544109\n|move|p2a: Milotic|Scald|p1a: Empoleon\n|-resisted|p1a: Empoleon\n|-crit|p1a: Empoleon\n|-damage|p1a: Empoleon|204/278\n|-status|p1a: Empoleon|brn\n|move|p1a: Empoleon|Surf|p2a: Milotic\n|-resisted|p2a: Milotic\n|-damage|p2a: Milotic|63/100\n|\n|-damage|p1a: Empoleon|187/278 brn|[from] brn\n|upkeep\n|turn|10\n|inactive|Time left: 300 sec this turn | 300 sec total\n|\n|t:|1783544110\n|move|p2a: Milotic|Recover|p2a: Milotic\n|-heal|p2a: Milotic|100/100\n|move|p1a: Empoleon|Roost|p1a: Empoleon\n|-heal|p1a: Empoleon|278/278 brn\n|-singleturn|p1a: Empoleon|move: Roost\n|\n|-damage|p1a: Empoleon|261/278 brn|[from] brn\n|upkeep\n|turn|11\n|inactive|Time left: 300 sec this turn | 300 sec total\n|\n|t:|1783544111\n|move|p2a: Milotic|Scald|p1a: Empoleon\n|-resisted|p1a: Empoleon\n|-damage|p1a: Empoleon|219/278 brn\n|move|p1a: Empoleon|Surf|p2a: Milotic\n|-resisted|p2a: Milotic\n|-damage|p2a: Milotic|86/100\n|\n|-damage|p1a: Empoleon|202/278 brn|[from] brn\n|upkeep\n|turn|12\n|inactive|Time left: 300 sec this turn | 300 sec total\n|\n|t:|1783544113\n|move|p2a: Milotic|Scald|p1a: Empoleon\n|-resisted|p1a: Empoleon\n|-damage|p1a: Empoleon|160/278 brn\n|move|p1a: Empoleon|Surf|p2a: Milotic\n|-resisted|p2a: Milotic\n|-crit|p2a: Milotic\n|-damage|p2a: Milotic|65/100\n|\n|-damage|p1a: Empoleon|143/278 brn|[from] brn\n|upkeep\n|turn|13\n|inactive|Time left: 300 sec this turn | 300 sec total\n|\n|t:|1783544114\n|move|p2a: Milotic|Scald|p1a: Empoleon\n|-resisted|p1a: Empoleon\n|-damage|p1a: Empoleon|103/278 brn\n|move|p1a: Empoleon|Roost|p1a: Empoleon\n|-heal|p1a: Empoleon|242/278 brn\n|-singleturn|p1a: Empoleon|move: Roost\n|\n|-damage|p1a: Empoleon|225/278 brn|[from] brn\n|upkeep\n|turn|14\n|inactive|Time left: 300 sec this turn | 300 sec total\n|\n|t:|1783544115\n|move|p2a: Milotic|Recover|p2a: Milotic\n|-heal|p2a: Milotic|100/100\n|move|p1a: Empoleon|Roost|p1a: Empoleon\n|-heal|p1a: Empoleon|278/278 brn\n|-singleturn|p1a: Empoleon|move: Roost\n|\n|-damage|p1a: Empoleon|261/278 brn|[from] brn\n|upkeep\n|turn|15\n|inactive|Time left: 300 sec this turn | 300 sec total\n|\n|t:|1783544116\n|move|p2a: Milotic|Scald|p1a: Empoleon\n|-resisted|p1a: Empoleon\n|-damage|p1a: Empoleon|224/278 brn\n|move|p1a: Empoleon|Surf|p2a: Milotic\n|-resisted|p2a: Milotic\n|-damage|p2a: Milotic|87/100\n|\n|-damage|p1a: Empoleon|207/278 brn|[from] brn\n|upkeep\n|turn|16\n|inactive|Time left: 300 sec this turn | 300 sec total\n|\n|t:|1783544117\n|move|p2a: Milotic|Ice Beam|p1a: Empoleon\n|-resisted|p1a: Empoleon\n|-damage|p1a: Empoleon|192/278 brn\n|move|p1a: Empoleon|Roost|p1a: Empoleon\n|-heal|p1a: Empoleon|278/278 brn\n|-singleturn|p1a: Empoleon|move: Roost\n|\n|-damage|p1a: Empoleon|261/278 brn|[from] brn\n|upkeep\n|turn|17\n|inactive|Time left: 300 sec this turn | 300 sec total\n|\n|t:|1783544118\n|move|p2a: Milotic|Ice Beam|p1a: Empoleon\n|-resisted|p1a: Empoleon\n|-damage|p1a: Empoleon|248/278 brn\n|move|p1a: Empoleon|Surf|p2a: Milotic\n|-resisted|p2a: Milotic\n|-damage|p2a: Milotic|72/100\n|\n|-damage|p1a: Empoleon|231/278 brn|[from] brn\n|upkeep\n|turn|18\n|inactive|Time left: 300 sec this turn | 300 sec total\n|\n|t:|1783544120\n|move|p2a: Milotic|Recover|p2a: Milotic\n|-heal|p2a: Milotic|100/100\n|move|p1a: Empoleon|Surf|p2a: Milotic\n|-resisted|p2a: Milotic\n|-damage|p2a: Milotic|87/100\n|\n|-damage|p1a: Empoleon|214/278 brn|[from] brn\n|upkeep\n|turn|19\n|inactive|Time left: 300 sec this turn | 300 sec total\n|\n|t:|1783544121\n|move|p2a: Milotic|Ice Beam|p1a: Empoleon\n|-resisted|p1a: Empoleon\n|-damage|p1a: Empoleon|199/278 brn\n|move|p1a: Empoleon|Surf|p2a: Milotic\n|-resisted|p2a: Milotic\n|-damage|p2a: Milotic|73/100\n|\n|-damage|p1a: Empoleon|182/278 brn|[from] brn\n|upkeep\n|turn|20\n|inactive|Time left: 300 sec this turn | 300 sec total\n|\n|t:|1783544122\n|move|p2a: Milotic|Ice Beam|p1a: Empoleon\n|-resisted|p1a: Empoleon\n|-damage|p1a: Empoleon|169/278 brn\n|move|p1a: Empoleon|Roost|p1a: Empoleon\n|-heal|p1a: Empoleon|278/278 brn\n|-singleturn|p1a: Empoleon|move: Roost\n|\n|-damage|p1a: Empoleon|261/278 brn|[from] brn\n|upkeep\n|turn|21\n|inactive|Time left: 300 sec this turn | 300 sec total\n|\n|t:|1783544124\n|move|p2a: Milotic|Ice Beam|p1a: Empoleon\n|-resisted|p1a: Empoleon\n|-damage|p1a: Empoleon|248/278 brn\n|move|p1a: Empoleon|Knock Off|p2a: Milotic\n|-damage|p2a: Milotic|65/100\n|\n|-damage|p1a: Empoleon|231/278 brn|[from] brn\n|upkeep\n|turn|22\n|inactive|Time left: 300 sec this turn | 300 sec total\n|\n|t:|1783544125\n|move|p2a: Milotic|Scald|p1a: Empoleon\n|-resisted|p1a: Empoleon\n|-damage|p1a: Empoleon|192/278 brn\n|move|p1a: Empoleon|Flip Turn|p2a: Milotic\n|-resisted|p2a: Milotic\n|-damage|p2a: Milotic|59/100\n|inactive|Time left: 300 sec this turn | 300 sec total | 5 sec grace\n|\n|t:|1783544126\n|switch|p1a: Meowstic|Meowstic, L89, M|277/277|[from] Flip Turn\n|\n|upkeep\n|turn|23\n|inactive|Time left: 300 sec this turn | 300 sec total\n|\n|t:|1783544127\n|switch|p2a: Incineroar|Incineroar, L82, M|9/100\n|-ability|p2a: Incineroar|Intimidate|boost\n|-unboost|p1a: Meowstic|atk|1\n|move|p1a: Meowstic|Light Screen|p1a: Meowstic\n|-sidestart|p1: p0x384bba0|move: Light Screen\n|\n|upkeep\n|turn|24\n|inactive|Time left: 300 sec this turn | 300 sec total\n|\n|t:|1783544128\n|move|p1a: Meowstic|Alluring Voice|p2a: Incineroar\n|-damage|p2a: Incineroar|0 fnt\n|faint|p2a: Incineroar\n|\n|upkeep\n|\n|t:|1783544129\n|switch|p2a: Electivire|Electivire, L84, F|100/100\n|turn|25\n|inactive|Time left: 300 sec this turn | 300 sec total\n|\n|t:|1783544130\n|move|p1a: Meowstic|Reflect|p1a: Meowstic\n|-sidestart|p1: p0x384bba0|Reflect\n|move|p2a: Electivire|Bulk Up|p2a: Electivire\n|-boost|p2a: Electivire|atk|1\n|-boost|p2a: Electivire|def|1\n|\n|upkeep\n|turn|26\n|inactive|Time left: 300 sec this turn | 300 sec total\n|\n|t:|1783544131\n|switch|p1a: Latias|Latias, L79, F|256/256\n|move|p2a: Electivire|Supercell Slam|p1a: Latias\n|-resisted|p1a: Latias\n|-damage|p1a: Latias|192/256\n|-damage|p2a: Electivire|91/100|[from] item: Life Orb\n|\n|upkeep\n|turn|27\n|inactive|Time left: 300 sec this turn | 300 sec total\n|\n|t:|1783544133\n|move|p1a: Latias|Calm Mind|p1a: Latias\n|-boost|p1a: Latias|spa|1\n|-boost|p1a: Latias|spd|1\n|move|p2a: Electivire|Ice Punch|p1a: Latias\n|-supereffective|p1a: Latias\n|-damage|p1a: Latias|59/256\n|-damage|p2a: Electivire|81/100|[from] item: Life Orb\n|\n|upkeep\n|turn|28\n|inactive|Time left: 300 sec this turn | 300 sec total\n|\n|t:|1783544134\n|move|p1a: Latias|Draco Meteor|p2a: Electivire\n|-damage|p2a: Electivire|0 fnt\n|-unboost|p1a: Latias|spa|2\n|faint|p2a: Electivire\n|\n|upkeep\n|\n|t:|1783544135\n|switch|p2a: Milotic|Milotic, L83, F|59/100\n|turn|29\n|inactive|Time left: 300 sec this turn | 300 sec total\n|\n|t:|1783544137\n|move|p1a: Latias|Recover|p1a: Latias\n|-heal|p1a: Latias|187/256\n|move|p2a: Milotic|Recover|p2a: Milotic\n|-heal|p2a: Milotic|100/100\n|\n|upkeep\n|turn|30\n|inactive|Time left: 300 sec this turn | 300 sec total\n|\n|t:|1783544138\n|switch|p2a: Grumpig|Grumpig, L92, F|100/100\n|move|p1a: Latias|Recover|p1a: Latias\n|-heal|p1a: Latias|256/256\n|\n|-sideend|p1: p0x384bba0|move: Light Screen\n|upkeep\n|turn|31\n|inactive|Time left: 300 sec this turn | 300 sec total\n|\n|t:|1783544139\n|move|p1a: Latias|Calm Mind|p1a: Latias\n|-boost|p1a: Latias|spa|1\n|-boost|p1a: Latias|spd|1\n|move|p2a: Grumpig|Nasty Plot|p2a: Grumpig\n|-boost|p2a: Grumpig|spa|2\n|\n|upkeep\n|turn|32\n|inactive|Time left: 300 sec this turn | 300 sec total\n|\n|t:|1783544140\n|move|p1a: Latias|Calm Mind|p1a: Latias\n|-boost|p1a: Latias|spa|1\n|-boost|p1a: Latias|spd|1\n|move|p2a: Grumpig|Dazzling Gleam|p1a: Latias\n|-supereffective|p1a: Latias\n|-damage|p1a: Latias|176/256\n|\n|-sideend|p1: p0x384bba0|Reflect\n|upkeep\n|turn|33\n|inactive|Time left: 300 sec this turn | 300 sec total\n|\n|t:|1783544141\n|move|p1a: Latias|Calm Mind|p1a: Latias\n|-boost|p1a: Latias|spa|1\n|-boost|p1a: Latias|spd|1\n|move|p2a: Grumpig|Psyshock|p1a: Latias\n|-resisted|p1a: Latias\n|-damage|p1a: Latias|81/256\n|\n|upkeep\n|turn|34\n|inactive|Time left: 300 sec this turn | 300 sec total\n|\n|t:|1783544142\n|move|p1a: Latias|Recover|p1a: Latias\n|-heal|p1a: Latias|209/256\n|move|p2a: Grumpig|Psyshock|p1a: Latias\n|-resisted|p1a: Latias\n|-damage|p1a: Latias|113/256\n|\n|upkeep\n|turn|35\n|inactive|Time left: 300 sec this turn | 300 sec total\n|\n|t:|1783544144\n|move|p1a: Latias|Psyshock|p2a: Grumpig\n|-resisted|p2a: Grumpig\n|-damage|p2a: Grumpig|65/100\n|move|p2a: Grumpig|Psyshock|p1a: Latias\n|-resisted|p1a: Latias\n|-damage|p1a: Latias|12/256\n|\n|-heal|p2a: Grumpig|71/100|[from] item: Leftovers\n|upkeep\n|turn|36\n|inactive|Time left: 300 sec this turn | 300 sec total\n|\n|t:|1783544145\n|move|p1a: Latias|Draco Meteor|p2a: Grumpig\n|-damage|p2a: Grumpig|0 fnt\n|-unboost|p1a: Latias|spa|2\n|faint|p2a: Grumpig\n|\n|upkeep\n|\n|t:|1783544146\n|switch|p2a: Hydrapple|Hydrapple, L83, M|100/100\n|turn|37\n|inactive|Time left: 300 sec this turn | 300 sec total\n|\n|t:|1783544147\n|move|p1a: Latias|Recover|p1a: Latias\n|-heal|p1a: Latias|140/256\n|move|p2a: Hydrapple|Dragon Tail|p1a: Latias\n|-supereffective|p1a: Latias\n|-damage|p1a: Latias|30/256\n|drag|p1a: Meowstic|Meowstic, L89, M|277/277\n|\n|upkeep\n|turn|38\n|inactive|Time left: 300 sec this turn | 300 sec total\n|\n|t:|1783544148\n|move|p1a: Meowstic|Light Screen|p1a: Meowstic\n|-sidestart|p1: p0x384bba0|move: Light Screen\n|move|p2a: Hydrapple|Fickle Beam|p1a: Meowstic\n|-damage|p1a: Meowstic|229/277\n|\n|upkeep\n|turn|39\n|inactive|Time left: 300 sec this turn | 300 sec total\n|\n|t:|1783544149\n|move|p1a: Meowstic|Reflect|p1a: Meowstic\n|-sidestart|p1: p0x384bba0|Reflect\n|move|p2a: Hydrapple|Fickle Beam|p1a: Meowstic\n|-damage|p1a: Meowstic|182/277\n|\n|upkeep\n|turn|40\n|inactive|Time left: 300 sec this turn | 300 sec total\n|\n|t:|1783544150\n|switch|p1a: Meowscarada|Meowscarada, L78, M|247/247\n|move|p2a: Hydrapple|Fickle Beam|p1a: Meowscarada\n|-damage|p1a: Meowscarada|187/247\n|\n|upkeep\n|turn|41\n|inactive|Time left: 300 sec this turn | 300 sec total\n|\n|t:|1783544151\n|move|p1a: Meowscarada|Triple Axel|p2a: Hydrapple\n|-start|p1a: Meowscarada|typechange|Ice|[from] ability: Protean\n|-supereffective|p2a: Hydrapple\n|-damage|p2a: Hydrapple|66/100\n|-supereffective|p2a: Hydrapple\n|-damage|p2a: Hydrapple|9/100\n|-supereffective|p2a: Hydrapple\n|-damage|p2a: Hydrapple|0 fnt\n|faint|p2a: Hydrapple\n|-hitcount|p2: Hydrapple|3\n|-damage|p1a: Meowscarada|163/247|[from] item: Life Orb\n|\n|upkeep\n|\n|t:|1783544151\n|switch|p2a: Regice|Regice, L88|100/100\n|turn|42\n|inactive|Time left: 300 sec this turn | 300 sec total\n|\n|t:|1783544153\n|move|p1a: Meowscarada|Knock Off|p2a: Regice\n|-damage|p2a: Regice|76/100\n|-enditem|p2a: Regice|Heavy-Duty Boots|[from] move: Knock Off|[of] p1a: Meowscarada\n|-damage|p1a: Meowscarada|139/247|[from] item: Life Orb\n|move|p2a: Regice|Ice Beam|p1a: Meowscarada\n|-resisted|p1a: Meowscarada\n|-damage|p1a: Meowscarada|103/247\n|\n|upkeep\n|turn|43\n|inactive|Time left: 300 sec this turn | 300 sec total\n|\n|t:|1783544154\n|switch|p1a: Chansey|Chansey, L85, F|564/564\n|move|p2a: Regice|Ice Beam|p1a: Chansey\n|-damage|p1a: Chansey|535/564\n|\n|upkeep\n|turn|44\n|inactive|Time left: 300 sec this turn | 300 sec total\n|\n|t:|1783544155\n|move|p2a: Regice|Ice Beam|p1a: Chansey\n|-damage|p1a: Chansey|505/564\n|move|p1a: Chansey|Stealth Rock|p2a: Regice\n|-sidestart|p2: p0y384bcfb|move: Stealth Rock\n|\n|upkeep\n|turn|45\n|inactive|Time left: 300 sec this turn | 300 sec total\n|\n|t:|1783544156\n|move|p2a: Regice|Ice Beam|p1a: Chansey\n|-damage|p1a: Chansey|474/564\n|-status|p1a: Chansey|frz\n|cant|p1a: Chansey|frz\n|\n|-sideend|p1: p0x384bba0|move: Light Screen\n|upkeep\n|turn|46\n|inactive|Time left: 300 sec this turn | 300 sec total\n|\n|t:|1783544157\n|move|p2a: Regice|Ice Beam|p1a: Chansey\n|-damage|p1a: Chansey|407/564 frz\n|-curestatus|p1a: Chansey|frz|[msg]\n|move|p1a: Chansey|Seismic Toss|p2a: Regice\n|-damage|p2a: Regice|46/100\n|\n|-sideend|p1: p0x384bba0|Reflect\n|upkeep\n|turn|47\n|inactive|Time left: 300 sec this turn | 300 sec total\n|\n|t:|1783544158\n|move|p2a: Regice|Ice Beam|p1a: Chansey\n|-damage|p1a: Chansey|341/564\n|move|p1a: Chansey|Soft-Boiled|p1a: Chansey\n|-heal|p1a: Chansey|564/564\n|\n|upkeep\n|turn|48\n|inactive|Time left: 300 sec this turn | 300 sec total\n|\n|t:|1783544159\n|move|p2a: Regice|Rest|p2a: Regice\n|-status|p2a: Regice|slp|[from] move: Rest\n|-heal|p2a: Regice|100/100 slp|[silent]\n|move|p1a: Chansey|Seismic Toss|p2a: Regice\n|-damage|p2a: Regice|71/100 slp\n|\n|upkeep\n|turn|49\n|inactive|Time left: 300 sec this turn | 300 sec total\n|\n|t:|1783544160\n|cant|p2a: Regice|slp\n|move|p2a: Regice|Sleep Talk|p2a: Regice\n|move|p2a: Regice|Ice Beam|p1a: Chansey|[from] move: Sleep Talk\n|-damage|p1a: Chansey|498/564\n|move|p1a: Chansey|Seismic Toss|p2a: Regice\n|-damage|p2a: Regice|41/100 slp\n|\n|upkeep\n|turn|50\n|inactive|Time left: 300 sec this turn | 300 sec total\n|\n|t:|1783544162\n|cant|p2a: Regice|slp\n|move|p2a: Regice|Sleep Talk|p2a: Regice\n|move|p2a: Regice|Ice Beam|p1a: Chansey|[from] move: Sleep Talk\n|-damage|p1a: Chansey|440/564\n|-status|p1a: Chansey|frz\n|cant|p1a: Chansey|frz\n|\n|upkeep\n|turn|51\n|inactive|Time left: 300 sec this turn | 300 sec total\n|\n|t:|1783544163\n|-curestatus|p2a: Regice|slp|[msg]\n|move|p2a: Regice|Ice Beam|p1a: Chansey\n|-damage|p1a: Chansey|373/564 frz\n|cant|p1a: Chansey|frz\n|\n|upkeep\n|turn|52\n|inactive|Time left: 300 sec this turn | 300 sec total\n|\n|t:|1783544164\n|-curestatus|p1a: Chansey|frz|[from] ability: Natural Cure|[silent]\n|switch|p1a: Meowstic|Meowstic, L89, M|182/277\n|move|p2a: Regice|Ice Beam|p1a: Meowstic\n|-damage|p1a: Meowstic|76/277\n|\n|upkeep\n|turn|53\n|inactive|Time left: 300 sec this turn | 300 sec total\n|\n|t:|1783544165\n|move|p1a: Meowstic|Light Screen|p1a: Meowstic\n|-sidestart|p1: p0x384bba0|move: Light Screen\n|move|p2a: Regice|Ice Beam|p1a: Meowstic\n|-damage|p1a: Meowstic|25/277\n|\n|upkeep\n|turn|54\n|inactive|Time left: 300 sec this turn | 300 sec total\n|\n|t:|1783544166\n|move|p1a: Meowstic|Reflect|p1a: Meowstic\n|-sidestart|p1: p0x384bba0|Reflect\n|move|p2a: Regice|Ice Beam|p1a: Meowstic\n|-damage|p1a: Meowstic|0 fnt\n|faint|p1a: Meowstic\n|\n|upkeep\n|inactive|Time left: 300 sec this turn | 300 sec total | 5 sec grace\n|\n|t:|1783544167\n|switch|p1a: Meowscarada|Meowscarada, L78, M|103/247\n|turn|55\n|inactive|Time left: 300 sec this turn | 300 sec total\n|\n|t:|1783544168\n|move|p1a: Meowscarada|Flower Trick|p2a: Regice\n|-start|p1a: Meowscarada|typechange|Grass|[from] ability: Protean\n|-crit|p2a: Regice\n|-damage|p2a: Regice|0 fnt\n|faint|p2a: Regice\n|-damage|p1a: Meowscarada|79/247|[from] item: Life Orb\n|\n|upkeep\n|\n|t:|1783544170\n|switch|p2a: Milotic|Milotic, L83, F|100/100\n|-damage|p2a: Milotic|88/100|[from] Stealth Rock\n|turn|56\n|inactive|Time left: 300 sec this turn | 300 sec total\n|\n|t:|1783544171\n|-terastallize|p2a: Milotic|Dragon\n|move|p1a: Meowscarada|Flower Trick|p2a: Milotic\n|-resisted|p2a: Milotic\n|-crit|p2a: Milotic\n|-damage|p2a: Milotic|62/100\n|-damage|p1a: Meowscarada|55/247|[from] item: Life Orb\n|move|p2a: Milotic|Recover|p2a: Milotic\n|-heal|p2a: Milotic|100/100\n|\n|upkeep\n|turn|57\n|inactive|Time left: 300 sec this turn | 300 sec total\n|\n|t:|1783544172\n|move|p1a: Meowscarada|Triple Axel|p2a: Milotic\n|-supereffective|p2a: Milotic\n|-damage|p2a: Milotic|85/100\n|-supereffective|p2a: Milotic\n|-damage|p2a: Milotic|59/100\n|-hitcount|p2a: Milotic|2\n|-damage|p1a: Meowscarada|31/247|[from] item: Life Orb\n|move|p2a: Milotic|Dragon Tail|p1a: Meowscarada\n|-damage|p1a: Meowscarada|2/247\n|drag|p1a: Empoleon|Empoleon, L84, M|192/278 brn\n|\n|-damage|p1a: Empoleon|175/278 brn|[from] brn\n|upkeep\n|turn|58\n|inactive|Time left: 300 sec this turn | 300 sec total\n|\n|t:|1783544173\n|switch|p1a: Meowscarada|Meowscarada, L78, M|2/247\n|move|p2a: Milotic|Dragon Tail|p1a: Meowscarada\n|-damage|p1a: Meowscarada|0 fnt\n|faint|p1a: Meowscarada\n|\n|upkeep\n|inactive|Time left: 300 sec this turn | 300 sec total | 5 sec grace\n|\n|t:|1783544174\n|switch|p1a: Latias|Latias, L79, F|30/256\n|turn|59\n|inactive|Time left: 300 sec this turn | 300 sec total\n|\n|t:|1783544175\n|-terastallize|p1a: Latias|Steel\n|move|p1a: Latias|Draco Meteor|p2a: Milotic\n|-supereffective|p2a: Milotic\n|-damage|p2a: Milotic|0 fnt\n|-unboost|p1a: Latias|spa|2\n|faint|p2a: Milotic\n|\n|win|p0x384bba0", "uploadtime": 1783544175, "views": 0, "rating": 0, "private": 0, "password": null, "_winner": "p0x384bba0", "_our_name": "p0x384bba0"}