{"id": "battle-gen9randombattle-2931", "formatid": "gen9randombattle", "format": "[Gen 9] Random Battle", "players": ["p0x2931bb45", "p0y293118a6"], "log": "|init|battle\n|title|p0x2931bb45 vs. p0y293118a6\n|j|\u2606p0x2931bb45\n|j|\u2606p0y293118a6\n|t:|1783573742\n|gametype|singles\n|player|p1|p0x2931bb45|1|\n|player|p2|p0y293118a6|2|\n|gen|9\n|tier|[Gen 9] Random Battle\n|rule|Species Clause: Limit one of each Pok\u00e9mon\n|rule|HP Percentage Mod: HP is shown in percentages\n|rule|Sleep Clause Mod: Limit one foe put to sleep\n|rule|Illusion Level Mod: Illusion disguises the Pok\u00e9mon's true level\n|\n|t:|1783573742\n|teamsize|p1|6\n|teamsize|p2|6\n|start\n|switch|p1a: Raichu|Raichu, L88, M|100/100\n|switch|p2a: Tyranitar|Tyranitar, L78, M|284/284\n|-weather|Sandstorm|[from] ability: Sand Stream|[of] p2a: Tyranitar\n|turn|1\n|inactive|Battle timer is ON: inactive players will automatically lose when time's up. (requested by p0x2931bb45)\n|inactive|Time left: 300 sec this turn | 300 sec total | 60 sec grace\n|inactive|p0y293118a6 also wants the timer to be on.\n|\n|t:|1783573744\n|switch|p1a: Skarmory|Skarmory, L80, M|100/100\n|move|p2a: Tyranitar|Knock Off|p1a: Skarmory\n|-damage|p1a: Skarmory|62/100\n|-enditem|p1a: Skarmory|Leftovers|[from] move: Knock Off|[of] p2a: Tyranitar\n|\n|-weather|Sandstorm|[upkeep]\n|upkeep\n|turn|2\n|inactive|Time left: 300 sec this turn | 300 sec total\n|\n|t:|1783573745\n|move|p1a: Skarmory|Stealth Rock|p2a: Tyranitar\n|-sidestart|p2: p0y293118a6|move: Stealth Rock\n|move|p2a: Tyranitar|Stealth Rock|p1a: Skarmory\n|-sidestart|p1: p0x2931bb45|move: Stealth Rock\n|\n|-weather|Sandstorm|[upkeep]\n|upkeep\n|turn|3\n|inactive|Time left: 300 sec this turn | 300 sec total\n|\n|t:|1783573746\n|move|p1a: Skarmory|Roost|p1a: Skarmory\n|-heal|p1a: Skarmory|100/100\n|-singleturn|p1a: Skarmory|move: Roost\n|move|p2a: Tyranitar|Knock Off|p1a: Skarmory\n|-damage|p1a: Skarmory|77/100\n|\n|-weather|Sandstorm|[upkeep]\n|upkeep\n|turn|4\n|inactive|Time left: 300 sec this turn | 300 sec total\n|\n|t:|1783573747\n|move|p1a: Skarmory|Roost|p1a: Skarmory\n|-heal|p1a: Skarmory|100/100\n|-singleturn|p1a: Skarmory|move: Roost\n|move|p2a: Tyranitar|Knock Off|p1a: Skarmory\n|-damage|p1a: Skarmory|76/100\n|\n|-weather|Sandstorm|[upkeep]\n|upkeep\n|turn|5\n|inactive|Time left: 300 sec this turn | 300 sec total\n|\n|t:|1783573748\n|move|p1a: Skarmory|Roost|p1a: Skarmory\n|-heal|p1a: Skarmory|100/100\n|-singleturn|p1a: Skarmory|move: Roost\n|move|p2a: Tyranitar|Stone Edge|p1a: Skarmory\n|-resisted|p1a: Skarmory\n|-damage|p1a: Skarmory|83/100\n|\n|-weather|none\n|upkeep\n|turn|6\n|inactive|Time left: 300 sec this turn | 300 sec total\n|\n|t:|1783573749\n|move|p1a: Skarmory|Brave Bird|p2a: Tyranitar\n|-resisted|p2a: Tyranitar\n|-damage|p2a: Tyranitar|238/284\n|-damage|p1a: Skarmory|77/100|[from] Recoil\n|move|p2a: Tyranitar|Stone Edge|p1a: Skarmory|[miss]\n|-miss|p2a: Tyranitar|p1a: Skarmory\n|\n|-heal|p2a: Tyranitar|255/284|[from] item: Leftovers\n|upkeep\n|turn|7\n|inactive|Time left: 300 sec this turn | 300 sec total\n|\n|t:|1783573750\n|move|p1a: Skarmory|Brave Bird|p2a: Tyranitar\n|-resisted|p2a: Tyranitar\n|-damage|p2a: Tyranitar|210/284\n|-damage|p1a: Skarmory|71/100|[from] Recoil\n|move|p2a: Tyranitar|Knock Off|p1a: Skarmory\n|-damage|p1a: Skarmory|46/100\n|\n|-heal|p2a: Tyranitar|227/284|[from] item: Leftovers\n|upkeep\n|turn|8\n|inactive|Time left: 300 sec this turn | 300 sec total\n|\n|t:|1783573752\n|move|p1a: Skarmory|Roost|p1a: Skarmory\n|-heal|p1a: Skarmory|97/100\n|-singleturn|p1a: Skarmory|move: Roost\n|move|p2a: Tyranitar|Knock Off|p1a: Skarmory\n|-damage|p1a: Skarmory|74/100\n|\n|-heal|p2a: Tyranitar|244/284|[from] item: Leftovers\n|upkeep\n|turn|9\n|inactive|Time left: 300 sec this turn | 300 sec total\n|\n|t:|1783573753\n|move|p1a: Skarmory|Roost|p1a: Skarmory\n|-heal|p1a: Skarmory|100/100\n|-singleturn|p1a: Skarmory|move: Roost\n|move|p2a: Tyranitar|Knock Off|p1a: Skarmory\n|-crit|p1a: Skarmory\n|-damage|p1a: Skarmory|62/100\n|\n|-heal|p2a: Tyranitar|261/284|[from] item: Leftovers\n|upkeep\n|turn|10\n|inactive|Time left: 300 sec this turn | 300 sec total\n|\n|t:|1783573754\n|move|p1a: Skarmory|Roost|p1a: Skarmory\n|-heal|p1a: Skarmory|100/100\n|-singleturn|p1a: Skarmory|move: Roost\n|move|p2a: Tyranitar|Knock Off|p1a: Skarmory\n|-damage|p1a: Skarmory|76/100\n|\n|-heal|p2a: Tyranitar|278/284|[from] item: Leftovers\n|upkeep\n|turn|11\n|inactive|Time left: 300 sec this turn | 300 sec total\n|\n|t:|1783573755\n|switch|p2a: Drifblim|Drifblim, L86, F|396/396\n|-damage|p2a: Drifblim|297/396|[from] Stealth Rock\n|move|p1a: Skarmory|Roost|p1a: Skarmory\n|-heal|p1a: Skarmory|100/100\n|-singleturn|p1a: Skarmory|move: Roost\n|\n|upkeep\n|turn|12\n|inactive|Time left: 300 sec this turn | 300 sec total\n|\n|t:|1783573756\n|switch|p1a: Raichu|Raichu, L88, M|100/100\n|move|p2a: Drifblim|Strength Sap|p1a: Raichu\n|-unboost|p1a: Raichu|atk|1\n|-heal|p2a: Drifblim|396/396\n|\n|upkeep\n|turn|13\n|inactive|Time left: 300 sec this turn | 300 sec total\n|\n|t:|1783573757\n|move|p1a: Raichu|Thunderbolt|p2a: Drifblim\n|-supereffective|p2a: Drifblim\n|-damage|p2a: Drifblim|96/396\n|-enditem|p2a: Drifblim|Sitrus Berry|[eat]\n|-heal|p2a: Drifblim|195/396|[from] item: Sitrus Berry\n|move|p2a: Drifblim|Shadow Ball|p1a: Raichu\n|-damage|p1a: Raichu|68/100\n|\n|upkeep\n|turn|14\n|inactive|Time left: 300 sec this turn | 300 sec total\n|\n|t:|1783573758\n|move|p2a: Drifblim|Calm Mind|p2a: Drifblim\n|-boost|p2a: Drifblim|spa|1\n|-boost|p2a: Drifblim|spd|1\n|move|p1a: Raichu|Thunderbolt|p2a: Drifblim\n|-supereffective|p2a: Drifblim\n|-damage|p2a: Drifblim|19/396\n|\n|upkeep\n|turn|15\n|inactive|Time left: 300 sec this turn | 300 sec total\n|\n|t:|1783573759\n|move|p2a: Drifblim|Shadow Ball|p1a: Raichu\n|-damage|p1a: Raichu|17/100\n|move|p1a: Raichu|Volt Switch|p2a: Drifblim\n|-supereffective|p2a: Drifblim\n|-damage|p2a: Drifblim|0 fnt\n|faint|p2a: Drifblim\n|\n|t:|1783573760\n|switch|p1a: Decidueye|Decidueye, L88, M|100/100|[from] Volt Switch\n|-damage|p1a: Decidueye|88/100|[from] Stealth Rock\n|\n|upkeep\n|inactive|Time left: 300 sec this turn | 300 sec total | 10 sec grace\n|\n|t:|1783573761\n|switch|p2a: Hoopa|Hoopa-Unbound, L80|259/259\n|-damage|p2a: Hoopa|227/259|[from] Stealth Rock\n|turn|16\n|inactive|Time left: 300 sec this turn | 300 sec total\n|\n|t:|1783573762\n|switch|p1a: Honchkrow|Honchkrow, L86, F|100/100\n|move|p2a: Hoopa|Hyperspace Fury|p1a: Honchkrow\n|-resisted|p1a: Honchkrow\n|-damage|p1a: Honchkrow|50/100\n|-unboost|p2a: Hoopa|def|1\n|\n|upkeep\n|turn|17\n|inactive|Time left: 300 sec this turn | 300 sec total\n|\n|t:|1783573763\n|-terastallize|p2a: Hoopa|Dark\n|move|p1a: Honchkrow|Sucker Punch|p2a: Hoopa\n|-resisted|p2a: Hoopa\n|-damage|p2a: Hoopa|120/259\n|move|p2a: Hoopa|Hyperspace Fury|p1a: Honchkrow\n|-resisted|p1a: Honchkrow\n|-damage|p1a: Honchkrow|0 fnt\n|-unboost|p2a: Hoopa|def|1\n|faint|p1a: Honchkrow\n|\n|upkeep\n|\n|t:|1783573764\n|switch|p1a: Entei|Entei, L78|100/100\n|-damage|p1a: Entei|76/100|[from] Stealth Rock\n|turn|18\n|inactive|Time left: 300 sec this turn | 300 sec total\n|\n|t:|1783573765\n|switch|p2a: Tyranitar|Tyranitar, L78, M|278/284\n|-damage|p2a: Tyranitar|243/284|[from] Stealth Rock\n|-weather|Sandstorm|[from] ability: Sand Stream|[of] p2a: Tyranitar\n|move|p1a: Entei|Sacred Fire|p2a: Tyranitar\n|-resisted|p2a: Tyranitar\n|-damage|p2a: Tyranitar|177/284\n|\n|-weather|Sandstorm|[upkeep]\n|-damage|p1a: Entei|70/100|[from] Sandstorm\n|-heal|p2a: Tyranitar|194/284|[from] item: Leftovers\n|upkeep\n|turn|19\n|inactive|Time left: 300 sec this turn | 300 sec total\n|\n|t:|1783573766\n|move|p1a: Entei|Sacred Fire|p2a: Tyranitar\n|-resisted|p2a: Tyranitar\n|-damage|p2a: Tyranitar|123/284\n|move|p2a: Tyranitar|Stone Edge|p1a: Entei\n|-supereffective|p1a: Entei\n|-damage|p1a: Entei|0 fnt\n|faint|p1a: Entei\n|\n|-weather|Sandstorm|[upkeep]\n|-heal|p2a: Tyranitar|140/284|[from] item: Leftovers\n|upkeep\n|\n|t:|1783573767\n|switch|p1a: Decidueye|Decidueye, L88, M|88/100\n|-damage|p1a: Decidueye|76/100|[from] Stealth Rock\n|turn|20\n|inactive|Time left: 300 sec this turn | 300 sec total\n|\n|t:|1783573768\n|move|p1a: Decidueye|Leaf Blade|p2a: Tyranitar\n|-supereffective|p2a: Tyranitar\n|-damage|p2a: Tyranitar|0 fnt\n|faint|p2a: Tyranitar\n|-damage|p1a: Decidueye|66/100|[from] item: Life Orb\n|\n|-weather|Sandstorm|[upkeep]\n|-damage|p1a: Decidueye|60/100|[from] Sandstorm\n|upkeep\n|inactive|Time left: 300 sec this turn | 300 sec total | 5 sec grace\n|\n|t:|1783573769\n|switch|p2a: Hoopa|Hoopa-Unbound, L80, tera:Dark|120/259\n|-damage|p2a: Hoopa|88/259|[from] Stealth Rock\n|turn|21\n|inactive|Time left: 300 sec this turn | 300 sec total\n|\n|t:|1783573770\n|switch|p1a: Raichu|Raichu, L88, M|17/100\n|move|p2a: Hoopa|Hyperspace Fury|p1a: Raichu\n|-damage|p1a: Raichu|0 fnt\n|-unboost|p2a: Hoopa|def|1\n|faint|p1a: Raichu\n|\n|-weather|Sandstorm|[upkeep]\n|-damage|p2a: Hoopa|72/259|[from] Sandstorm\n|upkeep\n|\n|t:|1783573771\n|switch|p1a: Scovillain|Scovillain, L91, F|100/100\n|-damage|p1a: Scovillain|76/100|[from] Stealth Rock\n|turn|22\n|inactive|Time left: 300 sec this turn | 300 sec total\n|\n|t:|1783573772\n|move|p1a: Scovillain|Flamethrower|p2a: Hoopa\n|-damage|p2a: Hoopa|0 fnt\n|faint|p2a: Hoopa\n|\n|-weather|none\n|-heal|p1a: Scovillain|82/100|[from] item: Leftovers\n|upkeep\n|inactive|Time left: 300 sec this turn | 300 sec total | 5 sec grace\n|\n|t:|1783573772\n|switch|p2a: Zapdos|Zapdos-Galar, L77|265/265\n|-damage|p2a: Zapdos|232/265|[from] Stealth Rock\n|turn|23\n|inactive|Time left: 300 sec this turn | 300 sec total\n|\n|t:|1783573773\n|move|p1a: Scovillain|Protect|p1a: Scovillain\n|-singleturn|p1a: Scovillain|Protect\n|move|p2a: Zapdos|Brave Bird|p1a: Scovillain\n|-activate|p1a: Scovillain|move: Protect\n|\n|-heal|p1a: Scovillain|88/100|[from] item: Leftovers\n|upkeep\n|turn|24\n|inactive|Time left: 300 sec this turn | 300 sec total\n|\n|t:|1783573774\n|-terastallize|p1a: Scovillain|Steel\n|move|p2a: Zapdos|Brave Bird|p1a: Scovillain\n|-resisted|p1a: Scovillain\n|-damage|p1a: Scovillain|54/100\n|-damage|p2a: Zapdos|202/265|[from] Recoil\n|-damage|p2a: Zapdos|176/265|[from] item: Life Orb\n|move|p1a: Scovillain|Flamethrower|p2a: Zapdos\n|-damage|p2a: Zapdos|41/265\n|\n|-heal|p1a: Scovillain|60/100|[from] item: Leftovers\n|upkeep\n|turn|25\n|inactive|Time left: 300 sec this turn | 300 sec total\n|\n|t:|1783573776\n|move|p1a: Scovillain|Protect|p1a: Scovillain\n|-singleturn|p1a: Scovillain|Protect\n|move|p2a: Zapdos|Close Combat|p1a: Scovillain\n|-activate|p1a: Scovillain|move: Protect\n|\n|-heal|p1a: Scovillain|66/100|[from] item: Leftovers\n|upkeep\n|turn|26\n|inactive|Time left: 300 sec this turn | 300 sec total\n|\n|t:|1783573777\n|switch|p1a: Decidueye|Decidueye, L88, M|60/100\n|-damage|p1a: Decidueye|47/100|[from] Stealth Rock\n|move|p2a: Zapdos|Close Combat|p1a: Decidueye\n|-immune|p1a: Decidueye\n|\n|upkeep\n|turn|27\n|inactive|Time left: 300 sec this turn | 300 sec total\n|\n|t:|1783573778\n|move|p1a: Decidueye|Shadow Sneak|p2a: Zapdos\n|-damage|p2a: Zapdos|0 fnt\n|faint|p2a: Zapdos\n|-damage|p1a: Decidueye|37/100|[from] item: Life Orb\n|\n|upkeep\n|inactive|Time left: 300 sec this turn | 300 sec total | 5 sec grace\n|\n|t:|1783573779\n|switch|p2a: Meganium|Meganium, L90, M|290/290\n|-damage|p2a: Meganium|254/290|[from] Stealth Rock\n|turn|28\n|inactive|Time left: 300 sec this turn | 300 sec total\n|\n|t:|1783573780\n|switch|p1a: Skarmory|Skarmory, L80, M|100/100\n|-damage|p1a: Skarmory|88/100|[from] Stealth Rock\n|move|p2a: Meganium|Knock Off|p1a: Skarmory\n|-damage|p1a: Skarmory|73/100\n|\n|-heal|p2a: Meganium|272/290|[from] item: Leftovers\n|upkeep\n|turn|29\n|inactive|Time left: 300 sec this turn | 300 sec total\n|\n|t:|1783573781\n|switch|p2a: Regieleki|Regieleki, L79|256/256\n|-damage|p2a: Regieleki|224/256|[from] Stealth Rock\n|move|p1a: Skarmory|Brave Bird|p2a: Regieleki\n|-resisted|p2a: Regieleki\n|-damage|p2a: Regieleki|145/256\n|-damage|p1a: Skarmory|62/100|[from] Recoil\n|\n|upkeep\n|turn|30\n|inactive|Time left: 300 sec this turn | 300 sec total\n|\n|t:|1783573782\n|switch|p1a: Decidueye|Decidueye, L88, M|37/100\n|-damage|p1a: Decidueye|25/100|[from] Stealth Rock\n|move|p2a: Regieleki|Volt Switch|p1a: Decidueye\n|-resisted|p1a: Decidueye\n|-damage|p1a: Decidueye|10/100\n|inactive|Time left: 300 sec this turn | 300 sec total | 5 sec grace\n|\n|t:|1783573783\n|switch|p2a: Meganium|Meganium, L90, M|272/290|[from] Volt Switch\n|-damage|p2a: Meganium|236/290|[from] Stealth Rock\n|\n|-heal|p2a: Meganium|254/290|[from] item: Leftovers\n|upkeep\n|turn|31\n|inactive|Time left: 300 sec this turn | 300 sec total\n|\n|t:|1783573784\n|move|p1a: Decidueye|Shadow Sneak|p2a: Meganium\n|-damage|p2a: Meganium|198/290\n|-damage|p1a: Decidueye|0 fnt|[from] item: Life Orb\n|faint|p1a: Decidueye\n|move|p2a: Meganium|Swords Dance|p2a: Meganium\n|-boost|p2a: Meganium|atk|2\n|\n|-heal|p2a: Meganium|216/290|[from] item: Leftovers\n|upkeep\n|\n|t:|1783573785\n|switch|p1a: Skarmory|Skarmory, L80, M|62/100\n|-damage|p1a: Skarmory|49/100|[from] Stealth Rock\n|turn|32\n|inactive|Time left: 300 sec this turn | 300 sec total\n|\n|t:|1783573786\n|move|p2a: Meganium|Knock Off|p1a: Skarmory\n|-crit|p1a: Skarmory\n|-damage|p1a: Skarmory|4/100\n|move|p1a: Skarmory|Roost|p1a: Skarmory\n|-heal|p1a: Skarmory|55/100\n|-singleturn|p1a: Skarmory|move: Roost\n|\n|-heal|p2a: Meganium|234/290|[from] item: Leftovers\n|upkeep\n|turn|33\n|inactive|Time left: 300 sec this turn | 300 sec total\n|\n|t:|1783573787\n|move|p2a: Meganium|Knock Off|p1a: Skarmory\n|-damage|p1a: Skarmory|28/100\n|move|p1a: Skarmory|Whirlwind|p2a: Meganium\n|drag|p2a: Regieleki|Regieleki, L79|145/256\n|-damage|p2a: Regieleki|113/256|[from] Stealth Rock\n|\n|upkeep\n|turn|34\n|inactive|Time left: 300 sec this turn | 300 sec total\n|\n|t:|1783573787\n|switch|p1a: Scovillain|Scovillain, L91, F, tera:Steel|66/100\n|-damage|p1a: Scovillain|60/100|[from] Stealth Rock\n|move|p2a: Regieleki|Volt Switch|p1a: Scovillain\n|-damage|p1a: Scovillain|13/100\n|inactive|Time left: 300 sec this turn | 300 sec total | 5 sec grace\n|\n|t:|1783573788\n|switch|p2a: Meganium|Meganium, L90, M|234/290|[from] Volt Switch\n|-damage|p2a: Meganium|198/290|[from] Stealth Rock\n|\n|-heal|p2a: Meganium|216/290|[from] item: Leftovers\n|-heal|p1a: Scovillain|19/100|[from] item: Leftovers\n|upkeep\n|turn|35\n|inactive|Time left: 300 sec this turn | 300 sec total\n|\n|t:|1783573789\n|move|p1a: Scovillain|Protect|p1a: Scovillain\n|-singleturn|p1a: Scovillain|Protect\n|move|p2a: Meganium|Knock Off|p1a: Scovillain\n|-activate|p1a: Scovillain|move: Protect\n|\n|-heal|p2a: Meganium|234/290|[from] item: Leftovers\n|-heal|p1a: Scovillain|25/100|[from] item: Leftovers\n|upkeep\n|turn|36\n|inactive|Time left: 300 sec this turn | 300 sec total\n|\n|t:|1783573790\n|move|p1a: Scovillain|Protect|p1a: Scovillain\n|-singleturn|p1a: Scovillain|Protect\n|move|p2a: Meganium|Knock Off|p1a: Scovillain\n|-activate|p1a: Scovillain|move: Protect\n|\n|-heal|p2a: Meganium|252/290|[from] item: Leftovers\n|-heal|p1a: Scovillain|31/100|[from] item: Leftovers\n|upkeep\n|turn|37\n|inactive|Time left: 300 sec this turn | 300 sec total\n|\n|t:|1783573791\n|switch|p1a: Skarmory|Skarmory, L80, M|28/100\n|-damage|p1a: Skarmory|16/100|[from] Stealth Rock\n|move|p2a: Meganium|Earthquake|p1a: Skarmory\n|-immune|p1a: Skarmory\n|\n|-heal|p2a: Meganium|270/290|[from] item: Leftovers\n|upkeep\n|turn|38\n|inactive|Time left: 300 sec this turn | 300 sec total\n|\n|t:|1783573792\n|move|p2a: Meganium|Knock Off|p1a: Skarmory\n|-damage|p1a: Skarmory|2/100\n|move|p1a: Skarmory|Stealth Rock||[still]\n|-fail|p1a: Skarmory\n|\n|-heal|p2a: Meganium|288/290|[from] item: Leftovers\n|upkeep\n|turn|39\n|inactive|Time left: 300 sec this turn | 300 sec total\n|\n|t:|1783573792\n|move|p2a: Meganium|Knock Off|p1a: Skarmory\n|-damage|p1a: Skarmory|0 fnt\n|faint|p1a: Skarmory\n|\n|-heal|p2a: Meganium|290/290|[from] item: Leftovers\n|upkeep\n|\n|t:|1783573793\n|switch|p1a: Scovillain|Scovillain, L91, F, tera:Steel|31/100\n|-damage|p1a: Scovillain|25/100|[from] Stealth Rock\n|turn|40\n|inactive|Time left: 300 sec this turn | 300 sec total\n|\n|t:|1783573794\n|move|p1a: Scovillain|Protect|p1a: Scovillain\n|-singleturn|p1a: Scovillain|Protect\n|move|p2a: Meganium|Knock Off|p1a: Scovillain\n|-activate|p1a: Scovillain|move: Protect\n|\n|-heal|p1a: Scovillain|31/100|[from] item: Leftovers\n|upkeep\n|turn|41\n|inactive|Time left: 300 sec this turn | 300 sec total\n|\n|t:|1783573795\n|move|p1a: Scovillain|Protect||[still]\n|-fail|p1a: Scovillain\n|move|p2a: Meganium|Earthquake|p1a: Scovillain\n|-supereffective|p1a: Scovillain\n|-damage|p1a: Scovillain|0 fnt\n|faint|p1a: Scovillain\n|\n|win|p0y293118a6", "uploadtime": 1783573795, "views": 0, "rating": 0, "private": 0, "password": null, "_winner": "p0y293118a6", "_our_name": "p0y293118a6"}