{"id": "battle-gen9randombattle-2989", "formatid": "gen9randombattle", "format": "[Gen 9] Random Battle", "players": ["p0x2989d679", "p0y29899bf0"], "log": "|init|battle\n|title|p0x2989d679 vs. p0y29899bf0\n|j|\u2606p0x2989d679\n|j|\u2606p0y29899bf0\n|t:|1783573409\n|gametype|singles\n|player|p1|p0x2989d679|2|\n|player|p2|p0y29899bf0|170|\n|gen|9\n|tier|[Gen 9] Random Battle\n|rule|Species Clause: Limit one of each Pok\u00e9mon\n|rule|HP Percentage Mod: HP is shown in percentages\n|rule|Sleep Clause Mod: Limit one foe put to sleep\n|rule|Illusion Level Mod: Illusion disguises the Pok\u00e9mon's true level\n|\n|t:|1783573409\n|teamsize|p1|6\n|teamsize|p2|6\n|start\n|switch|p1a: Moltres|Moltres, L81|100/100\n|switch|p2a: Braviary|Braviary-Hisui, L85, M|326/326\n|turn|1\n|inactive|Battle timer is ON: inactive players will automatically lose when time's up. (requested by p0y29899bf0)\n|inactive|p0x2989d679 also wants the timer to be on.\n|\n|t:|1783573410\n|move|p1a: Moltres|Fire Blast|p2a: Braviary\n|-damage|p2a: Braviary|163/326\n|move|p2a: Braviary|Esper Wing|p1a: Moltres\n|-damage|p1a: Moltres|44/100\n|-boost|p2a: Braviary|spe|1\n|\n|upkeep\n|turn|2\n|inactive|Time left: 300 sec this turn | 300 sec total\n|\n|t:|1783573411\n|switch|p1a: Giratina|Giratina, L75|100/100\n|-ability|p1a: Giratina|Pressure\n|move|p2a: Braviary|Esper Wing|p1a: Giratina\n|-crit|p1a: Giratina\n|-damage|p1a: Giratina|47/100\n|-boost|p2a: Braviary|spe|1\n|\n|-heal|p1a: Giratina|53/100|[from] item: Leftovers\n|upkeep\n|turn|3\n|inactive|Time left: 300 sec this turn | 300 sec total\n|\n|t:|1783573412\n|move|p2a: Braviary|Esper Wing|p1a: Giratina\n|-damage|p1a: Giratina|16/100\n|-boost|p2a: Braviary|spe|1\n|move|p1a: Giratina|Shadow Ball|p2a: Braviary\n|-supereffective|p2a: Braviary\n|-damage|p2a: Braviary|1/326\n|\n|-heal|p1a: Giratina|22/100|[from] item: Leftovers\n|upkeep\n|turn|4\n|inactive|Time left: 300 sec this turn | 300 sec total\n|\n|t:|1783573413\n|move|p2a: Braviary|Esper Wing|p1a: Giratina\n|-damage|p1a: Giratina|0 fnt\n|-boost|p2a: Braviary|spe|1\n|faint|p1a: Giratina\n|\n|upkeep\n|\n|t:|1783573414\n|switch|p1a: Donphan|Donphan, L84, M|100/100\n|turn|5\n|inactive|Time left: 300 sec this turn | 300 sec total\n|\n|t:|1783573415\n|move|p1a: Donphan|Ice Shard|p2a: Braviary\n|-supereffective|p2a: Braviary\n|-damage|p2a: Braviary|0 fnt\n|faint|p2a: Braviary\n|\n|upkeep\n|inactive|Time left: 300 sec this turn | 300 sec total | 5 sec grace\n|\n|t:|1783573416\n|switch|p2a: Kricketune|Kricketune, L99, M|312/312\n|turn|6\n|inactive|Time left: 300 sec this turn | 300 sec total\n|\n|t:|1783573417\n|move|p2a: Kricketune|Sticky Web|p1a: Donphan\n|-sidestart|p1: p0x2989d679|move: Sticky Web\n|move|p1a: Donphan|Knock Off|p2a: Kricketune\n|-damage|p2a: Kricketune|208/312\n|-enditem|p2a: Kricketune|Heavy-Duty Boots|[from] move: Knock Off|[of] p1a: Donphan\n|\n|upkeep\n|turn|7\n|inactive|Time left: 300 sec this turn | 300 sec total\n|\n|t:|1783573418\n|move|p2a: Kricketune|Pounce|p1a: Donphan\n|-damage|p1a: Donphan|71/100\n|-unboost|p1a: Donphan|spe|1\n|move|p1a: Donphan|Stealth Rock|p2a: Kricketune\n|-sidestart|p2: p0y29899bf0|move: Stealth Rock\n|\n|-heal|p1a: Donphan|78/100|[from] item: Leftovers\n|upkeep\n|turn|8\n|inactive|Time left: 300 sec this turn | 300 sec total\n|\n|t:|1783573419\n|switch|p1a: Hitmontop|Hitmontop, L88, M|100/100\n|-activate|p1a: Hitmontop|move: Sticky Web\n|-unboost|p1a: Hitmontop|spe|1\n|-ability|p1a: Hitmontop|Intimidate|boost\n|-unboost|p2a: Kricketune|atk|1\n|move|p2a: Kricketune|Knock Off|p1a: Hitmontop\n|-resisted|p1a: Hitmontop\n|-damage|p1a: Hitmontop|90/100\n|-enditem|p1a: Hitmontop|Assault Vest|[from] move: Knock Off|[of] p2a: Kricketune\n|\n|upkeep\n|turn|9\n|inactive|Time left: 300 sec this turn | 300 sec total\n|\n|t:|1783573420\n|-terastallize|p2a: Kricketune|Ghost\n|move|p2a: Kricketune|Pounce|p1a: Hitmontop\n|-resisted|p1a: Hitmontop\n|-damage|p1a: Hitmontop|76/100\n|-unboost|p1a: Hitmontop|spe|1\n|move|p1a: Hitmontop|Rapid Spin|p2a: Kricketune\n|-immune|p2a: Kricketune\n|\n|upkeep\n|turn|10\n|inactive|Time left: 300 sec this turn | 300 sec total\n|\n|t:|1783573421\n|switch|p1a: Moltres|Moltres, L81|44/100\n|move|p2a: Kricketune|Pounce|p1a: Moltres\n|-resisted|p1a: Moltres\n|-damage|p1a: Moltres|39/100\n|-unboost|p1a: Moltres|spe|1\n|-status|p2a: Kricketune|brn|[from] ability: Flame Body|[of] p1a: Moltres\n|\n|-damage|p2a: Kricketune|189/312 brn|[from] brn\n|upkeep\n|turn|11\n|inactive|Time left: 300 sec this turn | 300 sec total\n|\n|t:|1783573422\n|move|p2a: Kricketune|Pounce|p1a: Moltres\n|-resisted|p1a: Moltres\n|-damage|p1a: Moltres|36/100\n|-unboost|p1a: Moltres|spe|1\n|move|p1a: Moltres|Roost|p1a: Moltres\n|-heal|p1a: Moltres|86/100\n|-singleturn|p1a: Moltres|move: Roost\n|\n|-damage|p2a: Kricketune|170/312 brn|[from] brn\n|upkeep\n|turn|12\n|inactive|Time left: 300 sec this turn | 300 sec total\n|\n|t:|1783573423\n|switch|p1a: Hitmontop|Hitmontop, L88, M|76/100\n|-activate|p1a: Hitmontop|move: Sticky Web\n|-unboost|p1a: Hitmontop|spe|1\n|-ability|p1a: Hitmontop|Intimidate|boost\n|-unboost|p2a: Kricketune|atk|1\n|move|p2a: Kricketune|Pounce|p1a: Hitmontop\n|-resisted|p1a: Hitmontop\n|-damage|p1a: Hitmontop|71/100\n|-unboost|p1a: Hitmontop|spe|1\n|\n|-damage|p2a: Kricketune|151/312 brn|[from] brn\n|upkeep\n|turn|13\n|inactive|Time left: 300 sec this turn | 300 sec total\n|\n|t:|1783573424\n|move|p2a: Kricketune|Pounce|p1a: Hitmontop\n|-resisted|p1a: Hitmontop\n|-damage|p1a: Hitmontop|66/100\n|-unboost|p1a: Hitmontop|spe|1\n|move|p1a: Hitmontop|Rapid Spin|p2a: Kricketune\n|-immune|p2a: Kricketune\n|\n|-damage|p2a: Kricketune|132/312 brn|[from] brn\n|upkeep\n|turn|14\n|inactive|Time left: 300 sec this turn | 300 sec total\n|\n|t:|1783573425\n|switch|p1a: Moltres|Moltres, L81|86/100\n|move|p2a: Kricketune|Pounce|p1a: Moltres\n|-resisted|p1a: Moltres\n|-damage|p1a: Moltres|84/100\n|-unboost|p1a: Moltres|spe|1\n|\n|-damage|p2a: Kricketune|113/312 brn|[from] brn\n|upkeep\n|turn|15\n|inactive|Time left: 300 sec this turn | 300 sec total\n|\n|t:|1783573426\n|switch|p1a: Hitmontop|Hitmontop, L88, M|66/100\n|-activate|p1a: Hitmontop|move: Sticky Web\n|-unboost|p1a: Hitmontop|spe|1\n|-ability|p1a: Hitmontop|Intimidate|boost\n|-unboost|p2a: Kricketune|atk|1\n|move|p2a: Kricketune|Knock Off|p1a: Hitmontop\n|-resisted|p1a: Hitmontop\n|-damage|p1a: Hitmontop|64/100\n|\n|-damage|p2a: Kricketune|94/312 brn|[from] brn\n|upkeep\n|turn|16\n|inactive|Time left: 300 sec this turn | 300 sec total\n|\n|t:|1783573427\n|move|p2a: Kricketune|Pounce|p1a: Hitmontop\n|-resisted|p1a: Hitmontop\n|-damage|p1a: Hitmontop|60/100\n|-unboost|p1a: Hitmontop|spe|1\n|move|p1a: Hitmontop|Rapid Spin|p2a: Kricketune\n|-immune|p2a: Kricketune\n|\n|-damage|p2a: Kricketune|75/312 brn|[from] brn\n|upkeep\n|turn|17\n|inactive|Time left: 300 sec this turn | 300 sec total\n|\n|t:|1783573428\n|move|p2a: Kricketune|Pounce|p1a: Hitmontop\n|-resisted|p1a: Hitmontop\n|-damage|p1a: Hitmontop|56/100\n|-unboost|p1a: Hitmontop|spe|1\n|move|p1a: Hitmontop|Rapid Spin|p2a: Kricketune\n|-immune|p2a: Kricketune\n|\n|-damage|p2a: Kricketune|56/312 brn|[from] brn\n|upkeep\n|turn|18\n|inactive|Time left: 300 sec this turn | 300 sec total\n|\n|t:|1783573429\n|switch|p1a: Moltres|Moltres, L81|84/100\n|move|p2a: Kricketune|Pounce|p1a: Moltres\n|-resisted|p1a: Moltres\n|-damage|p1a: Moltres|82/100\n|-unboost|p1a: Moltres|spe|1\n|\n|-damage|p2a: Kricketune|37/312 brn|[from] brn\n|upkeep\n|turn|19\n|inactive|Time left: 300 sec this turn | 300 sec total\n|\n|t:|1783573430\n|move|p2a: Kricketune|Knock Off|p1a: Moltres\n|-damage|p1a: Moltres|76/100\n|-enditem|p1a: Moltres|Heavy-Duty Boots|[from] move: Knock Off|[of] p2a: Kricketune\n|move|p1a: Moltres|Fire Blast|p2a: Kricketune\n|-damage|p2a: Kricketune|0 fnt\n|faint|p2a: Kricketune\n|\n|upkeep\n|inactive|Time left: 300 sec this turn | 300 sec total | 5 sec grace\n|\n|t:|1783573431\n|switch|p2a: Pincurchin|Pincurchin, M|258/258\n|-damage|p2a: Pincurchin|226/258|[from] Stealth Rock\n|-fieldstart|move: Electric Terrain|[from] ability: Electric Surge|[of] p2a: Pincurchin\n|turn|20\n|inactive|Time left: 300 sec this turn | 300 sec total\n|\n|t:|1783573432\n|switch|p1a: Hitmontop|Hitmontop, L88, M|56/100\n|-activate|p1a: Hitmontop|move: Sticky Web\n|-unboost|p1a: Hitmontop|spe|1\n|-ability|p1a: Hitmontop|Intimidate|boost\n|-unboost|p2a: Pincurchin|atk|1\n|move|p2a: Pincurchin|Scald|p1a: Hitmontop\n|-crit|p1a: Hitmontop\n|-damage|p1a: Hitmontop|13/100\n|\n|-heal|p2a: Pincurchin|242/258|[from] item: Leftovers\n|upkeep\n|turn|21\n|inactive|Time left: 300 sec this turn | 300 sec total\n|\n|t:|1783573433\n|move|p1a: Hitmontop|Rapid Spin|p2a: Pincurchin\n|-damage|p2a: Pincurchin|212/258\n|-boost|p1a: Hitmontop|spe|1\n|-sideend|p1: p0x2989d679|Sticky Web|[from] move: Rapid Spin|[of] p1a: Hitmontop\n|move|p2a: Pincurchin|Scald|p1a: Hitmontop\n|-damage|p1a: Hitmontop|0 fnt\n|faint|p1a: Hitmontop\n|\n|-heal|p2a: Pincurchin|228/258|[from] item: Leftovers\n|upkeep\n|\n|t:|1783573434\n|switch|p1a: Sawsbuck|Sawsbuck-Summer, L88, M|100/100\n|turn|22\n|inactive|Time left: 300 sec this turn | 300 sec total\n|\n|t:|1783573435\n|move|p1a: Sawsbuck|Swords Dance|p1a: Sawsbuck\n|-boost|p1a: Sawsbuck|atk|2\n|move|p2a: Pincurchin|Scald|p1a: Sawsbuck\n|-resisted|p1a: Sawsbuck\n|-damage|p1a: Sawsbuck|86/100\n|-status|p1a: Sawsbuck|brn\n|\n|-heal|p2a: Pincurchin|244/258|[from] item: Leftovers\n|-damage|p1a: Sawsbuck|80/100 brn|[from] brn\n|upkeep\n|turn|23\n|inactive|Time left: 300 sec this turn | 300 sec total\n|\n|t:|1783573436\n|switch|p2a: Flamigo|Flamigo, L82, F|269/269\n|-damage|p2a: Flamigo|236/269|[from] Stealth Rock\n|move|p1a: Sawsbuck|Swords Dance|p1a: Sawsbuck\n|-boost|p1a: Sawsbuck|atk|2\n|\n|-damage|p1a: Sawsbuck|74/100 brn|[from] brn\n|upkeep\n|turn|24\n|inactive|Time left: 300 sec this turn | 300 sec total\n|\n|t:|1783573437\n|-terastallize|p1a: Sawsbuck|Normal\n|move|p2a: Flamigo|Close Combat|p1a: Sawsbuck\n|-supereffective|p1a: Sawsbuck\n|-damage|p1a: Sawsbuck|0 fnt\n|-unboost|p2a: Flamigo|def|1\n|-unboost|p2a: Flamigo|spd|1\n|faint|p1a: Sawsbuck\n|\n|-fieldend|move: Electric Terrain\n|upkeep\n|\n|t:|1783573438\n|switch|p1a: Seviper|Seviper, L93, F|100/100\n|turn|25\n|inactive|Time left: 300 sec this turn | 300 sec total\n|\n|t:|1783573439\n|switch|p2a: Stantler|Stantler, L92, F|284/284\n|-damage|p2a: Stantler|249/284|[from] Stealth Rock\n|-ability|p2a: Stantler|Intimidate|boost\n|-unboost|p1a: Seviper|atk|1\n|move|p1a: Seviper|Swords Dance|p1a: Seviper\n|-boost|p1a: Seviper|atk|2\n|\n|upkeep\n|turn|26\n|inactive|Time left: 300 sec this turn | 300 sec total\n|\n|t:|1783573440\n|move|p2a: Stantler|Earthquake|p1a: Seviper\n|-supereffective|p1a: Seviper\n|-damage|p1a: Seviper|36/100\n|move|p1a: Seviper|Gunk Shot|p2a: Stantler\n|-damage|p2a: Stantler|72/284\n|-status|p2a: Stantler|psn\n|\n|-heal|p1a: Seviper|42/100|[from] item: Leftovers\n|-damage|p2a: Stantler|37/284 psn|[from] psn\n|upkeep\n|turn|27\n|inactive|Time left: 300 sec this turn | 300 sec total\n|\n|t:|1783573441\n|switch|p1a: Moltres|Moltres, L81|76/100\n|move|p2a: Stantler|Body Slam|p1a: Moltres\n|-damage|p1a: Moltres|35/100\n|\n|-damage|p2a: Stantler|2/284 psn|[from] psn\n|upkeep\n|turn|28\n|inactive|Time left: 300 sec this turn | 300 sec total\n|\n|t:|1783573441\n|move|p2a: Stantler|Body Slam|p1a: Moltres\n|-damage|p1a: Moltres|0 fnt\n|faint|p1a: Moltres\n|\n|-damage|p2a: Stantler|0 fnt|[from] psn\n|faint|p2a: Stantler\n|upkeep\n|inactive|Time left: 300 sec this turn | 300 sec total | 5 sec grace\n|\n|t:|1783573442\n|switch|p2a: Pincurchin|Pincurchin, M|244/258\n|switch|p1a: Donphan|Donphan, L84, M|78/100\n|-damage|p2a: Pincurchin|212/258|[from] Stealth Rock\n|-fieldstart|move: Electric Terrain|[from] ability: Electric Surge|[of] p2a: Pincurchin\n|turn|29\n|inactive|Time left: 300 sec this turn | 300 sec total\n|\n|t:|1783573443\n|move|p1a: Donphan|Earthquake|p2a: Pincurchin\n|-supereffective|p2a: Pincurchin\n|-damage|p2a: Pincurchin|26/258\n|move|p2a: Pincurchin|Scald|p1a: Donphan\n|-supereffective|p1a: Donphan\n|-crit|p1a: Donphan\n|-damage|p1a: Donphan|0 fnt\n|faint|p1a: Donphan\n|\n|-heal|p2a: Pincurchin|42/258|[from] item: Leftovers\n|upkeep\n|\n|t:|1783573444\n|switch|p1a: Seviper|Seviper, L93, F|42/100\n|turn|30\n|inactive|Time left: 300 sec this turn | 300 sec total\n|\n|t:|1783573445\n|move|p1a: Seviper|Gunk Shot|p2a: Pincurchin\n|-damage|p2a: Pincurchin|0 fnt\n|faint|p2a: Pincurchin\n|\n|-heal|p1a: Seviper|48/100|[from] item: Leftovers\n|upkeep\n|inactive|Time left: 300 sec this turn | 300 sec total | 5 sec grace\n|\n|t:|1783573446\n|switch|p2a: Flamigo|Flamigo, L82, F|236/269\n|-damage|p2a: Flamigo|203/269|[from] Stealth Rock\n|turn|31\n|inactive|Time left: 300 sec this turn | 300 sec total\n|\n|t:|1783573447\n|move|p2a: Flamigo|Brave Bird|p1a: Seviper\n|-damage|p1a: Seviper|0 fnt\n|faint|p1a: Seviper\n|-damage|p2a: Flamigo|158/269|[from] Recoil\n|\n|win|p0y29899bf0", "uploadtime": 1783573447, "views": 0, "rating": 0, "private": 0, "password": null, "_winner": "p0y29899bf0", "_our_name": "p0y29899bf0"}