{"id": "battle-gen9randombattle-1371", "formatid": "gen9randombattle", "format": "[Gen 9] Random Battle", "players": ["p0x137132f0", "p0y1371948c"], "log": "|init|battle\n|title|p0x137132f0 vs. p0y1371948c\n|j|\u2606p0x137132f0\n|j|\u2606p0y1371948c\n|t:|1783555027\n|gametype|singles\n|player|p1|p0x137132f0|1|\n|player|p2|p0y1371948c|170|\n|gen|9\n|tier|[Gen 9] Random Battle\n|rule|Species Clause: Limit one of each Pok\u00e9mon\n|rule|HP Percentage Mod: HP is shown in percentages\n|rule|Sleep Clause Mod: Limit one foe put to sleep\n|rule|Illusion Level Mod: Illusion disguises the Pok\u00e9mon's true level\n|\n|t:|1783555027\n|teamsize|p1|6\n|teamsize|p2|6\n|start\n|switch|p1a: Flygon|Flygon, L82, M|100/100\n|switch|p2a: Gothitelle|Gothitelle, L90, F|272/272\n|turn|1\n|inactive|Battle timer is ON: inactive players will automatically lose when time's up. (requested by p0x137132f0)\n|inactive|Time left: 300 sec this turn | 300 sec total | 60 sec grace\n|inactive|p0y1371948c also wants the timer to be on.\n|\n|t:|1783555029\n|move|p1a: Flygon|Dragon Dance|p1a: Flygon\n|-boost|p1a: Flygon|atk|1\n|-boost|p1a: Flygon|spe|1\n|move|p2a: Gothitelle|Calm Mind|p2a: Gothitelle\n|-boost|p2a: Gothitelle|spa|1\n|-boost|p2a: Gothitelle|spd|1\n|\n|upkeep\n|turn|2\n|inactive|Time left: 300 sec this turn | 300 sec total\n|\n|t:|1783555030\n|move|p1a: Flygon|Outrage|p2a: Gothitelle\n|-damage|p2a: Gothitelle|109/272\n|move|p2a: Gothitelle|Psychic Noise|p1a: Flygon\n|-damage|p1a: Flygon|42/100\n|-start|p1a: Flygon|move: Heal Block\n|\n|-heal|p2a: Gothitelle|126/272|[from] item: Leftovers\n|upkeep\n|turn|3\n|inactive|Time left: 300 sec this turn | 300 sec total\n|\n|t:|1783555031\n|-terastallize|p2a: Gothitelle|Fairy\n|move|p1a: Flygon|Outrage|p2a: Gothitelle|[from] lockedmove\n|-immune|p2a: Gothitelle\n|move|p2a: Gothitelle|Calm Mind|p2a: Gothitelle\n|-boost|p2a: Gothitelle|spa|1\n|-boost|p2a: Gothitelle|spd|1\n|\n|-heal|p2a: Gothitelle|143/272|[from] item: Leftovers\n|-end|p1a: Flygon|move: Heal Block\n|upkeep\n|turn|4\n|inactive|Time left: 300 sec this turn | 300 sec total\n|\n|t:|1783555032\n|-terastallize|p1a: Flygon|Ground\n|move|p1a: Flygon|Earthquake|p2a: Gothitelle\n|-damage|p2a: Gothitelle|0 fnt\n|faint|p2a: Gothitelle\n|\n|upkeep\n|inactive|Time left: 300 sec this turn | 300 sec total | 5 sec grace\n|\n|t:|1783555033\n|switch|p2a: Giratina|Giratina-Origin, L72|335/335\n|turn|5\n|inactive|Time left: 300 sec this turn | 300 sec total\n|\n|t:|1783555035\n|move|p1a: Flygon|Outrage|p2a: Giratina\n|-supereffective|p2a: Giratina\n|-damage|p2a: Giratina|0 fnt\n|faint|p2a: Giratina\n|\n|upkeep\n|inactive|Time left: 300 sec this turn | 300 sec total | 5 sec grace\n|\n|t:|1783555036\n|switch|p2a: Ribombee|Ribombee, L83, F|235/235\n|turn|6\n|inactive|Time left: 300 sec this turn | 300 sec total\n|\n|t:|1783555037\n|move|p1a: Flygon|Outrage|p2a: Ribombee|[from] lockedmove\n|-immune|p2a: Ribombee\n|move|p2a: Ribombee|Sticky Web|p1a: Flygon\n|-sidestart|p1: p0x137132f0|move: Sticky Web\n|\n|upkeep\n|turn|7\n|inactive|Time left: 300 sec this turn | 300 sec total\n|\n|t:|1783555038\n|move|p1a: Flygon|Stone Edge|p2a: Ribombee\n|-supereffective|p2a: Ribombee\n|-damage|p2a: Ribombee|0 fnt\n|faint|p2a: Ribombee\n|\n|upkeep\n|inactive|Time left: 300 sec this turn | 300 sec total | 5 sec grace\n|\n|t:|1783555039\n|switch|p2a: Espeon|Espeon, L84, M|246/246\n|turn|8\n|inactive|Time left: 300 sec this turn | 300 sec total\n|\n|t:|1783555040\n|move|p1a: Flygon|Earthquake|p2a: Espeon\n|-damage|p2a: Espeon|0 fnt\n|faint|p2a: Espeon\n|\n|upkeep\n|inactive|Time left: 300 sec this turn | 300 sec total | 5 sec grace\n|\n|t:|1783555041\n|switch|p2a: Magcargo|Magcargo, L95, M|268/268\n|turn|9\n|inactive|Time left: 300 sec this turn | 300 sec total\n|\n|t:|1783555042\n|switch|p2a: Blissey|Blissey, L85, F|572/572\n|move|p1a: Flygon|Earthquake|p2a: Blissey\n|-damage|p2a: Blissey|0 fnt\n|faint|p2a: Blissey\n|\n|upkeep\n|inactive|Time left: 300 sec this turn | 300 sec total | 5 sec grace\n|\n|t:|1783555043\n|switch|p2a: Magcargo|Magcargo, L95, M|268/268\n|turn|10\n|inactive|Time left: 300 sec this turn | 300 sec total\n|\n|t:|1783555043\n|move|p1a: Flygon|Earthquake|p2a: Magcargo\n|-supereffective|p2a: Magcargo\n|-damage|p2a: Magcargo|0 fnt\n|faint|p2a: Magcargo\n|\n|win|p0x137132f0", "uploadtime": 1783555043, "views": 0, "rating": 0, "private": 0, "password": null, "_winner": "p0x137132f0", "_our_name": "p0y1371948c"}