{"id": "battle-gen9randombattle-1338", "formatid": "gen9randombattle", "format": "[Gen 9] Random Battle", "players": ["p0x13388419", "p0y1338bbdd"], "log": "|init|battle\n|title|p0x13388419 vs. p0y1338bbdd\n|j|\u2606p0x13388419\n|j|\u2606p0y1338bbdd\n|t:|1783554664\n|gametype|singles\n|player|p1|p0x13388419|266|\n|player|p2|p0y1338bbdd|2|\n|gen|9\n|tier|[Gen 9] Random Battle\n|rule|Species Clause: Limit one of each Pok\u00e9mon\n|rule|HP Percentage Mod: HP is shown in percentages\n|rule|Sleep Clause Mod: Limit one foe put to sleep\n|rule|Illusion Level Mod: Illusion disguises the Pok\u00e9mon's true level\n|\n|t:|1783554664\n|teamsize|p1|6\n|teamsize|p2|6\n|start\n|switch|p1a: Sylveon|Sylveon, L85, M|100/100\n|switch|p2a: Basculin|Basculin-Blue-Striped, L86, M|261/261\n|turn|1\n|inactive|Battle timer is ON: inactive players will automatically lose when time's up. (requested by p0y1338bbdd)\n|inactive|p0x13388419 also wants the timer to be on.\n|\n|t:|1783554665\n|move|p1a: Sylveon|Protect|p1a: Sylveon\n|-singleturn|p1a: Sylveon|Protect\n|move|p2a: Basculin|Wave Crash|p1a: Sylveon\n|-activate|p1a: Sylveon|move: Protect\n|\n|upkeep\n|turn|2\n|inactive|Time left: 300 sec this turn | 300 sec total\n|\n|t:|1783554666\n|switch|p1a: Brute Bonnet|Brute Bonnet, L80|100/100\n|move|p2a: Basculin|Wave Crash|p1a: Brute Bonnet\n|-resisted|p1a: Brute Bonnet\n|-damage|p1a: Brute Bonnet|59/100\n|-damage|p2a: Basculin|218/261|[from] Recoil\n|\n|-heal|p1a: Brute Bonnet|65/100|[from] item: Leftovers\n|upkeep\n|turn|3\n|inactive|Time left: 300 sec this turn | 300 sec total\n|\n|t:|1783554668\n|move|p2a: Basculin|Wave Crash|p1a: Brute Bonnet\n|-resisted|p1a: Brute Bonnet\n|-damage|p1a: Brute Bonnet|25/100\n|-damage|p2a: Basculin|177/261|[from] Recoil\n|move|p1a: Brute Bonnet|Crunch|p2a: Basculin\n|-damage|p2a: Basculin|48/261\n|\n|-heal|p1a: Brute Bonnet|31/100|[from] item: Leftovers\n|upkeep\n|turn|4\n|inactive|Time left: 300 sec this turn | 300 sec total\n|\n|t:|1783554669\n|move|p1a: Brute Bonnet|Sucker Punch|p2a: Basculin\n|-damage|p2a: Basculin|0 fnt\n|faint|p2a: Basculin\n|\n|-heal|p1a: Brute Bonnet|37/100|[from] item: Leftovers\n|upkeep\n|inactive|Time left: 300 sec this turn | 300 sec total | 5 sec grace\n|\n|t:|1783554669\n|switch|p2a: Armarouge|Armarouge, L80, F|267/267\n|turn|5\n|inactive|Time left: 300 sec this turn | 300 sec total\n|\n|t:|1783554670\n|-end|p1a: Brute Bonnet|Protosynthesis|[silent]\n|switch|p1a: Hydreigon|Hydreigon, L79, F|100/100\n|move|p2a: Armarouge|Armor Cannon|p1a: Hydreigon\n|-resisted|p1a: Hydreigon\n|-damage|p1a: Hydreigon|63/100\n|-unboost|p2a: Armarouge|def|1\n|-unboost|p2a: Armarouge|spd|1\n|\n|upkeep\n|turn|6\n|inactive|Time left: 300 sec this turn | 300 sec total\n|\n|t:|1783554672\n|switch|p2a: Probopass|Probopass, L91, F|257/257\n|move|p1a: Hydreigon|Draco Meteor|p2a: Probopass|[miss]\n|-miss|p1a: Hydreigon|p2a: Probopass\n|\n|upkeep\n|turn|7\n|inactive|Time left: 300 sec this turn | 300 sec total\n|\n|t:|1783554673\n|switch|p1a: Vikavolt|Vikavolt, L83, M|100/100\n|move|p2a: Probopass|Iron Defense|p2a: Probopass\n|-boost|p2a: Probopass|def|2\n|\n|upkeep\n|turn|8\n|inactive|Time left: 300 sec this turn | 300 sec total\n|\n|t:|1783554674\n|move|p2a: Probopass|Power Gem|p1a: Vikavolt\n|-supereffective|p1a: Vikavolt\n|-damage|p1a: Vikavolt|34/100\n|move|p1a: Vikavolt|Sticky Web|p2a: Probopass\n|-sidestart|p2: p0y1338bbdd|move: Sticky Web\n|\n|upkeep\n|turn|9\n|inactive|Time left: 300 sec this turn | 300 sec total\n|\n|t:|1783554675\n|switch|p1a: Sylveon|Sylveon, L85, M|100/100\n|move|p2a: Probopass|Body Press|p1a: Sylveon\n|-resisted|p1a: Sylveon\n|-damage|p1a: Sylveon|61/100\n|\n|-heal|p1a: Sylveon|67/100|[from] item: Leftovers\n|upkeep\n|turn|10\n|inactive|Time left: 300 sec this turn | 300 sec total\n|\n|t:|1783554676\n|move|p1a: Sylveon|Calm Mind|p1a: Sylveon\n|-boost|p1a: Sylveon|spa|1\n|-boost|p1a: Sylveon|spd|1\n|move|p2a: Probopass|Body Press|p1a: Sylveon\n|-resisted|p1a: Sylveon\n|-damage|p1a: Sylveon|27/100\n|\n|-heal|p1a: Sylveon|33/100|[from] item: Leftovers\n|upkeep\n|turn|11\n|inactive|Time left: 300 sec this turn | 300 sec total\n|\n|t:|1783554677\n|move|p1a: Sylveon|Protect|p1a: Sylveon\n|-singleturn|p1a: Sylveon|Protect\n|move|p2a: Probopass|Body Press|p1a: Sylveon\n|-activate|p1a: Sylveon|move: Protect\n|\n|-heal|p1a: Sylveon|39/100|[from] item: Leftovers\n|upkeep\n|turn|12\n|inactive|Time left: 300 sec this turn | 300 sec total\n|\n|t:|1783554678\n|move|p1a: Sylveon|Hyper Voice|p2a: Probopass\n|-resisted|p2a: Probopass\n|-damage|p2a: Probopass|193/257\n|move|p2a: Probopass|Body Press|p1a: Sylveon\n|-resisted|p1a: Sylveon\n|-damage|p1a: Sylveon|2/100\n|\n|-heal|p1a: Sylveon|8/100|[from] item: Leftovers\n|upkeep\n|turn|13\n|inactive|Time left: 300 sec this turn | 300 sec total\n|\n|t:|1783554679\n|move|p1a: Sylveon|Protect|p1a: Sylveon\n|-singleturn|p1a: Sylveon|Protect\n|move|p2a: Probopass|Body Press|p1a: Sylveon\n|-activate|p1a: Sylveon|move: Protect\n|\n|-heal|p1a: Sylveon|14/100|[from] item: Leftovers\n|upkeep\n|turn|14\n|inactive|Time left: 300 sec this turn | 300 sec total\n|\n|t:|1783554680\n|move|p1a: Sylveon|Protect|p1a: Sylveon\n|-singleturn|p1a: Sylveon|Protect\n|move|p2a: Probopass|Body Press|p1a: Sylveon\n|-activate|p1a: Sylveon|move: Protect\n|\n|-heal|p1a: Sylveon|20/100|[from] item: Leftovers\n|upkeep\n|turn|15\n|inactive|Time left: 300 sec this turn | 300 sec total\n|\n|t:|1783554681\n|move|p1a: Sylveon|Hyper Voice|p2a: Probopass\n|-resisted|p2a: Probopass\n|-damage|p2a: Probopass|130/257\n|move|p2a: Probopass|Body Press|p1a: Sylveon\n|-resisted|p1a: Sylveon\n|-damage|p1a: Sylveon|0 fnt\n|faint|p1a: Sylveon\n|\n|upkeep\n|\n|t:|1783554682\n|switch|p1a: Clefable|Clefable, L83, F|100/100\n|turn|16\n|inactive|Time left: 300 sec this turn | 300 sec total\n|\n|t:|1783554683\n|move|p1a: Clefable|Calm Mind|p1a: Clefable\n|-boost|p1a: Clefable|spa|1\n|-boost|p1a: Clefable|spd|1\n|move|p2a: Probopass|Rest|p2a: Probopass\n|-status|p2a: Probopass|slp|[from] move: Rest\n|-heal|p2a: Probopass|257/257 slp|[silent]\n|-enditem|p2a: Probopass|Chesto Berry|[eat]\n|-curestatus|p2a: Probopass|slp|[msg]\n|\n|upkeep\n|turn|17\n|inactive|Time left: 300 sec this turn | 300 sec total\n|\n|t:|1783554684\n|move|p1a: Clefable|Calm Mind|p1a: Clefable\n|-boost|p1a: Clefable|spa|1\n|-boost|p1a: Clefable|spd|1\n|move|p2a: Probopass|Body Press|p1a: Clefable\n|-resisted|p1a: Clefable\n|-damage|p1a: Clefable|62/100\n|\n|upkeep\n|turn|18\n|inactive|Time left: 300 sec this turn | 300 sec total\n|\n|t:|1783554686\n|move|p1a: Clefable|Moonlight|p1a: Clefable\n|-heal|p1a: Clefable|100/100\n|move|p2a: Probopass|Body Press|p1a: Clefable\n|-resisted|p1a: Clefable\n|-crit|p1a: Clefable\n|-damage|p1a: Clefable|49/100\n|\n|upkeep\n|turn|19\n|inactive|Time left: 300 sec this turn | 300 sec total\n|\n|t:|1783554687\n|move|p1a: Clefable|Moonlight|p1a: Clefable\n|-heal|p1a: Clefable|98/100\n|move|p2a: Probopass|Body Press|p1a: Clefable\n|-resisted|p1a: Clefable\n|-damage|p1a: Clefable|62/100\n|\n|upkeep\n|turn|20\n|inactive|Time left: 300 sec this turn | 300 sec total\n|\n|t:|1783554688\n|move|p1a: Clefable|Moonlight|p1a: Clefable\n|-heal|p1a: Clefable|100/100\n|move|p2a: Probopass|Body Press|p1a: Clefable\n|-resisted|p1a: Clefable\n|-damage|p1a: Clefable|66/100\n|\n|upkeep\n|turn|21\n|inactive|Time left: 300 sec this turn | 300 sec total\n|\n|t:|1783554689\n|move|p1a: Clefable|Moonblast|p2a: Probopass\n|-resisted|p2a: Probopass\n|-damage|p2a: Probopass|186/257\n|move|p2a: Probopass|Body Press|p1a: Clefable\n|-resisted|p1a: Clefable\n|-damage|p1a: Clefable|28/100\n|\n|upkeep\n|turn|22\n|inactive|Time left: 300 sec this turn | 300 sec total\n|\n|t:|1783554691\n|move|p1a: Clefable|Moonlight|p1a: Clefable\n|-heal|p1a: Clefable|78/100\n|move|p2a: Probopass|Body Press|p1a: Clefable\n|-resisted|p1a: Clefable\n|-damage|p1a: Clefable|43/100\n|\n|upkeep\n|turn|23\n|inactive|Time left: 300 sec this turn | 300 sec total\n|\n|t:|1783554692\n|move|p1a: Clefable|Moonlight|p1a: Clefable\n|-heal|p1a: Clefable|93/100\n|move|p2a: Probopass|Body Press|p1a: Clefable\n|-resisted|p1a: Clefable\n|-damage|p1a: Clefable|59/100\n|\n|upkeep\n|turn|24\n|inactive|Time left: 300 sec this turn | 300 sec total\n|\n|t:|1783554693\n|move|p1a: Clefable|Moonblast|p2a: Probopass\n|-resisted|p2a: Probopass\n|-damage|p2a: Probopass|112/257\n|-unboost|p2a: Probopass|spa|1\n|move|p2a: Probopass|Body Press|p1a: Clefable\n|-resisted|p1a: Clefable\n|-damage|p1a: Clefable|21/100\n|\n|upkeep\n|turn|25\n|inactive|Time left: 300 sec this turn | 300 sec total\n|\n|t:|1783554695\n|move|p1a: Clefable|Moonlight|p1a: Clefable\n|-heal|p1a: Clefable|71/100\n|move|p2a: Probopass|Body Press|p1a: Clefable\n|-resisted|p1a: Clefable\n|-damage|p1a: Clefable|36/100\n|\n|upkeep\n|turn|26\n|inactive|Time left: 300 sec this turn | 300 sec total\n|\n|t:|1783554696\n|move|p1a: Clefable|Moonlight|p1a: Clefable\n|-heal|p1a: Clefable|86/100\n|move|p2a: Probopass|Rest|p2a: Probopass\n|-status|p2a: Probopass|slp|[from] move: Rest\n|-heal|p2a: Probopass|257/257 slp|[silent]\n|\n|upkeep\n|turn|27\n|inactive|Time left: 300 sec this turn | 300 sec total\n|\n|t:|1783554697\n|move|p1a: Clefable|Moonblast|p2a: Probopass\n|-resisted|p2a: Probopass\n|-damage|p2a: Probopass|184/257 slp\n|-unboost|p2a: Probopass|spa|1\n|cant|p2a: Probopass|slp\n|\n|upkeep\n|turn|28\n|inactive|Time left: 300 sec this turn | 300 sec total\n|\n|t:|1783554697\n|move|p1a: Clefable|Moonblast|p2a: Probopass\n|-resisted|p2a: Probopass\n|-damage|p2a: Probopass|103/257 slp\n|cant|p2a: Probopass|slp\n|\n|upkeep\n|turn|29\n|inactive|Time left: 300 sec this turn | 300 sec total\n|\n|t:|1783554699\n|move|p1a: Clefable|Fire Blast|p2a: Probopass\n|-damage|p2a: Probopass|0 fnt\n|faint|p2a: Probopass\n|\n|upkeep\n|inactive|Time left: 300 sec this turn | 300 sec total | 5 sec grace\n|\n|t:|1783554700\n|switch|p2a: Armarouge|Armarouge, L80, F|267/267\n|-activate|p2a: Armarouge|move: Sticky Web\n|-unboost|p2a: Armarouge|spe|1\n|turn|30\n|inactive|Time left: 300 sec this turn | 300 sec total\n|\n|t:|1783554701\n|move|p1a: Clefable|Moonblast|p2a: Armarouge\n|-resisted|p2a: Armarouge\n|-damage|p2a: Armarouge|137/267\n|-unboost|p2a: Armarouge|spa|1\n|move|p2a: Armarouge|Psyshock|p1a: Clefable\n|-damage|p1a: Clefable|47/100\n|\n|upkeep\n|turn|31\n|inactive|Time left: 300 sec this turn | 300 sec total\n|\n|t:|1783554702\n|move|p1a: Clefable|Moonblast|p2a: Armarouge\n|-resisted|p2a: Armarouge\n|-damage|p2a: Armarouge|0 fnt\n|faint|p2a: Armarouge\n|\n|upkeep\n|inactive|Time left: 300 sec this turn | 300 sec total | 5 sec grace\n|\n|t:|1783554703\n|switch|p2a: Tatsugiri|Tatsugiri, L87, M|260/260\n|turn|32\n|inactive|Time left: 300 sec this turn | 300 sec total\n|\n|t:|1783554704\n|move|p2a: Tatsugiri|Rapid Spin|p1a: Clefable\n|-damage|p1a: Clefable|37/100\n|-boost|p2a: Tatsugiri|spe|1\n|-sideend|p2: p0y1338bbdd|Sticky Web|[from] move: Rapid Spin|[of] p2a: Tatsugiri\n|move|p1a: Clefable|Moonblast|p2a: Tatsugiri\n|-supereffective|p2a: Tatsugiri\n|-damage|p2a: Tatsugiri|0 fnt\n|faint|p2a: Tatsugiri\n|\n|upkeep\n|inactive|Time left: 300 sec this turn | 300 sec total | 5 sec grace\n|\n|t:|1783554706\n|switch|p2a: Electivire|Electivire, L84, M|263/263\n|turn|33\n|inactive|Time left: 300 sec this turn | 300 sec total\n|\n|t:|1783554707\n|switch|p1a: Hydreigon|Hydreigon, L79, F|63/100\n|move|p2a: Electivire|Earthquake|p1a: Hydreigon\n|-immune|p1a: Hydreigon|[from] ability: Levitate\n|\n|upkeep\n|turn|34\n|inactive|Time left: 300 sec this turn | 300 sec total\n|\n|t:|1783554708\n|move|p2a: Electivire|Ice Punch|p1a: Hydreigon\n|-supereffective|p1a: Hydreigon\n|-damage|p1a: Hydreigon|2/100\n|-damage|p2a: Electivire|237/263|[from] item: Life Orb\n|move|p1a: Hydreigon|Dark Pulse|p2a: Electivire\n|-damage|p2a: Electivire|95/263\n|\n|upkeep\n|turn|35\n|inactive|Time left: 300 sec this turn | 300 sec total\n|\n|t:|1783554709\n|move|p2a: Electivire|Ice Punch|p1a: Hydreigon\n|-supereffective|p1a: Hydreigon\n|-damage|p1a: Hydreigon|0 fnt\n|faint|p1a: Hydreigon\n|-damage|p2a: Electivire|69/263|[from] item: Life Orb\n|\n|upkeep\n|\n|t:|1783554710\n|switch|p1a: Furret|Furret, L94, M|100/100\n|-item|p2a: Electivire|Life Orb|[from] ability: Frisk|[of] p1a: Furret\n|turn|36\n|inactive|Time left: 300 sec this turn | 300 sec total\n|\n|t:|1783554711\n|switch|p2a: Umbreon|Umbreon, L84, M|297/297\n|move|p1a: Furret|Knock Off|p2a: Umbreon\n|-resisted|p2a: Umbreon\n|-damage|p2a: Umbreon|261/297\n|-enditem|p2a: Umbreon|Leftovers|[from] move: Knock Off|[of] p1a: Furret\n|-damage|p1a: Furret|91/100|[from] item: Life Orb\n|\n|upkeep\n|turn|37\n|inactive|Time left: 300 sec this turn | 300 sec total\n|\n|t:|1783554712\n|switch|p1a: Clefable|Clefable, L83, F|37/100\n|move|p2a: Umbreon|Foul Play|p1a: Clefable\n|-resisted|p1a: Clefable\n|-damage|p1a: Clefable|25/100\n|\n|upkeep\n|turn|38\n|inactive|Time left: 300 sec this turn | 300 sec total\n|\n|t:|1783554713\n|move|p2a: Umbreon|Foul Play|p1a: Clefable\n|-resisted|p1a: Clefable\n|-damage|p1a: Clefable|13/100\n|move|p1a: Clefable|Moonlight|p1a: Clefable\n|-heal|p1a: Clefable|63/100\n|\n|upkeep\n|turn|39\n|inactive|Time left: 300 sec this turn | 300 sec total\n|\n|t:|1783554713\n|move|p2a: Umbreon|Protect|p2a: Umbreon\n|-singleturn|p2a: Umbreon|Protect\n|move|p1a: Clefable|Moonblast|p2a: Umbreon\n|-activate|p2a: Umbreon|move: Protect\n|\n|upkeep\n|turn|40\n|inactive|Time left: 300 sec this turn | 300 sec total\n|\n|t:|1783554714\n|move|p2a: Umbreon|Wish|p2a: Umbreon\n|move|p1a: Clefable|Moonblast|p2a: Umbreon\n|-supereffective|p2a: Umbreon\n|-damage|p2a: Umbreon|82/297\n|\n|upkeep\n|turn|41\n|inactive|Time left: 300 sec this turn | 300 sec total\n|\n|t:|1783554715\n|move|p2a: Umbreon|Protect|p2a: Umbreon\n|-singleturn|p2a: Umbreon|Protect\n|move|p1a: Clefable|Calm Mind|p1a: Clefable\n|-boost|p1a: Clefable|spa|1\n|-boost|p1a: Clefable|spd|1\n|\n|-heal|p2a: Umbreon|230/297|[from] move: Wish|[wisher] Umbreon\n|upkeep\n|turn|42\n|inactive|Time left: 300 sec this turn | 300 sec total\n|\n|t:|1783554716\n|move|p2a: Umbreon|Wish|p2a: Umbreon\n|move|p1a: Clefable|Moonblast|p2a: Umbreon\n|-supereffective|p2a: Umbreon\n|-damage|p2a: Umbreon|0 fnt\n|faint|p2a: Umbreon\n|\n|upkeep\n|inactive|Time left: 300 sec this turn | 300 sec total | 5 sec grace\n|\n|t:|1783554716\n|switch|p2a: Electivire|Electivire, L84, M|69/263\n|turn|43\n|inactive|Time left: 300 sec this turn | 300 sec total\n|\n|t:|1783554717\n|move|p2a: Electivire|Ice Punch|p1a: Clefable\n|-damage|p1a: Clefable|32/100\n|-damage|p2a: Electivire|43/263|[from] item: Life Orb\n|move|p1a: Clefable|Moonblast|p2a: Electivire\n|-damage|p2a: Electivire|0 fnt\n|faint|p2a: Electivire\n|\n|win|p0x13388419", "uploadtime": 1783554717, "views": 0, "rating": 0, "private": 0, "password": null, "_winner": "p0x13388419", "_our_name": "p0y1338bbdd"}