{"id": "battle-gen9randombattle-113", "formatid": "gen9randombattle", "format": "[Gen 9] Random Battle", "players": ["p0x113814b", "p0y113ea67"], "log": "|init|battle\n|title|p0x113814b vs. p0y113ea67\n|j|\u2606p0x113814b\n|j|\u2606p0y113ea67\n|t:|1783540798\n|gametype|singles\n|player|p1|p0x113814b|2|\n|player|p2|p0y113ea67|2|\n|gen|9\n|tier|[Gen 9] Random Battle\n|rule|Species Clause: Limit one of each Pok\u00e9mon\n|rule|HP Percentage Mod: HP is shown in percentages\n|rule|Sleep Clause Mod: Limit one foe put to sleep\n|rule|Illusion Level Mod: Illusion disguises the Pok\u00e9mon's true level\n|\n|t:|1783540798\n|teamsize|p1|6\n|teamsize|p2|6\n|start\n|switch|p1a: Ursaluna|Ursaluna, L79, M|100/100\n|switch|p2a: Dedenne|Dedenne, L88, M|261/261\n|turn|1\n|inactive|Battle timer is ON: inactive players will automatically lose when time's up. (requested by p0y113ea67)\n|inactive|p0x113814b also wants the timer to be on.\n|\n|t:|1783540800\n|switch|p2a: Araquanid|Araquanid, L82, M|246/246\n|move|p1a: Ursaluna|Trailblaze|p2a: Araquanid\n|-damage|p2a: Araquanid|205/246\n|-boost|p1a: Ursaluna|spe|1\n|\n|-status|p1a: Ursaluna|brn|[from] item: Flame Orb\n|upkeep\n|turn|2\n|inactive|Time left: 300 sec this turn | 300 sec total\n|\n|t:|1783540801\n|switch|p2a: Pecharunt|Pecharunt, L77|262/262\n|move|p1a: Ursaluna|Facade|p2a: Pecharunt\n|-immune|p2a: Pecharunt\n|\n|-damage|p1a: Ursaluna|95/100 brn|[from] brn\n|upkeep\n|turn|3\n|inactive|Time left: 300 sec this turn | 300 sec total\n|\n|t:|1783540802\n|move|p1a: Ursaluna|Headlong Rush|p2a: Pecharunt\n|-supereffective|p2a: Pecharunt\n|-damage|p2a: Pecharunt|0 fnt\n|-unboost|p1a: Ursaluna|def|1\n|-unboost|p1a: Ursaluna|spd|1\n|faint|p2a: Pecharunt\n|\n|-damage|p1a: Ursaluna|89/100 brn|[from] brn\n|upkeep\n|inactive|Time left: 300 sec this turn | 300 sec total | 5 sec grace\n|\n|t:|1783540803\n|switch|p2a: Great Tusk|Great Tusk, L77|304/304\n|turn|4\n|inactive|Time left: 300 sec this turn | 300 sec total\n|\n|t:|1783540804\n|switch|p1a: Gothitelle|Gothitelle, L90, F|100/100\n|move|p2a: Great Tusk|Close Combat|p1a: Gothitelle\n|-resisted|p1a: Gothitelle\n|-damage|p1a: Gothitelle|80/100\n|-unboost|p2a: Great Tusk|def|1\n|-unboost|p2a: Great Tusk|spd|1\n|\n|-heal|p1a: Gothitelle|87/100|[from] item: Leftovers\n|upkeep\n|turn|5\n|inactive|Time left: 300 sec this turn | 300 sec total\n|\n|t:|1783540805\n|move|p2a: Great Tusk|Earthquake|p1a: Gothitelle\n|-damage|p1a: Gothitelle|48/100\n|move|p1a: Gothitelle|Psychic Noise|p2a: Great Tusk\n|-supereffective|p2a: Great Tusk\n|-damage|p2a: Great Tusk|0 fnt\n|faint|p2a: Great Tusk\n|-end|p2a: Great Tusk|Protosynthesis|[silent]\n|\n|-heal|p1a: Gothitelle|54/100|[from] item: Leftovers\n|upkeep\n|inactive|Time left: 300 sec this turn | 300 sec total | 5 sec grace\n|\n|t:|1783540806\n|switch|p2a: Araquanid|Araquanid, L82, M|205/246\n|turn|6\n|inactive|Time left: 300 sec this turn | 300 sec total\n|\n|t:|1783540807\n|move|p1a: Gothitelle|Dark Pulse|p2a: Araquanid\n|-crit|p2a: Araquanid\n|-damage|p2a: Araquanid|131/246\n|move|p2a: Araquanid|Sticky Web|p1a: Gothitelle\n|-sidestart|p1: p0x113814b|move: Sticky Web\n|\n|-heal|p1a: Gothitelle|60/100|[from] item: Leftovers\n|upkeep\n|turn|7\n|inactive|Time left: 300 sec this turn | 300 sec total\n|\n|t:|1783540808\n|move|p1a: Gothitelle|Psychic Noise|p2a: Araquanid\n|-crit|p2a: Araquanid\n|-damage|p2a: Araquanid|22/246\n|-start|p2a: Araquanid|move: Heal Block\n|move|p2a: Araquanid|Liquidation|p1a: Gothitelle\n|-damage|p1a: Gothitelle|14/100\n|\n|-heal|p1a: Gothitelle|20/100|[from] item: Leftovers\n|upkeep\n|turn|8\n|inactive|Time left: 300 sec this turn | 300 sec total\n|\n|t:|1783540809\n|move|p1a: Gothitelle|Psychic Noise|p2a: Araquanid\n|-damage|p2a: Araquanid|0 fnt\n|faint|p2a: Araquanid\n|\n|-heal|p1a: Gothitelle|27/100|[from] item: Leftovers\n|upkeep\n|inactive|Time left: 300 sec this turn | 300 sec total | 5 sec grace\n|\n|t:|1783540810\n|switch|p2a: Tentacruel|Tentacruel, L84, M|272/272\n|turn|9\n|inactive|Time left: 300 sec this turn | 300 sec total\n|\n|t:|1783540811\n|move|p2a: Tentacruel|Surf|p1a: Gothitelle\n|-damage|p1a: Gothitelle|3/100\n|move|p1a: Gothitelle|Psychic Noise|p2a: Tentacruel\n|-supereffective|p2a: Tentacruel\n|-damage|p2a: Tentacruel|180/272\n|-start|p2a: Tentacruel|move: Heal Block\n|\n|-heal|p1a: Gothitelle|10/100|[from] item: Leftovers\n|upkeep\n|turn|10\n|inactive|Time left: 300 sec this turn | 300 sec total\n|\n|t:|1783540812\n|switch|p1a: Roaring Moon|Roaring Moon, L72|100/100\n|-activate|p1a: Roaring Moon|move: Sticky Web\n|-unboost|p1a: Roaring Moon|spe|1\n|move|p2a: Tentacruel|Rapid Spin|p1a: Roaring Moon\n|-damage|p1a: Roaring Moon|87/100\n|-boost|p2a: Tentacruel|spe|1\n|\n|-end|p2a: Tentacruel|move: Heal Block\n|upkeep\n|turn|11\n|inactive|Time left: 300 sec this turn | 300 sec total\n|\n|t:|1783540813\n|move|p2a: Tentacruel|Rapid Spin|p1a: Roaring Moon\n|-damage|p1a: Roaring Moon|74/100\n|-boost|p2a: Tentacruel|spe|1\n|move|p1a: Roaring Moon|Knock Off|p2a: Tentacruel\n|-damage|p2a: Tentacruel|44/272\n|-enditem|p2a: Tentacruel|Assault Vest|[from] move: Knock Off|[of] p1a: Roaring Moon\n|\n|upkeep\n|turn|12\n|inactive|Time left: 300 sec this turn | 300 sec total\n|\n|t:|1783540814\n|move|p2a: Tentacruel|Sludge Bomb|p1a: Roaring Moon\n|-damage|p1a: Roaring Moon|40/100\n|move|p1a: Roaring Moon|Knock Off|p2a: Tentacruel\n|-damage|p2a: Tentacruel|0 fnt\n|faint|p2a: Tentacruel\n|\n|upkeep\n|inactive|Time left: 300 sec this turn | 300 sec total | 5 sec grace\n|\n|t:|1783540815\n|switch|p2a: Dedenne|Dedenne, L88, M|261/261\n|turn|13\n|inactive|Time left: 300 sec this turn | 300 sec total\n|\n|t:|1783540816\n|-end|p1a: Roaring Moon|Protosynthesis|[silent]\n|switch|p1a: Arcanine|Arcanine-Hisui, L79, M|100/100\n|move|p2a: Dedenne|Dazzling Gleam|p1a: Arcanine\n|-resisted|p1a: Arcanine\n|-damage|p1a: Arcanine|84/100\n|\n|upkeep\n|turn|14\n|inactive|Time left: 300 sec this turn | 300 sec total\n|\n|t:|1783540817\n|move|p2a: Dedenne|Nuzzle|p1a: Arcanine\n|-damage|p1a: Arcanine|78/100\n|-status|p1a: Arcanine|par\n|move|p1a: Arcanine|Head Smash|p2a: Dedenne|[miss]\n|-miss|p1a: Arcanine|p2a: Dedenne\n|\n|upkeep\n|turn|15\n|inactive|Time left: 300 sec this turn | 300 sec total\n|\n|t:|1783540818\n|move|p2a: Dedenne|Thunderbolt|p1a: Arcanine\n|-damage|p1a: Arcanine|41/100 par\n|move|p1a: Arcanine|Head Smash|p2a: Dedenne|[miss]\n|-miss|p1a: Arcanine|p2a: Dedenne\n|\n|upkeep\n|turn|16\n|inactive|Time left: 300 sec this turn | 300 sec total\n|\n|t:|1783540819\n|move|p2a: Dedenne|Thunderbolt|p1a: Arcanine\n|-damage|p1a: Arcanine|3/100 par\n|move|p1a: Arcanine|Head Smash|p2a: Dedenne\n|-damage|p2a: Dedenne|59/261\n|-enditem|p2a: Dedenne|Sitrus Berry|[eat]\n|-heal|p2a: Dedenne|124/261|[from] item: Sitrus Berry\n|-heal|p2a: Dedenne|211/261|[from] ability: Cheek Pouch\n|\n|upkeep\n|turn|17\n|inactive|Time left: 300 sec this turn | 300 sec total\n|\n|t:|1783540820\n|switch|p1a: Ursaluna|Ursaluna, L79, M|89/100 brn\n|-activate|p1a: Ursaluna|move: Sticky Web\n|-unboost|p1a: Ursaluna|spe|1\n|move|p2a: Dedenne|Dazzling Gleam|p1a: Ursaluna\n|-damage|p1a: Ursaluna|60/100 brn\n|\n|-damage|p1a: Ursaluna|54/100 brn|[from] brn\n|upkeep\n|turn|18\n|inactive|Time left: 300 sec this turn | 300 sec total\n|\n|t:|1783540822\n|move|p2a: Dedenne|Dazzling Gleam|p1a: Ursaluna\n|-damage|p1a: Ursaluna|25/100 brn\n|move|p1a: Ursaluna|Facade|p2a: Dedenne\n|-damage|p2a: Dedenne|0 fnt\n|faint|p2a: Dedenne\n|\n|-damage|p1a: Ursaluna|19/100 brn|[from] brn\n|upkeep\n|inactive|Time left: 300 sec this turn | 300 sec total | 5 sec grace\n|\n|t:|1783540823\n|switch|p2a: Latias|Latias, L79, F|256/256\n|turn|19\n|inactive|Time left: 300 sec this turn | 300 sec total\n|\n|t:|1783540824\n|switch|p1a: Roaring Moon|Roaring Moon, L72|40/100\n|-activate|p1a: Roaring Moon|move: Sticky Web\n|-unboost|p1a: Roaring Moon|spe|1\n|move|p2a: Latias|Psyshock|p1a: Roaring Moon\n|-immune|p1a: Roaring Moon\n|\n|upkeep\n|turn|20\n|inactive|Time left: 300 sec this turn | 300 sec total\n|\n|t:|1783540825\n|-terastallize|p2a: Latias|Steel\n|move|p2a: Latias|Calm Mind|p2a: Latias\n|-boost|p2a: Latias|spa|1\n|-boost|p2a: Latias|spd|1\n|move|p1a: Roaring Moon|Knock Off|p2a: Latias\n|-damage|p2a: Latias|151/256\n|-enditem|p2a: Latias|Soul Dew|[from] move: Knock Off|[of] p1a: Roaring Moon\n|\n|upkeep\n|turn|21\n|inactive|Time left: 300 sec this turn | 300 sec total\n|\n|t:|1783540826\n|move|p2a: Latias|Calm Mind|p2a: Latias\n|-boost|p2a: Latias|spa|1\n|-boost|p2a: Latias|spd|1\n|move|p1a: Roaring Moon|Dragon Dance|p1a: Roaring Moon\n|-boost|p1a: Roaring Moon|atk|1\n|-boost|p1a: Roaring Moon|spe|1\n|\n|upkeep\n|turn|22\n|inactive|Time left: 300 sec this turn | 300 sec total\n|\n|t:|1783540827\n|move|p2a: Latias|Recover|p2a: Latias\n|-heal|p2a: Latias|256/256\n|move|p1a: Roaring Moon|Dragon Dance|p1a: Roaring Moon\n|-boost|p1a: Roaring Moon|atk|1\n|-boost|p1a: Roaring Moon|spe|1\n|\n|upkeep\n|turn|23\n|inactive|Time left: 300 sec this turn | 300 sec total\n|\n|t:|1783540828\n|move|p1a: Roaring Moon|Knock Off|p2a: Latias\n|-damage|p2a: Latias|106/256\n|move|p2a: Latias|Draco Meteor|p1a: Roaring Moon\n|-supereffective|p1a: Roaring Moon\n|-damage|p1a: Roaring Moon|0 fnt\n|-unboost|p2a: Latias|spa|2\n|faint|p1a: Roaring Moon\n|-end|p1a: Roaring Moon|Protosynthesis|[silent]\n|\n|upkeep\n|\n|t:|1783540829\n|switch|p1a: Meowstic|Meowstic, L89, M|100/100\n|-activate|p1a: Meowstic|move: Sticky Web\n|-unboost|p1a: Meowstic|spe|1\n|turn|24\n|inactive|Time left: 300 sec this turn | 300 sec total\n|\n|t:|1783540830\n|move|p1a: Meowstic|Thunder Wave|p2a: Latias\n|-status|p2a: Latias|par\n|move|p2a: Latias|Recover|p2a: Latias\n|-heal|p2a: Latias|234/256 par\n|\n|upkeep\n|turn|25\n|inactive|Time left: 300 sec this turn | 300 sec total\n|\n|t:|1783540831\n|move|p1a: Meowstic|Reflect|p1a: Meowstic\n|-sidestart|p1: p0x113814b|Reflect\n|move|p2a: Latias|Calm Mind|p2a: Latias\n|-boost|p2a: Latias|spa|1\n|-boost|p2a: Latias|spd|1\n|\n|upkeep\n|turn|26\n|inactive|Time left: 300 sec this turn | 300 sec total\n|\n|t:|1783540832\n|move|p1a: Meowstic|Light Screen|p1a: Meowstic\n|-sidestart|p1: p0x113814b|move: Light Screen\n|move|p2a: Latias|Calm Mind|p2a: Latias\n|-boost|p2a: Latias|spa|1\n|-boost|p2a: Latias|spd|1\n|\n|upkeep\n|turn|27\n|inactive|Time left: 300 sec this turn | 300 sec total\n|\n|t:|1783540833\n|switch|p1a: Gothitelle|Gothitelle, L90, F|10/100\n|-activate|p1a: Gothitelle|move: Sticky Web\n|-unboost|p1a: Gothitelle|spe|1\n|move|p2a: Latias|Psyshock|p1a: Gothitelle\n|-resisted|p1a: Gothitelle\n|-damage|p1a: Gothitelle|0 fnt\n|faint|p1a: Gothitelle\n|\n|upkeep\n|\n|t:|1783540834\n|switch|p1a: Arcanine|Arcanine-Hisui, L79, M|3/100 par\n|turn|28\n|inactive|Time left: 300 sec this turn | 300 sec total\n|\n|t:|1783540835\n|move|p2a: Latias|Psyshock|p1a: Arcanine\n|-damage|p1a: Arcanine|0 fnt\n|faint|p1a: Arcanine\n|\n|upkeep\n|\n|t:|1783540836\n|switch|p1a: Suicune|Suicune, L82|100/100\n|-activate|p1a: Suicune|move: Sticky Web\n|-unboost|p1a: Suicune|spe|1\n|-ability|p1a: Suicune|Pressure\n|turn|29\n|inactive|Time left: 300 sec this turn | 300 sec total\n|\n|t:|1783540837\n|move|p1a: Suicune|Calm Mind|p1a: Suicune\n|-boost|p1a: Suicune|spa|1\n|-boost|p1a: Suicune|spd|1\n|cant|p2a: Latias|par\n|\n|upkeep\n|turn|30\n|inactive|Time left: 300 sec this turn | 300 sec total\n|\n|t:|1783540838\n|move|p1a: Suicune|Calm Mind|p1a: Suicune\n|-boost|p1a: Suicune|spa|1\n|-boost|p1a: Suicune|spd|1\n|move|p2a: Latias|Calm Mind|p2a: Latias\n|-boost|p2a: Latias|spa|1\n|-boost|p2a: Latias|spd|1\n|\n|upkeep\n|turn|31\n|inactive|Time left: 300 sec this turn | 300 sec total\n|\n|t:|1783540839\n|move|p1a: Suicune|Scald|p2a: Latias\n|-damage|p2a: Latias|200/256 par\n|cant|p2a: Latias|par\n|\n|upkeep\n|turn|32\n|inactive|Time left: 300 sec this turn | 300 sec total\n|\n|t:|1783540840\n|move|p1a: Suicune|Substitute|p1a: Suicune\n|-start|p1a: Suicune|Substitute\n|-damage|p1a: Suicune|76/100\n|move|p2a: Latias|Psyshock|p1a: Suicune\n|-end|p1a: Suicune|Substitute\n|\n|-heal|p1a: Suicune|82/100|[from] item: Leftovers\n|-sideend|p1: p0x113814b|Reflect\n|upkeep\n|turn|33\n|inactive|Time left: 300 sec this turn | 300 sec total\n|\n|t:|1783540841\n|move|p1a: Suicune|Calm Mind|p1a: Suicune\n|-boost|p1a: Suicune|spa|1\n|-boost|p1a: Suicune|spd|1\n|move|p2a: Latias|Psyshock|p1a: Suicune\n|-damage|p1a: Suicune|54/100\n|\n|-heal|p1a: Suicune|60/100|[from] item: Leftovers\n|-sideend|p1: p0x113814b|move: Light Screen\n|upkeep\n|turn|34\n|inactive|Time left: 300 sec this turn | 300 sec total\n|\n|t:|1783540842\n|move|p1a: Suicune|Scald|p2a: Latias\n|-damage|p2a: Latias|157/256 par\n|move|p2a: Latias|Psyshock|p1a: Suicune\n|-damage|p1a: Suicune|5/100\n|\n|-heal|p1a: Suicune|11/100|[from] item: Leftovers\n|upkeep\n|turn|35\n|inactive|Time left: 300 sec this turn | 300 sec total\n|\n|t:|1783540843\n|move|p1a: Suicune|Scald|p2a: Latias\n|-damage|p2a: Latias|114/256 par\n|move|p2a: Latias|Recover|p2a: Latias\n|-heal|p2a: Latias|242/256 par\n|\n|-heal|p1a: Suicune|17/100|[from] item: Leftovers\n|upkeep\n|turn|36\n|inactive|Time left: 300 sec this turn | 300 sec total\n|\n|t:|1783540844\n|move|p1a: Suicune|Protect|p1a: Suicune\n|-singleturn|p1a: Suicune|Protect\n|move|p2a: Latias|Psyshock|p1a: Suicune\n|-activate|p1a: Suicune|move: Protect\n|\n|-heal|p1a: Suicune|23/100|[from] item: Leftovers\n|upkeep\n|turn|37\n|inactive|Time left: 300 sec this turn | 300 sec total\n|\n|t:|1783540845\n|move|p1a: Suicune|Protect||[still]\n|-fail|p1a: Suicune\n|cant|p2a: Latias|par\n|\n|-heal|p1a: Suicune|29/100|[from] item: Leftovers\n|upkeep\n|turn|38\n|inactive|Time left: 300 sec this turn | 300 sec total\n|\n|t:|1783540846\n|move|p1a: Suicune|Protect|p1a: Suicune\n|-singleturn|p1a: Suicune|Protect\n|move|p2a: Latias|Psyshock|p1a: Suicune\n|-activate|p1a: Suicune|move: Protect\n|\n|-heal|p1a: Suicune|35/100|[from] item: Leftovers\n|upkeep\n|turn|39\n|inactive|Time left: 300 sec this turn | 300 sec total\n|\n|t:|1783540847\n|move|p1a: Suicune|Substitute|p1a: Suicune\n|-start|p1a: Suicune|Substitute\n|-damage|p1a: Suicune|10/100\n|move|p2a: Latias|Psyshock|p1a: Suicune\n|-end|p1a: Suicune|Substitute\n|\n|-heal|p1a: Suicune|16/100|[from] item: Leftovers\n|upkeep\n|turn|40\n|inactive|Time left: 300 sec this turn | 300 sec total\n|\n|t:|1783540848\n|move|p1a: Suicune|Protect|p1a: Suicune\n|-singleturn|p1a: Suicune|Protect\n|move|p2a: Latias|Draco Meteor|p1a: Suicune\n|-activate|p1a: Suicune|move: Protect\n|\n|-heal|p1a: Suicune|22/100|[from] item: Leftovers\n|upkeep\n|turn|41\n|inactive|Time left: 300 sec this turn | 300 sec total\n|\n|t:|1783540849\n|move|p1a: Suicune|Scald|p2a: Latias\n|-damage|p2a: Latias|196/256 par\n|move|p2a: Latias|Psyshock|p1a: Suicune\n|-damage|p1a: Suicune|0 fnt\n|faint|p1a: Suicune\n|\n|upkeep\n|\n|t:|1783540850\n|switch|p1a: Ursaluna|Ursaluna, L79, M|19/100 brn\n|-activate|p1a: Ursaluna|move: Sticky Web\n|-unboost|p1a: Ursaluna|spe|1\n|turn|42\n|inactive|Time left: 300 sec this turn | 300 sec total\n|\n|t:|1783540850\n|cant|p2a: Latias|par\n|move|p1a: Ursaluna|Trailblaze|p2a: Latias\n|-resisted|p2a: Latias\n|-damage|p2a: Latias|160/256 par\n|-boost|p1a: Ursaluna|spe|1\n|\n|-damage|p1a: Ursaluna|13/100 brn|[from] brn\n|upkeep\n|turn|43\n|inactive|Time left: 300 sec this turn | 300 sec total\n|\n|t:|1783540851\n|-terastallize|p1a: Ursaluna|Normal\n|move|p1a: Ursaluna|Facade|p2a: Latias\n|-resisted|p2a: Latias\n|-damage|p2a: Latias|0 fnt\n|faint|p2a: Latias\n|\n|win|p0x113814b", "uploadtime": 1783540851, "views": 0, "rating": 0, "private": 0, "password": null, "_winner": "p0x113814b", "_our_name": "p0y113ea67"}