{"id": "battle-gen9randombattle-1075", "formatid": "gen9randombattle", "format": "[Gen 9] Random Battle", "players": ["p0x1075b253", "p0y10757300"], "log": "|init|battle\n|title|p0x1075b253 vs. p0y10757300\n|j|\u2606p0x1075b253\n|j|\u2606p0y10757300\n|t:|1783552362\n|gametype|singles\n|player|p1|p0x1075b253|1|\n|player|p2|p0y10757300|102|\n|gen|9\n|tier|[Gen 9] Random Battle\n|rule|Species Clause: Limit one of each Pok\u00e9mon\n|rule|HP Percentage Mod: HP is shown in percentages\n|rule|Sleep Clause Mod: Limit one foe put to sleep\n|rule|Illusion Level Mod: Illusion disguises the Pok\u00e9mon's true level\n|\n|t:|1783552362\n|teamsize|p1|6\n|teamsize|p2|6\n|start\n|switch|p1a: Vaporeon|Vaporeon, L86, F|364/364\n|switch|p2a: Iron Leaves|Iron Leaves, L80|100/100\n|turn|1\n|inactive|Battle timer is ON: inactive players will automatically lose when time's up. (requested by p0x1075b253)\n|\n|t:|1783552363\n|move|p1a: Vaporeon|Protect|p1a: Vaporeon\n|-singleturn|p1a: Vaporeon|Protect\n|move|p2a: Iron Leaves|Leaf Blade|p1a: Vaporeon\n|-activate|p1a: Vaporeon|move: Protect\n|\n|upkeep\n|turn|2\n|inactive|Time left: 300 sec this turn | 300 sec total\n|inactive|p0y10757300 also wants the timer to be on.\n|\n|t:|1783552364\n|switch|p1a: Farigiraf|Farigiraf, L90, F|362/362\n|move|p2a: Iron Leaves|Leaf Blade|p1a: Farigiraf\n|-ability|p1a: Farigiraf|Sap Sipper|boost\n|-boost|p1a: Farigiraf|atk|1\n|\n|upkeep\n|turn|3\n|inactive|Time left: 300 sec this turn | 300 sec total\n|\n|t:|1783552366\n|-end|p2a: Iron Leaves|Quark Drive|[silent]\n|switch|p2a: Oricorio|Oricorio-Sensu, L85, M|100/100\n|move|p1a: Farigiraf|Body Slam|p2a: Oricorio\n|-immune|p2a: Oricorio\n|\n|upkeep\n|turn|4\n|inactive|Time left: 300 sec this turn | 300 sec total\n|\n|t:|1783552367\n|move|p2a: Oricorio|Quiver Dance|p2a: Oricorio\n|-boost|p2a: Oricorio|spa|1\n|-boost|p2a: Oricorio|spd|1\n|-boost|p2a: Oricorio|spe|1\n|move|p1a: Farigiraf|Psychic Noise|p2a: Oricorio\n|-damage|p2a: Oricorio|69/100\n|-start|p2a: Oricorio|move: Heal Block\n|\n|upkeep\n|turn|5\n|inactive|Time left: 300 sec this turn | 300 sec total\n|\n|t:|1783552368\n|move|p2a: Oricorio|Quiver Dance|p2a: Oricorio\n|-boost|p2a: Oricorio|spa|1\n|-boost|p2a: Oricorio|spd|1\n|-boost|p2a: Oricorio|spe|1\n|move|p1a: Farigiraf|Psychic Noise|p2a: Oricorio\n|-damage|p2a: Oricorio|48/100\n|\n|-end|p2a: Oricorio|move: Heal Block\n|upkeep\n|turn|6\n|inactive|Time left: 300 sec this turn | 300 sec total\n|\n|t:|1783552369\n|move|p2a: Oricorio|Roost|p2a: Oricorio\n|-heal|p2a: Oricorio|98/100\n|-singleturn|p2a: Oricorio|move: Roost\n|move|p1a: Farigiraf|Psychic Noise|p2a: Oricorio\n|-damage|p2a: Oricorio|76/100\n|-start|p2a: Oricorio|move: Heal Block\n|\n|upkeep\n|turn|7\n|inactive|Time left: 300 sec this turn | 300 sec total\n|\n|t:|1783552370\n|move|p2a: Oricorio|Hurricane|p1a: Farigiraf|[miss]\n|-miss|p2a: Oricorio|p1a: Farigiraf\n|move|p1a: Farigiraf|Psychic Noise|p2a: Oricorio\n|-damage|p2a: Oricorio|52/100\n|\n|-end|p2a: Oricorio|move: Heal Block\n|upkeep\n|turn|8\n|inactive|Time left: 300 sec this turn | 300 sec total\n|\n|t:|1783552371\n|move|p2a: Oricorio|Hurricane|p1a: Farigiraf\n|-damage|p1a: Farigiraf|107/362\n|move|p1a: Farigiraf|Psychic Noise|p2a: Oricorio\n|-damage|p2a: Oricorio|29/100\n|-start|p2a: Oricorio|move: Heal Block\n|\n|-heal|p1a: Farigiraf|129/362|[from] item: Leftovers\n|upkeep\n|turn|9\n|inactive|Time left: 300 sec this turn | 300 sec total\n|\n|t:|1783552372\n|move|p2a: Oricorio|Hurricane|p1a: Farigiraf\n|-damage|p1a: Farigiraf|0 fnt\n|faint|p1a: Farigiraf\n|\n|-end|p2a: Oricorio|move: Heal Block\n|upkeep\n|inactive|Time left: 300 sec this turn | 300 sec total | 5 sec grace\n|\n|t:|1783552373\n|switch|p1a: Flapple|Flapple, L88, M|266/266\n|turn|10\n|inactive|Time left: 300 sec this turn | 300 sec total\n|\n|t:|1783552374\n|move|p2a: Oricorio|Hurricane|p1a: Flapple\n|-supereffective|p1a: Flapple\n|-damage|p1a: Flapple|0 fnt\n|faint|p1a: Flapple\n|\n|upkeep\n|inactive|Time left: 300 sec this turn | 300 sec total | 5 sec grace\n|\n|t:|1783552375\n|switch|p1a: Vaporeon|Vaporeon, L86, F|364/364\n|turn|11\n|inactive|Time left: 300 sec this turn | 300 sec total\n|\n|t:|1783552376\n|move|p2a: Oricorio|Roost|p2a: Oricorio\n|-heal|p2a: Oricorio|79/100\n|-singleturn|p2a: Oricorio|move: Roost\n|move|p1a: Vaporeon|Calm Mind|p1a: Vaporeon\n|-boost|p1a: Vaporeon|spa|1\n|-boost|p1a: Vaporeon|spd|1\n|\n|upkeep\n|turn|12\n|inactive|Time left: 300 sec this turn | 300 sec total\n|\n|t:|1783552377\n|move|p2a: Oricorio|Quiver Dance|p2a: Oricorio\n|-boost|p2a: Oricorio|spa|1\n|-boost|p2a: Oricorio|spd|1\n|-boost|p2a: Oricorio|spe|1\n|move|p1a: Vaporeon|Calm Mind|p1a: Vaporeon\n|-boost|p1a: Vaporeon|spa|1\n|-boost|p1a: Vaporeon|spd|1\n|\n|upkeep\n|turn|13\n|inactive|Time left: 300 sec this turn | 300 sec total\n|\n|t:|1783552378\n|move|p2a: Oricorio|Quiver Dance|p2a: Oricorio\n|-boost|p2a: Oricorio|spa|1\n|-boost|p2a: Oricorio|spd|1\n|-boost|p2a: Oricorio|spe|1\n|move|p1a: Vaporeon|Scald|p2a: Oricorio\n|-damage|p2a: Oricorio|53/100\n|\n|upkeep\n|turn|14\n|inactive|Time left: 300 sec this turn | 300 sec total\n|\n|t:|1783552379\n|move|p2a: Oricorio|Roost|p2a: Oricorio\n|-heal|p2a: Oricorio|100/100\n|-singleturn|p2a: Oricorio|move: Roost\n|move|p1a: Vaporeon|Scald|p2a: Oricorio\n|-damage|p2a: Oricorio|71/100\n|\n|upkeep\n|turn|15\n|inactive|Time left: 300 sec this turn | 300 sec total\n|\n|t:|1783552380\n|move|p2a: Oricorio|Hurricane|p1a: Vaporeon\n|-damage|p1a: Vaporeon|198/364\n|-start|p1a: Vaporeon|confusion\n|-activate|p1a: Vaporeon|confusion\n|move|p1a: Vaporeon|Scald|p2a: Oricorio\n|-damage|p2a: Oricorio|40/100\n|\n|-heal|p1a: Vaporeon|220/364|[from] item: Leftovers\n|upkeep\n|turn|16\n|inactive|Time left: 300 sec this turn | 300 sec total\n|\n|t:|1783552381\n|move|p2a: Oricorio|Revelation Dance|p1a: Vaporeon\n|-damage|p1a: Vaporeon|85/364\n|-activate|p1a: Vaporeon|confusion\n|move|p1a: Vaporeon|Scald|p2a: Oricorio\n|-damage|p2a: Oricorio|10/100\n|\n|-heal|p1a: Vaporeon|107/364|[from] item: Leftovers\n|upkeep\n|turn|17\n|inactive|Time left: 300 sec this turn | 300 sec total\n|\n|t:|1783552382\n|move|p2a: Oricorio|Roost|p2a: Oricorio\n|-heal|p2a: Oricorio|60/100\n|-singleturn|p2a: Oricorio|move: Roost\n|-activate|p1a: Vaporeon|confusion\n|-damage|p1a: Vaporeon|85/364|[from] confusion\n|\n|-heal|p1a: Vaporeon|107/364|[from] item: Leftovers\n|upkeep\n|turn|18\n|inactive|Time left: 300 sec this turn | 300 sec total\n|\n|t:|1783552383\n|switch|p1a: Blissey|Blissey, L85, F|572/572\n|move|p2a: Oricorio|Revelation Dance|p1a: Blissey\n|-immune|p1a: Blissey\n|\n|upkeep\n|turn|19\n|inactive|Time left: 300 sec this turn | 300 sec total\n|\n|t:|1783552384\n|move|p2a: Oricorio|Hurricane|p1a: Blissey\n|-damage|p1a: Blissey|329/572\n|move|p1a: Blissey|Stealth Rock|p2a: Oricorio\n|-sidestart|p2: p0y10757300|move: Stealth Rock\n|\n|-heal|p1a: Blissey|364/572|[from] item: Leftovers\n|upkeep\n|turn|20\n|inactive|Time left: 300 sec this turn | 300 sec total\n|\n|t:|1783552385\n|move|p2a: Oricorio|Hurricane|p1a: Blissey\n|-damage|p1a: Blissey|121/572\n|move|p1a: Blissey|Soft-Boiled|p1a: Blissey\n|-heal|p1a: Blissey|407/572\n|\n|-heal|p1a: Blissey|442/572|[from] item: Leftovers\n|upkeep\n|turn|21\n|inactive|Time left: 300 sec this turn | 300 sec total\n|\n|t:|1783552386\n|move|p2a: Oricorio|Hurricane|p1a: Blissey\n|-damage|p1a: Blissey|168/572\n|move|p1a: Blissey|Thunder Wave|p2a: Oricorio\n|-status|p2a: Oricorio|par\n|\n|-heal|p1a: Blissey|203/572|[from] item: Leftovers\n|upkeep\n|turn|22\n|inactive|Time left: 300 sec this turn | 300 sec total\n|\n|t:|1783552387\n|cant|p2a: Oricorio|par\n|move|p1a: Blissey|Soft-Boiled|p1a: Blissey\n|-heal|p1a: Blissey|489/572\n|\n|-heal|p1a: Blissey|524/572|[from] item: Leftovers\n|upkeep\n|turn|23\n|inactive|Time left: 300 sec this turn | 300 sec total\n|\n|t:|1783552388\n|move|p2a: Oricorio|Roost|p2a: Oricorio\n|-heal|p2a: Oricorio|100/100 par\n|-singleturn|p2a: Oricorio|move: Roost\n|move|p1a: Blissey|Thunder Wave|p2a: Oricorio\n|-fail|p2a: Oricorio|par\n|\n|-heal|p1a: Blissey|559/572|[from] item: Leftovers\n|upkeep\n|turn|24\n|inactive|Time left: 300 sec this turn | 300 sec total\n|\n|t:|1783552389\n|move|p2a: Oricorio|Revelation Dance|p1a: Blissey\n|-immune|p1a: Blissey\n|move|p1a: Blissey|Stealth Rock||[still]\n|-fail|p1a: Blissey\n|\n|-heal|p1a: Blissey|572/572|[from] item: Leftovers\n|upkeep\n|turn|25\n|inactive|Time left: 300 sec this turn | 300 sec total\n|\n|t:|1783552390\n|move|p2a: Oricorio|Hurricane|p1a: Blissey\n|-damage|p1a: Blissey|329/572\n|move|p1a: Blissey|Stealth Rock||[still]\n|-fail|p1a: Blissey\n|\n|-heal|p1a: Blissey|364/572|[from] item: Leftovers\n|upkeep\n|turn|26\n|inactive|Time left: 300 sec this turn | 300 sec total\n|\n|t:|1783552392\n|move|p2a: Oricorio|Hurricane|p1a: Blissey\n|-damage|p1a: Blissey|102/572\n|move|p1a: Blissey|Soft-Boiled|p1a: Blissey\n|-heal|p1a: Blissey|388/572\n|\n|-heal|p1a: Blissey|423/572|[from] item: Leftovers\n|upkeep\n|turn|27\n|inactive|Time left: 300 sec this turn | 300 sec total\n|\n|t:|1783552393\n|cant|p2a: Oricorio|par\n|move|p1a: Blissey|Soft-Boiled|p1a: Blissey\n|-heal|p1a: Blissey|572/572\n|\n|upkeep\n|turn|28\n|inactive|Time left: 300 sec this turn | 300 sec total\n|\n|t:|1783552394\n|move|p2a: Oricorio|Revelation Dance|p1a: Blissey\n|-immune|p1a: Blissey\n|move|p1a: Blissey|Stealth Rock||[still]\n|-fail|p1a: Blissey\n|\n|upkeep\n|turn|29\n|inactive|Time left: 300 sec this turn | 300 sec total\n|\n|t:|1783552395\n|move|p2a: Oricorio|Revelation Dance|p1a: Blissey\n|-immune|p1a: Blissey\n|move|p1a: Blissey|Soft-Boiled||[still]\n|-fail|p1a: Blissey|heal\n|\n|upkeep\n|turn|30\n|inactive|Time left: 300 sec this turn | 300 sec total\n|\n|t:|1783552396\n|cant|p2a: Oricorio|par\n|move|p1a: Blissey|Thunder Wave|p2a: Oricorio\n|-fail|p2a: Oricorio|par\n|\n|upkeep\n|turn|31\n|inactive|Time left: 300 sec this turn | 300 sec total\n|\n|t:|1783552397\n|move|p2a: Oricorio|Revelation Dance|p1a: Blissey\n|-immune|p1a: Blissey\n|move|p1a: Blissey|Soft-Boiled||[still]\n|-fail|p1a: Blissey|heal\n|\n|upkeep\n|turn|32\n|inactive|Time left: 300 sec this turn | 300 sec total\n|\n|t:|1783552398\n|cant|p2a: Oricorio|par\n|move|p1a: Blissey|Soft-Boiled||[still]\n|-fail|p1a: Blissey|heal\n|\n|upkeep\n|turn|33\n|inactive|Time left: 300 sec this turn | 300 sec total\n|\n|t:|1783552399\n|move|p2a: Oricorio|Hurricane|p1a: Blissey\n|-damage|p1a: Blissey|329/572\n|-start|p1a: Blissey|confusion\n|-activate|p1a: Blissey|confusion\n|move|p1a: Blissey|Seismic Toss|p2a: Oricorio\n|-immune|p2a: Oricorio\n|\n|-heal|p1a: Blissey|364/572|[from] item: Leftovers\n|upkeep\n|turn|34\n|inactive|Time left: 300 sec this turn | 300 sec total\n|\n|t:|1783552400\n|move|p2a: Oricorio|Revelation Dance|p1a: Blissey\n|-immune|p1a: Blissey\n|-activate|p1a: Blissey|confusion\n|move|p1a: Blissey|Soft-Boiled|p1a: Blissey\n|-heal|p1a: Blissey|572/572\n|\n|upkeep\n|turn|35\n|inactive|Time left: 300 sec this turn | 300 sec total\n|\n|t:|1783552402\n|move|p2a: Oricorio|Hurricane|p1a: Blissey|[miss]\n|-miss|p2a: Oricorio|p1a: Blissey\n|-activate|p1a: Blissey|confusion\n|move|p1a: Blissey|Stealth Rock||[still]\n|-fail|p1a: Blissey\n|\n|upkeep\n|turn|36\n|inactive|Time left: 300 sec this turn | 300 sec total\n|\n|t:|1783552403\n|switch|p1a: Vaporeon|Vaporeon, L86, F|107/364\n|move|p2a: Oricorio|Revelation Dance|p1a: Vaporeon\n|-damage|p1a: Vaporeon|0 fnt\n|faint|p1a: Vaporeon\n|\n|upkeep\n|inactive|Time left: 300 sec this turn | 300 sec total | 5 sec grace\n|\n|t:|1783552404\n|switch|p1a: Blissey|Blissey, L85, F|572/572\n|turn|37\n|inactive|Time left: 300 sec this turn | 300 sec total\n|\n|t:|1783552405\n|cant|p2a: Oricorio|par\n|move|p1a: Blissey|Thunder Wave|p2a: Oricorio\n|-fail|p2a: Oricorio|par\n|\n|upkeep\n|turn|38\n|inactive|Time left: 300 sec this turn | 300 sec total\n|\n|t:|1783552406\n|move|p2a: Oricorio|Hurricane|p1a: Blissey\n|-damage|p1a: Blissey|298/572\n|move|p1a: Blissey|Thunder Wave|p2a: Oricorio|[miss]\n|-miss|p1a: Blissey|p2a: Oricorio\n|\n|-heal|p1a: Blissey|333/572|[from] item: Leftovers\n|upkeep\n|turn|39\n|inactive|Time left: 300 sec this turn | 300 sec total\n|\n|t:|1783552407\n|move|p2a: Oricorio|Hurricane|p1a: Blissey\n|-damage|p1a: Blissey|84/572\n|move|p1a: Blissey|Seismic Toss|p2a: Oricorio\n|-immune|p2a: Oricorio\n|\n|-heal|p1a: Blissey|119/572|[from] item: Leftovers\n|upkeep\n|turn|40\n|inactive|Time left: 300 sec this turn | 300 sec total\n|\n|t:|1783552408\n|move|p2a: Oricorio|Hurricane|p1a: Blissey|[miss]\n|-miss|p2a: Oricorio|p1a: Blissey\n|move|p1a: Blissey|Thunder Wave|p2a: Oricorio\n|-fail|p2a: Oricorio|par\n|\n|-heal|p1a: Blissey|154/572|[from] item: Leftovers\n|upkeep\n|turn|41\n|inactive|Time left: 300 sec this turn | 300 sec total\n|\n|t:|1783552409\n|move|p2a: Oricorio|Revelation Dance|p1a: Blissey\n|-immune|p1a: Blissey\n|move|p1a: Blissey|Stealth Rock||[still]\n|-fail|p1a: Blissey\n|\n|-heal|p1a: Blissey|189/572|[from] item: Leftovers\n|upkeep\n|turn|42\n|inactive|Time left: 300 sec this turn | 300 sec total\n|\n|t:|1783552410\n|move|p2a: Oricorio|Revelation Dance|p1a: Blissey\n|-immune|p1a: Blissey\n|move|p1a: Blissey|Stealth Rock||[still]\n|-fail|p1a: Blissey\n|\n|-heal|p1a: Blissey|224/572|[from] item: Leftovers\n|upkeep\n|turn|43\n|inactive|Time left: 300 sec this turn | 300 sec total\n|\n|t:|1783552412\n|move|p2a: Oricorio|Revelation Dance|p1a: Blissey\n|-immune|p1a: Blissey\n|move|p1a: Blissey|Stealth Rock||[still]\n|-fail|p1a: Blissey\n|\n|-heal|p1a: Blissey|259/572|[from] item: Leftovers\n|upkeep\n|turn|44\n|inactive|Time left: 300 sec this turn | 300 sec total\n|\n|t:|1783552413\n|move|p2a: Oricorio|Hurricane|p1a: Blissey|[miss]\n|-miss|p2a: Oricorio|p1a: Blissey\n|move|p1a: Blissey|Stealth Rock||[still]\n|-fail|p1a: Blissey\n|\n|-heal|p1a: Blissey|294/572|[from] item: Leftovers\n|upkeep\n|turn|45\n|inactive|Time left: 300 sec this turn | 300 sec total\n|\n|t:|1783552414\n|cant|p2a: Oricorio|par\n|move|p1a: Blissey|Thunder Wave|p2a: Oricorio\n|-fail|p2a: Oricorio|par\n|\n|-heal|p1a: Blissey|329/572|[from] item: Leftovers\n|upkeep\n|turn|46\n|inactive|Time left: 300 sec this turn | 300 sec total\n|\n|t:|1783552415\n|move|p2a: Oricorio|Revelation Dance|p1a: Blissey\n|-immune|p1a: Blissey\n|move|p1a: Blissey|Thunder Wave|p2a: Oricorio\n|-fail|p2a: Oricorio|par\n|\n|-heal|p1a: Blissey|364/572|[from] item: Leftovers\n|upkeep\n|turn|47\n|inactive|Time left: 300 sec this turn | 300 sec total\n|\n|t:|1783552416\n|move|p2a: Oricorio|Revelation Dance|p1a: Blissey\n|-immune|p1a: Blissey\n|move|p1a: Blissey|Stealth Rock||[still]\n|-fail|p1a: Blissey\n|\n|-heal|p1a: Blissey|399/572|[from] item: Leftovers\n|upkeep\n|turn|48\n|inactive|Time left: 300 sec this turn | 300 sec total\n|\n|t:|1783552417\n|move|p2a: Oricorio|Revelation Dance|p1a: Blissey\n|-immune|p1a: Blissey\n|move|p1a: Blissey|Seismic Toss|p2a: Oricorio\n|-immune|p2a: Oricorio\n|\n|-heal|p1a: Blissey|434/572|[from] item: Leftovers\n|upkeep\n|turn|49\n|inactive|Time left: 300 sec this turn | 300 sec total\n|\n|t:|1783552418\n|move|p2a: Oricorio|Revelation Dance|p1a: Blissey\n|-immune|p1a: Blissey\n|move|p1a: Blissey|Thunder Wave|p2a: Oricorio|[miss]\n|-miss|p1a: Blissey|p2a: Oricorio\n|\n|-heal|p1a: Blissey|469/572|[from] item: Leftovers\n|upkeep\n|turn|50\n|inactive|Time left: 300 sec this turn | 300 sec total\n|\n|t:|1783552419\n|move|p2a: Oricorio|Quiver Dance|p2a: Oricorio\n|-boost|p2a: Oricorio|spa|1\n|-boost|p2a: Oricorio|spd|1\n|-boost|p2a: Oricorio|spe|1\n|move|p1a: Blissey|Thunder Wave|p2a: Oricorio\n|-fail|p2a: Oricorio|par\n|\n|-heal|p1a: Blissey|504/572|[from] item: Leftovers\n|upkeep\n|turn|51\n|inactive|Time left: 300 sec this turn | 300 sec total\n|\n|t:|1783552420\n|move|p2a: Oricorio|Revelation Dance|p1a: Blissey\n|-immune|p1a: Blissey\n|move|p1a: Blissey|Stealth Rock||[still]\n|-fail|p1a: Blissey\n|\n|-heal|p1a: Blissey|539/572|[from] item: Leftovers\n|upkeep\n|turn|52\n|inactive|Time left: 300 sec this turn | 300 sec total\n|\n|t:|1783552421\n|move|p2a: Oricorio|Revelation Dance|p1a: Blissey\n|-immune|p1a: Blissey\n|move|p1a: Blissey|Thunder Wave|p2a: Oricorio\n|-fail|p2a: Oricorio|par\n|\n|-heal|p1a: Blissey|572/572|[from] item: Leftovers\n|upkeep\n|turn|53\n|inactive|Time left: 300 sec this turn | 300 sec total\n|\n|t:|1783552422\n|move|p2a: Oricorio|Quiver Dance|p2a: Oricorio\n|-boost|p2a: Oricorio|spa|1\n|-boost|p2a: Oricorio|spd|1\n|-boost|p2a: Oricorio|spe|1\n|move|p1a: Blissey|Seismic Toss|p2a: Oricorio\n|-immune|p2a: Oricorio\n|\n|upkeep\n|turn|54\n|inactive|Time left: 300 sec this turn | 300 sec total\n|\n|t:|1783552423\n|cant|p2a: Oricorio|par\n|move|p1a: Blissey|Stealth Rock||[still]\n|-fail|p1a: Blissey\n|\n|upkeep\n|turn|55\n|inactive|Time left: 300 sec this turn | 300 sec total\n|\n|t:|1783552424\n|move|p2a: Oricorio|Revelation Dance|p1a: Blissey\n|-immune|p1a: Blissey\n|move|p1a: Blissey|Seismic Toss|p2a: Oricorio\n|-immune|p2a: Oricorio\n|\n|upkeep\n|turn|56\n|inactive|Time left: 300 sec this turn | 300 sec total\n|\n|t:|1783552425\n|move|p2a: Oricorio|Revelation Dance|p1a: Blissey\n|-immune|p1a: Blissey\n|move|p1a: Blissey|Thunder Wave|p2a: Oricorio\n|-fail|p2a: Oricorio|par\n|\n|upkeep\n|turn|57\n|inactive|Time left: 300 sec this turn | 300 sec total\n|\n|t:|1783552426\n|cant|p2a: Oricorio|par\n|move|p1a: Blissey|Seismic Toss|p2a: Oricorio\n|-immune|p2a: Oricorio\n|\n|upkeep\n|turn|58\n|inactive|Time left: 300 sec this turn | 300 sec total\n|\n|t:|1783552428\n|cant|p2a: Oricorio|par\n|move|p1a: Blissey|Thunder Wave|p2a: Oricorio\n|-fail|p2a: Oricorio|par\n|\n|upkeep\n|turn|59\n|inactive|Time left: 300 sec this turn | 300 sec total\n|\n|t:|1783552429\n|cant|p2a: Oricorio|par\n|move|p1a: Blissey|Stealth Rock||[still]\n|-fail|p1a: Blissey\n|\n|upkeep\n|turn|60\n|inactive|Time left: 300 sec this turn | 300 sec total\n|\n|t:|1783552430\n|move|p2a: Oricorio|Revelation Dance|p1a: Blissey\n|-immune|p1a: Blissey\n|move|p1a: Blissey|Thunder Wave|p2a: Oricorio\n|-fail|p2a: Oricorio|par\n|\n|upkeep\n|turn|61\n|inactive|Time left: 300 sec this turn | 300 sec total\n|\n|t:|1783552431\n|move|p2a: Oricorio|Revelation Dance|p1a: Blissey\n|-immune|p1a: Blissey\n|move|p1a: Blissey|Thunder Wave|p2a: Oricorio\n|-fail|p2a: Oricorio|par\n|\n|upkeep\n|turn|62\n|inactive|Time left: 300 sec this turn | 300 sec total\n|\n|t:|1783552432\n|move|p2a: Oricorio|Revelation Dance|p1a: Blissey\n|-immune|p1a: Blissey\n|move|p1a: Blissey|Stealth Rock||[still]\n|-fail|p1a: Blissey\n|\n|upkeep\n|turn|63\n|inactive|Time left: 300 sec this turn | 300 sec total\n|\n|t:|1783552433\n|move|p2a: Oricorio|Revelation Dance|p1a: Blissey\n|-immune|p1a: Blissey\n|move|p1a: Blissey|Thunder Wave|p2a: Oricorio|[miss]\n|-miss|p1a: Blissey|p2a: Oricorio\n|\n|upkeep\n|turn|64\n|inactive|Time left: 300 sec this turn | 300 sec total\n|\n|t:|1783552435\n|move|p2a: Oricorio|Roost||[still]\n|-fail|p2a: Oricorio|heal\n|move|p1a: Blissey|Stealth Rock||[still]\n|-fail|p1a: Blissey\n|\n|upkeep\n|turn|65\n|inactive|Time left: 300 sec this turn | 300 sec total\n|\n|t:|1783552436\n|cant|p2a: Oricorio|par\n|move|p1a: Blissey|Seismic Toss|p2a: Oricorio\n|-immune|p2a: Oricorio\n|\n|upkeep\n|turn|66\n|inactive|Time left: 300 sec this turn | 300 sec total\n|\n|t:|1783552437\n|move|p2a: Oricorio|Quiver Dance|p2a: Oricorio\n|-boost|p2a: Oricorio|spa|0\n|-boost|p2a: Oricorio|spd|0\n|-boost|p2a: Oricorio|spe|0\n|move|p1a: Blissey|Seismic Toss|p2a: Oricorio\n|-immune|p2a: Oricorio\n|\n|upkeep\n|turn|67\n|inactive|Time left: 300 sec this turn | 300 sec total\n|\n|t:|1783552438\n|move|p2a: Oricorio|Quiver Dance|p2a: Oricorio\n|-boost|p2a: Oricorio|spa|0\n|-boost|p2a: Oricorio|spd|0\n|-boost|p2a: Oricorio|spe|0\n|move|p1a: Blissey|Seismic Toss|p2a: Oricorio\n|-immune|p2a: Oricorio\n|\n|upkeep\n|turn|68\n|inactive|Time left: 300 sec this turn | 300 sec total\n|\n|t:|1783552439\n|move|p2a: Oricorio|Quiver Dance|p2a: Oricorio\n|-boost|p2a: Oricorio|spa|0\n|-boost|p2a: Oricorio|spd|0\n|-boost|p2a: Oricorio|spe|0\n|move|p1a: Blissey|Seismic Toss|p2a: Oricorio\n|-immune|p2a: Oricorio\n|\n|upkeep\n|turn|69\n|inactive|Time left: 300 sec this turn | 300 sec total\n|\n|t:|1783552440\n|move|p2a: Oricorio|Roost||[still]\n|-fail|p2a: Oricorio|heal\n|move|p1a: Blissey|Thunder Wave|p2a: Oricorio\n|-fail|p2a: Oricorio|par\n|\n|upkeep\n|turn|70\n|inactive|Time left: 300 sec this turn | 300 sec total\n|\n|t:|1783552441\n|move|p2a: Oricorio|Quiver Dance|p2a: Oricorio\n|-boost|p2a: Oricorio|spa|0\n|-boost|p2a: Oricorio|spd|0\n|-boost|p2a: Oricorio|spe|0\n|move|p1a: Blissey|Stealth Rock||[still]\n|-fail|p1a: Blissey\n|\n|upkeep\n|turn|71\n|inactive|Time left: 300 sec this turn | 300 sec total\n|\n|t:|1783552443\n|move|p2a: Oricorio|Quiver Dance|p2a: Oricorio\n|-boost|p2a: Oricorio|spa|0\n|-boost|p2a: Oricorio|spd|0\n|-boost|p2a: Oricorio|spe|0\n|move|p1a: Blissey|Thunder Wave|p2a: Oricorio\n|-fail|p2a: Oricorio|par\n|\n|upkeep\n|turn|72\n|inactive|Time left: 300 sec this turn | 300 sec total\n|\n|t:|1783552444\n|move|p2a: Oricorio|Quiver Dance|p2a: Oricorio\n|-boost|p2a: Oricorio|spa|0\n|-boost|p2a: Oricorio|spd|0\n|-boost|p2a: Oricorio|spe|0\n|move|p1a: Blissey|Seismic Toss|p2a: Oricorio\n|-immune|p2a: Oricorio\n|\n|upkeep\n|turn|73\n|inactive|Time left: 300 sec this turn | 300 sec total\n|\n|t:|1783552445\n|move|p2a: Oricorio|Quiver Dance|p2a: Oricorio\n|-boost|p2a: Oricorio|spa|0\n|-boost|p2a: Oricorio|spd|0\n|-boost|p2a: Oricorio|spe|0\n|move|p1a: Blissey|Seismic Toss|p2a: Oricorio\n|-immune|p2a: Oricorio\n|\n|upkeep\n|turn|74\n|inactive|Time left: 300 sec this turn | 300 sec total\n|\n|t:|1783552446\n|move|p2a: Oricorio|Quiver Dance|p2a: Oricorio\n|-boost|p2a: Oricorio|spa|0\n|-boost|p2a: Oricorio|spd|0\n|-boost|p2a: Oricorio|spe|0\n|move|p1a: Blissey|Thunder Wave|p2a: Oricorio\n|-fail|p2a: Oricorio|par\n|\n|upkeep\n|turn|75\n|inactive|Time left: 300 sec this turn | 300 sec total\n|\n|t:|1783552447\n|move|p2a: Oricorio|Quiver Dance|p2a: Oricorio\n|-boost|p2a: Oricorio|spa|0\n|-boost|p2a: Oricorio|spd|0\n|-boost|p2a: Oricorio|spe|0\n|move|p1a: Blissey|Seismic Toss|p2a: Oricorio\n|-immune|p2a: Oricorio\n|\n|upkeep\n|turn|76\n|inactive|Time left: 300 sec this turn | 300 sec total\n|\n|t:|1783552448\n|move|p2a: Oricorio|Quiver Dance|p2a: Oricorio\n|-boost|p2a: Oricorio|spa|0\n|-boost|p2a: Oricorio|spd|0\n|-boost|p2a: Oricorio|spe|0\n|move|p1a: Blissey|Stealth Rock||[still]\n|-fail|p1a: Blissey\n|\n|upkeep\n|turn|77\n|inactive|Time left: 300 sec this turn | 300 sec total\n|\n|t:|1783552449\n|move|p2a: Oricorio|Quiver Dance|p2a: Oricorio\n|-boost|p2a: Oricorio|spa|0\n|-boost|p2a: Oricorio|spd|0\n|-boost|p2a: Oricorio|spe|0\n|move|p1a: Blissey|Thunder Wave|p2a: Oricorio\n|-fail|p2a: Oricorio|par\n|\n|upkeep\n|turn|78\n|inactive|Time left: 300 sec this turn | 300 sec total\n|\n|t:|1783552451\n|move|p2a: Oricorio|Quiver Dance|p2a: Oricorio\n|-boost|p2a: Oricorio|spa|0\n|-boost|p2a: Oricorio|spd|0\n|-boost|p2a: Oricorio|spe|0\n|move|p1a: Blissey|Thunder Wave|p2a: Oricorio\n|-fail|p2a: Oricorio|par\n|\n|upkeep\n|turn|79\n|inactive|Time left: 300 sec this turn | 300 sec total\n|\n|t:|1783552451\n|move|p2a: Oricorio|Quiver Dance|p2a: Oricorio\n|-boost|p2a: Oricorio|spa|0\n|-boost|p2a: Oricorio|spd|0\n|-boost|p2a: Oricorio|spe|0\n|move|p1a: Blissey|Seismic Toss|p2a: Oricorio\n|-immune|p2a: Oricorio\n|\n|upkeep\n|turn|80\n|inactive|Time left: 300 sec this turn | 300 sec total\n|\n|t:|1783552452\n|move|p2a: Oricorio|Quiver Dance|p2a: Oricorio\n|-boost|p2a: Oricorio|spa|0\n|-boost|p2a: Oricorio|spd|0\n|-boost|p2a: Oricorio|spe|0\n|move|p1a: Blissey|Thunder Wave|p2a: Oricorio\n|-fail|p2a: Oricorio|par\n|\n|upkeep\n|turn|81\n|inactive|Time left: 300 sec this turn | 300 sec total\n|\n|t:|1783552454\n|cant|p2a: Oricorio|par\n|move|p1a: Blissey|Thunder Wave|p2a: Oricorio|[miss]\n|-miss|p1a: Blissey|p2a: Oricorio\n|\n|upkeep\n|turn|82\n|inactive|Time left: 300 sec this turn | 300 sec total\n|\n|t:|1783552455\n|move|p2a: Oricorio|Quiver Dance|p2a: Oricorio\n|-boost|p2a: Oricorio|spa|0\n|-boost|p2a: Oricorio|spd|0\n|-boost|p2a: Oricorio|spe|0\n|move|p1a: Blissey|Thunder Wave|p2a: Oricorio\n|-fail|p2a: Oricorio|par\n|\n|upkeep\n|turn|83\n|inactive|Time left: 300 sec this turn | 300 sec total\n|\n|t:|1783552456\n|move|p2a: Oricorio|Quiver Dance|p2a: Oricorio\n|-boost|p2a: Oricorio|spa|0\n|-boost|p2a: Oricorio|spd|0\n|-boost|p2a: Oricorio|spe|0\n|move|p1a: Blissey|Seismic Toss|p2a: Oricorio\n|-immune|p2a: Oricorio\n|\n|upkeep\n|turn|84\n|inactive|Time left: 300 sec this turn | 300 sec total\n|\n|t:|1783552457\n|move|p2a: Oricorio|Quiver Dance|p2a: Oricorio\n|-boost|p2a: Oricorio|spa|0\n|-boost|p2a: Oricorio|spd|0\n|-boost|p2a: Oricorio|spe|0\n|move|p1a: Blissey|Stealth Rock||[still]\n|-fail|p1a: Blissey\n|\n|upkeep\n|turn|85\n|inactive|Time left: 300 sec this turn | 300 sec total\n|\n|t:|1783552458\n|cant|p2a: Oricorio|par\n|move|p1a: Blissey|Stealth Rock||[still]\n|-fail|p1a: Blissey\n|\n|upkeep\n|turn|86\n|inactive|Time left: 300 sec this turn | 300 sec total\n|\n|t:|1783552459\n|move|p2a: Oricorio|Quiver Dance|p2a: Oricorio\n|-boost|p2a: Oricorio|spa|0\n|-boost|p2a: Oricorio|spd|0\n|-boost|p2a: Oricorio|spe|0\n|move|p1a: Blissey|Thunder Wave|p2a: Oricorio\n|-fail|p2a: Oricorio|par\n|\n|upkeep\n|turn|87\n|inactive|Time left: 300 sec this turn | 300 sec total\n|\n|t:|1783552460\n|move|p2a: Oricorio|Quiver Dance|p2a: Oricorio\n|-boost|p2a: Oricorio|spa|0\n|-boost|p2a: Oricorio|spd|0\n|-boost|p2a: Oricorio|spe|0\n|move|p1a: Blissey|Stealth Rock||[still]\n|-fail|p1a: Blissey\n|\n|upkeep\n|turn|88\n|inactive|Time left: 300 sec this turn | 300 sec total\n|\n|t:|1783552461\n|move|p2a: Oricorio|Quiver Dance|p2a: Oricorio\n|-boost|p2a: Oricorio|spa|0\n|-boost|p2a: Oricorio|spd|0\n|-boost|p2a: Oricorio|spe|0\n|move|p1a: Blissey|Stealth Rock||[still]\n|-fail|p1a: Blissey\n|\n|upkeep\n|turn|89\n|inactive|Time left: 300 sec this turn | 300 sec total\n|\n|t:|1783552462\n|move|p2a: Oricorio|Quiver Dance|p2a: Oricorio\n|-boost|p2a: Oricorio|spa|0\n|-boost|p2a: Oricorio|spd|0\n|-boost|p2a: Oricorio|spe|0\n|move|p1a: Blissey|Seismic Toss|p2a: Oricorio\n|-immune|p2a: Oricorio\n|\n|upkeep\n|turn|90\n|inactive|Time left: 300 sec this turn | 300 sec total\n|\n|t:|1783552463\n|move|p2a: Oricorio|Quiver Dance|p2a: Oricorio\n|-boost|p2a: Oricorio|spa|0\n|-boost|p2a: Oricorio|spd|0\n|-boost|p2a: Oricorio|spe|0\n|move|p1a: Blissey|Seismic Toss|p2a: Oricorio\n|-immune|p2a: Oricorio\n|\n|upkeep\n|turn|91\n|inactive|Time left: 300 sec this turn | 300 sec total\n|\n|t:|1783552464\n|cant|p2a: Oricorio|par\n|move|p1a: Blissey|Stealth Rock||[still]\n|-fail|p1a: Blissey\n|\n|upkeep\n|turn|92\n|inactive|Time left: 300 sec this turn | 300 sec total\n|\n|t:|1783552465\n|move|p2a: Oricorio|Quiver Dance|p2a: Oricorio\n|-boost|p2a: Oricorio|spa|0\n|-boost|p2a: Oricorio|spd|0\n|-boost|p2a: Oricorio|spe|0\n|move|p1a: Blissey|Stealth Rock||[still]\n|-fail|p1a: Blissey\n|\n|upkeep\n|turn|93\n|inactive|Time left: 300 sec this turn | 300 sec total\n|\n|t:|1783552466\n|move|p2a: Oricorio|Quiver Dance|p2a: Oricorio\n|-boost|p2a: Oricorio|spa|0\n|-boost|p2a: Oricorio|spd|0\n|-boost|p2a: Oricorio|spe|0\n|move|p1a: Blissey|Thunder Wave|p2a: Oricorio\n|-fail|p2a: Oricorio|par\n|\n|upkeep\n|turn|94\n|inactive|Time left: 300 sec this turn | 300 sec total\n|\n|t:|1783552467\n|cant|p2a: Oricorio|par\n|move|p1a: Blissey|Seismic Toss|p2a: Oricorio\n|-immune|p2a: Oricorio\n|\n|upkeep\n|turn|95\n|inactive|Time left: 300 sec this turn | 300 sec total\n|\n|t:|1783552468\n|move|p2a: Oricorio|Quiver Dance|p2a: Oricorio\n|-boost|p2a: Oricorio|spa|0\n|-boost|p2a: Oricorio|spd|0\n|-boost|p2a: Oricorio|spe|0\n|move|p1a: Blissey|Stealth Rock||[still]\n|-fail|p1a: Blissey\n|\n|upkeep\n|turn|96\n|inactive|Time left: 300 sec this turn | 300 sec total\n|\n|t:|1783552469\n|cant|p2a: Oricorio|par\n|move|p1a: Blissey|Thunder Wave|p2a: Oricorio\n|-fail|p2a: Oricorio|par\n|\n|upkeep\n|turn|97\n|inactive|Time left: 300 sec this turn | 300 sec total\n|\n|t:|1783552470\n|move|p2a: Oricorio|Roost||[still]\n|-fail|p2a: Oricorio|heal\n|move|p1a: Blissey|Seismic Toss|p2a: Oricorio\n|-immune|p2a: Oricorio\n|\n|upkeep\n|turn|98\n|inactive|Time left: 300 sec this turn | 300 sec total\n|\n|t:|1783552471\n|move|p2a: Oricorio|Revelation Dance|p1a: Blissey\n|-immune|p1a: Blissey\n|move|p1a: Blissey|Stealth Rock||[still]\n|-fail|p1a: Blissey\n|\n|upkeep\n|turn|99\n|inactive|Time left: 300 sec this turn | 300 sec total\n|\n|t:|1783552472\n|switch|p2a: Copperajah|Copperajah, L86, M|100/100\n|-damage|p2a: Copperajah|94/100|[from] Stealth Rock\n|move|p1a: Blissey|Stealth Rock||[still]\n|-fail|p1a: Blissey\n|\n|upkeep\n|turn|100\n|inactive|Time left: 300 sec this turn | 300 sec total\n|\n|t:|1783552473\n|move|p1a: Blissey|Thunder Wave|p2a: Copperajah\n|-status|p2a: Copperajah|par\n|cant|p2a: Copperajah|par\n|\n|upkeep\n|turn|101\n|inactive|Time left: 300 sec this turn | 300 sec total\n|\n|t:|1783552475\n|switch|p1a: Lilligant|Lilligant-Hisui, L79, F|240/240\n|move|p2a: Copperajah|Iron Head|p1a: Lilligant\n|-damage|p1a: Lilligant|0 fnt\n|faint|p1a: Lilligant\n|\n|upkeep\n|inactive|Time left: 300 sec this turn | 300 sec total | 5 sec grace\n|\n|t:|1783552476\n|switch|p1a: Walking Wake|Walking Wake, L79|286/286\n|turn|102\n|inactive|Time left: 300 sec this turn | 300 sec total\n|\n|t:|1783552477\n|move|p1a: Walking Wake|Flamethrower|p2a: Copperajah\n|-supereffective|p2a: Copperajah\n|-damage|p2a: Copperajah|38/100 par\n|-damage|p1a: Walking Wake|258/286|[from] item: Life Orb\n|move|p2a: Copperajah|Play Rough|p1a: Walking Wake\n|-supereffective|p1a: Walking Wake\n|-damage|p1a: Walking Wake|0 fnt\n|faint|p1a: Walking Wake\n|-end|p1a: Walking Wake|Protosynthesis|[silent]\n|\n|upkeep\n|inactive|Time left: 300 sec this turn | 300 sec total | 5 sec grace\n|\n|t:|1783552478\n|switch|p1a: Blissey|Blissey, L85, F|572/572\n|turn|103\n|inactive|Time left: 300 sec this turn | 300 sec total\n|\n|t:|1783552479\n|-terastallize|p2a: Copperajah|Fairy\n|move|p1a: Blissey|Seismic Toss|p2a: Copperajah\n|-damage|p2a: Copperajah|14/100 par\n|move|p2a: Copperajah|Play Rough|p1a: Blissey\n|-damage|p1a: Blissey|0 fnt\n|faint|p1a: Blissey\n|\n|win|p0y10757300", "uploadtime": 1783552479, "views": 0, "rating": 0, "private": 0, "password": null, "_winner": "p0y10757300", "_our_name": "p0x1075b253"}