{"id": "battle-gen9randombattle-1381", "formatid": "gen9randombattle", "format": "[Gen 9] Random Battle", "players": ["p0x1381c172", "p0y138135b2"], "log": "|init|battle\n|title|p0x1381c172 vs. p0y138135b2\n|j|\u2606p0x1381c172\n|j|\u2606p0y138135b2\n|t:|1783555141\n|gametype|singles\n|player|p1|p0x1381c172|265|\n|player|p2|p0y138135b2|102|\n|gen|9\n|tier|[Gen 9] Random Battle\n|rule|Species Clause: Limit one of each Pok\u00e9mon\n|rule|HP Percentage Mod: HP is shown in percentages\n|rule|Sleep Clause Mod: Limit one foe put to sleep\n|rule|Illusion Level Mod: Illusion disguises the Pok\u00e9mon's true level\n|\n|t:|1783555141\n|teamsize|p1|6\n|teamsize|p2|6\n|start\n|switch|p1a: Drednaw|Drednaw, L81, F|100/100\n|switch|p2a: Qwilfish|Qwilfish-Hisui, L83, F|244/244\n|-ability|p2a: Qwilfish|Intimidate|boost\n|-unboost|p1a: Drednaw|atk|1\n|-enditem|p1a: Drednaw|White Herb\n|-clearnegativeboost|p1a: Drednaw|[silent]\n|turn|1\n|inactive|Battle timer is ON: inactive players will automatically lose when time's up. (requested by p0y138135b2)\n|inactive|p0x1381c172 also wants the timer to be on.\n|\n|t:|1783555142\n|switch|p2a: Regidrago|Regidrago, L77|435/435\n|move|p1a: Drednaw|Shell Smash|p1a: Drednaw\n|-unboost|p1a: Drednaw|def|1\n|-unboost|p1a: Drednaw|spd|1\n|-boost|p1a: Drednaw|atk|2\n|-boost|p1a: Drednaw|spa|2\n|-boost|p1a: Drednaw|spe|2\n|\n|upkeep\n|turn|2\n|inactive|Time left: 300 sec this turn | 300 sec total\n|\n|t:|1783555143\n|-terastallize|p2a: Regidrago|Dragon\n|move|p1a: Drednaw|Stone Edge|p2a: Regidrago|[miss]\n|-miss|p1a: Drednaw|p2a: Regidrago\n|move|p2a: Regidrago|Outrage|p1a: Drednaw\n|-damage|p1a: Drednaw|0 fnt\n|faint|p1a: Drednaw\n|\n|upkeep\n|\n|t:|1783555144\n|switch|p1a: Florges|Florges-White, L85, F|100/100\n|turn|3\n|inactive|Time left: 300 sec this turn | 300 sec total\n|\n|t:|1783555145\n|move|p2a: Regidrago|Outrage|p1a: Florges|[from] lockedmove\n|-immune|p1a: Florges\n|-start|p2a: Regidrago|confusion|[fatigue]\n|move|p1a: Florges|Calm Mind|p1a: Florges\n|-boost|p1a: Florges|spa|1\n|-boost|p1a: Florges|spd|1\n|\n|upkeep\n|turn|4\n|inactive|Time left: 300 sec this turn | 300 sec total\n|\n|t:|1783555146\n|switch|p2a: Forretress|Forretress, L84, F|263/263\n|move|p1a: Florges|Moonblast|p2a: Forretress\n|-resisted|p2a: Forretress\n|-damage|p2a: Forretress|142/263\n|\n|-heal|p2a: Forretress|158/263|[from] item: Leftovers\n|upkeep\n|turn|5\n|inactive|Time left: 300 sec this turn | 300 sec total\n|\n|t:|1783555147\n|move|p1a: Florges|Moonblast|p2a: Forretress\n|-resisted|p2a: Forretress\n|-damage|p2a: Forretress|41/263\n|move|p2a: Forretress|Iron Head|p1a: Florges\n|-supereffective|p1a: Florges\n|-damage|p1a: Florges|30/100\n|\n|-heal|p1a: Florges|36/100|[from] item: Leftovers\n|-heal|p2a: Forretress|57/263|[from] item: Leftovers\n|upkeep\n|turn|6\n|inactive|Time left: 300 sec this turn | 300 sec total\n|\n|t:|1783555148\n|move|p1a: Florges|Moonblast|p2a: Forretress\n|-resisted|p2a: Forretress\n|-damage|p2a: Forretress|0 fnt\n|faint|p2a: Forretress\n|\n|-heal|p1a: Florges|41/100|[from] item: Leftovers\n|upkeep\n|inactive|Time left: 300 sec this turn | 300 sec total | 5 sec grace\n|\n|t:|1783555149\n|switch|p2a: Barraskewda|Barraskewda, L81, M|231/231\n|turn|7\n|inactive|Time left: 300 sec this turn | 300 sec total\n|\n|t:|1783555150\n|switch|p1a: Amoonguss|Amoonguss, L82, F|100/100\n|move|p2a: Barraskewda|Waterfall|p1a: Amoonguss\n|-resisted|p1a: Amoonguss\n|-damage|p1a: Amoonguss|73/100\n|-damage|p2a: Barraskewda|193/231|[from] item: Rocky Helmet|[of] p1a: Amoonguss\n|\n|upkeep\n|turn|8\n|inactive|Time left: 300 sec this turn | 300 sec total\n|\n|t:|1783555151\n|switch|p2a: Qwilfish|Qwilfish-Hisui, L83, F|244/244\n|-ability|p2a: Qwilfish|Intimidate|boost\n|-unboost|p1a: Amoonguss|atk|1\n|move|p1a: Amoonguss|Giga Drain|p2a: Qwilfish\n|-resisted|p2a: Qwilfish\n|-damage|p2a: Qwilfish|211/244\n|-heal|p1a: Amoonguss|78/100|[from] drain|[of] p2a: Qwilfish\n|\n|upkeep\n|turn|9\n|inactive|Time left: 300 sec this turn | 300 sec total\n|\n|t:|1783555152\n|switch|p1a: Revavroom|Revavroom, L79, M|100/100\n|move|p2a: Qwilfish|Gunk Shot|p1a: Revavroom\n|-immune|p1a: Revavroom\n|\n|upkeep\n|turn|10\n|inactive|Time left: 300 sec this turn | 300 sec total\n|\n|t:|1783555153\n|move|p2a: Qwilfish|Taunt|p1a: Revavroom\n|-start|p1a: Revavroom|move: Taunt\n|cant|p1a: Revavroom|move: Taunt|Shift Gear\n|\n|upkeep\n|turn|11\n|inactive|Time left: 300 sec this turn | 300 sec total\n|\n|t:|1783555154\n|move|p2a: Qwilfish|Toxic Spikes|p1a: Revavroom\n|-sidestart|p1: p0x1381c172|move: Toxic Spikes\n|move|p1a: Revavroom|High Horsepower|p2a: Qwilfish\n|-supereffective|p2a: Qwilfish\n|-damage|p2a: Qwilfish|91/244\n|-damage|p1a: Revavroom|91/100|[from] item: Life Orb\n|\n|upkeep\n|turn|12\n|inactive|Time left: 300 sec this turn | 300 sec total\n|\n|t:|1783555155\n|move|p2a: Qwilfish|Crunch|p1a: Revavroom\n|-damage|p1a: Revavroom|56/100\n|move|p1a: Revavroom|High Horsepower|p2a: Qwilfish\n|-supereffective|p2a: Qwilfish\n|-damage|p2a: Qwilfish|0 fnt\n|faint|p2a: Qwilfish\n|-damage|p1a: Revavroom|47/100|[from] item: Life Orb\n|\n|-end|p1a: Revavroom|move: Taunt\n|upkeep\n|inactive|Time left: 300 sec this turn | 300 sec total | 5 sec grace\n|\n|t:|1783555156\n|switch|p2a: Regidrago|Regidrago, L77, tera:Dragon|435/435\n|turn|13\n|inactive|Time left: 300 sec this turn | 300 sec total\n|\n|t:|1783555157\n|switch|p1a: Florges|Florges-White, L85, F|41/100\n|-status|p1a: Florges|psn\n|move|p2a: Regidrago|Outrage|p1a: Florges\n|-immune|p1a: Florges\n|\n|-heal|p1a: Florges|47/100 psn|[from] item: Leftovers\n|-damage|p1a: Florges|35/100 psn|[from] psn\n|upkeep\n|turn|14\n|inactive|Time left: 300 sec this turn | 300 sec total\n|\n|t:|1783555158\n|move|p2a: Regidrago|Outrage|p1a: Florges\n|-immune|p1a: Florges\n|move|p1a: Florges|Moonblast|p2a: Regidrago\n|-supereffective|p2a: Regidrago\n|-damage|p2a: Regidrago|85/435\n|\n|-heal|p1a: Florges|41/100 psn|[from] item: Leftovers\n|-damage|p1a: Florges|29/100 psn|[from] psn\n|upkeep\n|turn|15\n|inactive|Time left: 300 sec this turn | 300 sec total\n|\n|t:|1783555159\n|move|p2a: Regidrago|Outrage|p1a: Florges\n|-immune|p1a: Florges\n|move|p1a: Florges|Synthesis|p1a: Florges\n|-heal|p1a: Florges|79/100 psn\n|\n|-heal|p1a: Florges|85/100 psn|[from] item: Leftovers\n|-damage|p1a: Florges|72/100 psn|[from] psn\n|upkeep\n|turn|16\n|inactive|Time left: 300 sec this turn | 300 sec total\n|\n|t:|1783555160\n|move|p2a: Regidrago|Outrage|p1a: Florges\n|-immune|p1a: Florges\n|move|p1a: Florges|Moonblast|p2a: Regidrago\n|-supereffective|p2a: Regidrago\n|-damage|p2a: Regidrago|0 fnt\n|faint|p2a: Regidrago\n|\n|-heal|p1a: Florges|78/100 psn|[from] item: Leftovers\n|-damage|p1a: Florges|66/100 psn|[from] psn\n|upkeep\n|inactive|Time left: 300 sec this turn | 300 sec total | 5 sec grace\n|\n|t:|1783555161\n|switch|p2a: Hitmontop|Hitmontop, L88, M|231/231\n|turn|17\n|inactive|Time left: 300 sec this turn | 300 sec total\n|\n|t:|1783555162\n|move|p1a: Florges|Moonblast|p2a: Hitmontop\n|-supereffective|p2a: Hitmontop\n|-damage|p2a: Hitmontop|37/231\n|move|p2a: Hitmontop|Rapid Spin|p1a: Florges\n|-damage|p1a: Florges|43/100 psn\n|-boost|p2a: Hitmontop|spe|1\n|\n|-heal|p2a: Hitmontop|51/231|[from] item: Leftovers\n|-heal|p1a: Florges|49/100 psn|[from] item: Leftovers\n|-damage|p1a: Florges|37/100 psn|[from] psn\n|upkeep\n|turn|18\n|inactive|Time left: 300 sec this turn | 300 sec total\n|\n|t:|1783555163\n|move|p2a: Hitmontop|Triple Axel|p1a: Florges|[miss]\n|-miss|p2a: Hitmontop|p1a: Florges\n|move|p1a: Florges|Moonblast|p2a: Hitmontop\n|-supereffective|p2a: Hitmontop\n|-damage|p2a: Hitmontop|0 fnt\n|faint|p2a: Hitmontop\n|\n|-heal|p1a: Florges|43/100 psn|[from] item: Leftovers\n|-damage|p1a: Florges|30/100 psn|[from] psn\n|upkeep\n|inactive|Time left: 300 sec this turn | 300 sec total | 5 sec grace\n|\n|t:|1783555163\n|switch|p2a: Barraskewda|Barraskewda, L81, M|193/231\n|turn|19\n|inactive|Time left: 300 sec this turn | 300 sec total\n|\n|t:|1783555164\n|switch|p1a: Amoonguss|Amoonguss, L82, F|100/100\n|-sideend|p1: p0x1381c172|move: Toxic Spikes|[of] p1a: Amoonguss\n|move|p2a: Barraskewda|Flip Turn|p1a: Amoonguss\n|-resisted|p1a: Amoonguss\n|-damage|p1a: Amoonguss|82/100\n|-damage|p2a: Barraskewda|155/231|[from] item: Rocky Helmet|[of] p1a: Amoonguss\n|inactive|Time left: 300 sec this turn | 300 sec total | 5 sec grace\n|\n|t:|1783555165\n|switch|p2a: Arceus|Arceus-Dragon, L71|288/288|[from] Flip Turn\n|\n|upkeep\n|turn|20\n|inactive|Time left: 300 sec this turn | 300 sec total\n|\n|t:|1783555166\n|move|p2a: Arceus|Calm Mind|p2a: Arceus\n|-boost|p2a: Arceus|spa|1\n|-boost|p2a: Arceus|spd|1\n|move|p1a: Amoonguss|Spore|p2a: Arceus\n|-status|p2a: Arceus|slp|[from] move: Spore\n|\n|upkeep\n|turn|21\n|inactive|Time left: 300 sec this turn | 300 sec total\n|\n|t:|1783555167\n|switch|p1a: Florges|Florges-White, L85, F|30/100 psn\n|cant|p2a: Arceus|slp\n|\n|-heal|p1a: Florges|36/100 psn|[from] item: Leftovers\n|-damage|p1a: Florges|24/100 psn|[from] psn\n|upkeep\n|turn|22\n|inactive|Time left: 300 sec this turn | 300 sec total\n|\n|t:|1783555169\n|cant|p2a: Arceus|slp\n|move|p1a: Florges|Synthesis|p1a: Florges\n|-heal|p1a: Florges|74/100 psn\n|\n|-heal|p1a: Florges|80/100 psn|[from] item: Leftovers\n|-damage|p1a: Florges|68/100 psn|[from] psn\n|upkeep\n|turn|23\n|inactive|Time left: 300 sec this turn | 300 sec total\n|\n|t:|1783555170\n|-curestatus|p2a: Arceus|slp|[msg]\n|move|p2a: Arceus|Calm Mind|p2a: Arceus\n|-boost|p2a: Arceus|spa|1\n|-boost|p2a: Arceus|spd|1\n|move|p1a: Florges|Moonblast|p2a: Arceus\n|-supereffective|p2a: Arceus\n|-damage|p2a: Arceus|174/288\n|-unboost|p2a: Arceus|spa|1\n|\n|-heal|p1a: Florges|74/100 psn|[from] item: Leftovers\n|-damage|p1a: Florges|61/100 psn|[from] psn\n|upkeep\n|turn|24\n|inactive|Time left: 300 sec this turn | 300 sec total\n|\n|t:|1783555171\n|move|p2a: Arceus|Calm Mind|p2a: Arceus\n|-boost|p2a: Arceus|spa|1\n|-boost|p2a: Arceus|spd|1\n|move|p1a: Florges|Calm Mind|p1a: Florges\n|-boost|p1a: Florges|spa|1\n|-boost|p1a: Florges|spd|1\n|\n|-heal|p1a: Florges|67/100 psn|[from] item: Leftovers\n|-damage|p1a: Florges|55/100 psn|[from] psn\n|upkeep\n|turn|25\n|inactive|Time left: 300 sec this turn | 300 sec total\n|\n|t:|1783555172\n|move|p2a: Arceus|Sludge Bomb|p1a: Florges\n|-supereffective|p1a: Florges\n|-damage|p1a: Florges|21/100 psn\n|move|p1a: Florges|Synthesis|p1a: Florges\n|-heal|p1a: Florges|71/100 psn\n|\n|-heal|p1a: Florges|77/100 psn|[from] item: Leftovers\n|-damage|p1a: Florges|65/100 psn|[from] psn\n|upkeep\n|turn|26\n|inactive|Time left: 300 sec this turn | 300 sec total\n|\n|t:|1783555173\n|move|p2a: Arceus|Sludge Bomb|p1a: Florges\n|-supereffective|p1a: Florges\n|-damage|p1a: Florges|31/100 psn\n|move|p1a: Florges|Moonblast|p2a: Arceus\n|-supereffective|p2a: Arceus\n|-damage|p2a: Arceus|42/288\n|\n|-heal|p1a: Florges|37/100 psn|[from] item: Leftovers\n|-damage|p1a: Florges|25/100 psn|[from] psn\n|upkeep\n|turn|27\n|inactive|Time left: 300 sec this turn | 300 sec total\n|\n|t:|1783555174\n|move|p2a: Arceus|Sludge Bomb|p1a: Florges\n|-supereffective|p1a: Florges\n|-damage|p1a: Florges|0 fnt\n|faint|p1a: Florges\n|\n|upkeep\n|\n|t:|1783555175\n|switch|p1a: Tropius|Tropius, L91, F|100/100\n|turn|28\n|inactive|Time left: 300 sec this turn | 300 sec total\n|\n|t:|1783555176\n|move|p2a: Arceus|Fire Blast|p1a: Tropius\n|-supereffective|p1a: Tropius\n|-damage|p1a: Tropius|26/100\n|-enditem|p1a: Tropius|Sitrus Berry|[eat]\n|-heal|p1a: Tropius|51/100|[from] item: Sitrus Berry\n|move|p1a: Tropius|Earthquake|p2a: Arceus\n|-damage|p2a: Arceus|0 fnt\n|faint|p2a: Arceus\n|\n|-item|p1a: Tropius|Sitrus Berry|[from] ability: Harvest\n|upkeep\n|inactive|Time left: 300 sec this turn | 300 sec total | 5 sec grace\n|\n|t:|1783555177\n|switch|p2a: Barraskewda|Barraskewda, L81, M|155/231\n|turn|29\n|inactive|Time left: 300 sec this turn | 300 sec total\n|\n|t:|1783555178\n|move|p2a: Barraskewda|Waterfall|p1a: Tropius\n|-resisted|p1a: Tropius\n|-damage|p1a: Tropius|28/100\n|-enditem|p1a: Tropius|Sitrus Berry|[eat]\n|-heal|p1a: Tropius|53/100|[from] item: Sitrus Berry\n|cant|p1a: Tropius|flinch\n|\n|-item|p1a: Tropius|Sitrus Berry|[from] ability: Harvest\n|upkeep\n|turn|30\n|inactive|Time left: 300 sec this turn | 300 sec total\n|\n|t:|1783555179\n|move|p2a: Barraskewda|Waterfall|p1a: Tropius\n|-resisted|p1a: Tropius\n|-damage|p1a: Tropius|32/100\n|-enditem|p1a: Tropius|Sitrus Berry|[eat]\n|-heal|p1a: Tropius|57/100|[from] item: Sitrus Berry\n|cant|p1a: Tropius|flinch\n|\n|-item|p1a: Tropius|Sitrus Berry|[from] ability: Harvest\n|upkeep\n|turn|31\n|inactive|Time left: 300 sec this turn | 300 sec total\n|\n|t:|1783555180\n|move|p2a: Barraskewda|Waterfall|p1a: Tropius\n|-resisted|p1a: Tropius\n|-damage|p1a: Tropius|37/100\n|-enditem|p1a: Tropius|Sitrus Berry|[eat]\n|-heal|p1a: Tropius|62/100|[from] item: Sitrus Berry\n|move|p1a: Tropius|Leaf Blade|p2a: Barraskewda\n|-supereffective|p2a: Barraskewda\n|-damage|p2a: Barraskewda|0 fnt\n|faint|p2a: Barraskewda\n|\n|win|p0x1381c172", "uploadtime": 1783555180, "views": 0, "rating": 0, "private": 0, "password": null, "_winner": "p0x1381c172", "_our_name": "p0y138135b2"}