{"id": "battle-gen9randombattle-1172", "formatid": "gen9randombattle", "format": "[Gen 9] Random Battle", "players": ["p0x1172819f", "p0y1172c2e0"], "log": "|init|battle\n|title|p0x1172819f vs. p0y1172c2e0\n|j|\u2606p0x1172819f\n|j|\u2606p0y1172c2e0\n|t:|1783553580\n|gametype|singles\n|player|p1|p0x1172819f|101|\n|player|p2|p0y1172c2e0|169|\n|gen|9\n|tier|[Gen 9] Random Battle\n|rule|Species Clause: Limit one of each Pok\u00e9mon\n|rule|HP Percentage Mod: HP is shown in percentages\n|rule|Sleep Clause Mod: Limit one foe put to sleep\n|rule|Illusion Level Mod: Illusion disguises the Pok\u00e9mon's true level\n|\n|t:|1783553580\n|teamsize|p1|6\n|teamsize|p2|6\n|start\n|switch|p1a: Beartic|Beartic, L91, F|100/100\n|switch|p2a: Electivire|Electivire, L84, F|263/263\n|turn|1\n|inactive|Battle timer is ON: inactive players will automatically lose when time's up. (requested by p0y1172c2e0)\n|inactive|p0x1172819f also wants the timer to be on.\n|\n|t:|1783553582\n|move|p2a: Electivire|Bulk Up|p2a: Electivire\n|-boost|p2a: Electivire|atk|1\n|-boost|p2a: Electivire|def|1\n|move|p1a: Beartic|Icicle Crash|p2a: Electivire\n|-damage|p2a: Electivire|110/263\n|\n|upkeep\n|turn|2\n|inactive|Time left: 300 sec this turn | 300 sec total\n|\n|t:|1783553583\n|move|p2a: Electivire|Supercell Slam|p1a: Beartic\n|-damage|p1a: Beartic|18/100\n|-damage|p2a: Electivire|84/263|[from] item: Life Orb\n|move|p1a: Beartic|Icicle Crash|p2a: Electivire\n|-damage|p2a: Electivire|0 fnt\n|faint|p2a: Electivire\n|\n|upkeep\n|inactive|Time left: 300 sec this turn | 300 sec total | 5 sec grace\n|\n|t:|1783553584\n|switch|p2a: Koraidon|Koraidon, L64|235/235\n|-weather|SunnyDay|[from] ability: Orichalcum Pulse|[of] p2a: Koraidon\n|-activate|p2a: Koraidon|Orichalcum Pulse|[source]\n|turn|3\n|inactive|Time left: 300 sec this turn | 300 sec total\n|\n|t:|1783553585\n|switch|p1a: Houndstone|Houndstone, L86, M|100/100\n|move|p2a: Koraidon|Outrage|p1a: Houndstone\n|-damage|p1a: Houndstone|70/100\n|\n|-weather|SunnyDay|[upkeep]\n|upkeep\n|turn|4\n|inactive|Time left: 300 sec this turn | 300 sec total\n|\n|t:|1783553586\n|move|p2a: Koraidon|Outrage|p1a: Houndstone|[from] lockedmove\n|-damage|p1a: Houndstone|36/100\n|move|p1a: Houndstone|Poltergeist|p2a: Koraidon\n|-activate|p2a: Koraidon|move: Poltergeist|Choice Band\n|-damage|p2a: Koraidon|48/235\n|\n|-weather|SunnyDay|[upkeep]\n|upkeep\n|turn|5\n|inactive|Time left: 300 sec this turn | 300 sec total\n|\n|t:|1783553587\n|move|p2a: Koraidon|Outrage|p1a: Houndstone|[from] lockedmove\n|-damage|p1a: Houndstone|1/100\n|-start|p2a: Koraidon|confusion|[fatigue]\n|move|p1a: Houndstone|Poltergeist|p2a: Koraidon\n|-activate|p2a: Koraidon|move: Poltergeist|Choice Band\n|-damage|p2a: Koraidon|0 fnt\n|faint|p2a: Koraidon\n|\n|-weather|SunnyDay|[upkeep]\n|upkeep\n|inactive|Time left: 300 sec this turn | 300 sec total | 5 sec grace\n|\n|t:|1783553588\n|switch|p2a: Sunflora|Sunflora, F|312/312\n|turn|6\n|inactive|Time left: 300 sec this turn | 300 sec total\n|\n|t:|1783553589\n|move|p2a: Sunflora|Weather Ball|p1a: Houndstone\n|-damage|p1a: Houndstone|0 fnt\n|faint|p1a: Houndstone\n|-damage|p2a: Sunflora|281/312|[from] item: Life Orb\n|\n|-weather|SunnyDay|[upkeep]\n|upkeep\n|\n|t:|1783553590\n|switch|p1a: Krookodile|Krookodile, L79, M|100/100\n|-ability|p1a: Krookodile|Intimidate|boost\n|-unboost|p2a: Sunflora|atk|1\n|turn|7\n|inactive|Time left: 300 sec this turn | 300 sec total\n|\n|t:|1783553592\n|switch|p1a: Beartic|Beartic, L91, F|18/100\n|move|p2a: Sunflora|Solar Beam||[still]\n|-prepare|p2a: Sunflora|Solar Beam\n|-anim|p2a: Sunflora|Solar Beam|p1a: Beartic\n|-damage|p1a: Beartic|0 fnt\n|faint|p1a: Beartic\n|-damage|p2a: Sunflora|250/312|[from] item: Life Orb\n|\n|-weather|none\n|upkeep\n|\n|t:|1783553592\n|switch|p1a: Kleavor|Kleavor, L78, M|100/100\n|turn|8\n|inactive|Time left: 300 sec this turn | 300 sec total\n|\n|t:|1783553593\n|switch|p2a: Probopass|Probopass, L91, M|257/257\n|move|p1a: Kleavor|X-Scissor|p2a: Probopass\n|-resisted|p2a: Probopass\n|-damage|p2a: Probopass|210/257\n|\n|-heal|p2a: Probopass|226/257|[from] item: Leftovers\n|upkeep\n|turn|9\n|inactive|Time left: 300 sec this turn | 300 sec total\n|\n|t:|1783553595\n|switch|p1a: Spiritomb|Spiritomb, L89, F|100/100\n|-terastallize|p2a: Probopass|Fighting\n|move|p2a: Probopass|Body Press|p1a: Spiritomb\n|-immune|p1a: Spiritomb\n|\n|-heal|p2a: Probopass|242/257|[from] item: Leftovers\n|upkeep\n|turn|10\n|inactive|Time left: 300 sec this turn | 300 sec total\n|\n|t:|1783553596\n|move|p2a: Probopass|Iron Defense|p2a: Probopass\n|-boost|p2a: Probopass|def|2\n|move|p1a: Spiritomb|Poltergeist|p2a: Probopass\n|-activate|p2a: Probopass|move: Poltergeist|Leftovers\n|-damage|p2a: Probopass|203/257\n|\n|-heal|p2a: Probopass|219/257|[from] item: Leftovers\n|upkeep\n|turn|11\n|inactive|Time left: 300 sec this turn | 300 sec total\n|\n|t:|1783553597\n|move|p2a: Probopass|Flash Cannon|p1a: Spiritomb\n|-damage|p1a: Spiritomb|72/100\n|-unboost|p1a: Spiritomb|spd|1\n|move|p1a: Spiritomb|Will-O-Wisp|p2a: Probopass\n|-status|p2a: Probopass|brn\n|\n|-heal|p2a: Probopass|235/257 brn|[from] item: Leftovers\n|-heal|p1a: Spiritomb|78/100|[from] item: Leftovers\n|-damage|p2a: Probopass|219/257 brn|[from] brn\n|upkeep\n|turn|12\n|inactive|Time left: 300 sec this turn | 300 sec total\n|\n|t:|1783553598\n|switch|p1a: Gastrodon|Gastrodon, L86, F|100/100\n|move|p2a: Probopass|Power Gem|p1a: Gastrodon\n|-resisted|p1a: Gastrodon\n|-damage|p1a: Gastrodon|87/100\n|\n|-heal|p2a: Probopass|235/257 brn|[from] item: Leftovers\n|-heal|p1a: Gastrodon|93/100|[from] item: Leftovers\n|-damage|p2a: Probopass|219/257 brn|[from] brn\n|upkeep\n|turn|13\n|inactive|Time left: 300 sec this turn | 300 sec total\n|\n|t:|1783553599\n|move|p2a: Probopass|Body Press|p1a: Gastrodon\n|-damage|p1a: Gastrodon|47/100\n|move|p1a: Gastrodon|Clear Smog|p2a: Probopass\n|-damage|p2a: Probopass|198/257 brn\n|-clearboost|p2a: Probopass\n|\n|-heal|p2a: Probopass|214/257 brn|[from] item: Leftovers\n|-heal|p1a: Gastrodon|53/100|[from] item: Leftovers\n|-damage|p2a: Probopass|198/257 brn|[from] brn\n|upkeep\n|turn|14\n|inactive|Time left: 300 sec this turn | 300 sec total\n|\n|t:|1783553600\n|move|p2a: Probopass|Iron Defense|p2a: Probopass\n|-boost|p2a: Probopass|def|2\n|move|p1a: Gastrodon|Recover|p1a: Gastrodon\n|-heal|p1a: Gastrodon|100/100\n|\n|-heal|p2a: Probopass|214/257 brn|[from] item: Leftovers\n|-damage|p2a: Probopass|198/257 brn|[from] brn\n|upkeep\n|turn|15\n|inactive|Time left: 300 sec this turn | 300 sec total\n|\n|t:|1783553601\n|move|p2a: Probopass|Body Press|p1a: Gastrodon\n|-damage|p1a: Gastrodon|52/100\n|move|p1a: Gastrodon|Clear Smog|p2a: Probopass\n|-damage|p2a: Probopass|175/257 brn\n|-clearboost|p2a: Probopass\n|\n|-heal|p2a: Probopass|191/257 brn|[from] item: Leftovers\n|-heal|p1a: Gastrodon|59/100|[from] item: Leftovers\n|-damage|p2a: Probopass|175/257 brn|[from] brn\n|upkeep\n|turn|16\n|inactive|Time left: 300 sec this turn | 300 sec total\n|\n|t:|1783553602\n|move|p2a: Probopass|Iron Defense|p2a: Probopass\n|-boost|p2a: Probopass|def|2\n|move|p1a: Gastrodon|Recover|p1a: Gastrodon\n|-heal|p1a: Gastrodon|100/100\n|\n|-heal|p2a: Probopass|191/257 brn|[from] item: Leftovers\n|-damage|p2a: Probopass|175/257 brn|[from] brn\n|upkeep\n|turn|17\n|inactive|Time left: 300 sec this turn | 300 sec total\n|\n|t:|1783553603\n|move|p2a: Probopass|Body Press|p1a: Gastrodon\n|-damage|p1a: Gastrodon|51/100\n|move|p1a: Gastrodon|Clear Smog|p2a: Probopass\n|-damage|p2a: Probopass|155/257 brn\n|-clearboost|p2a: Probopass\n|\n|-heal|p2a: Probopass|171/257 brn|[from] item: Leftovers\n|-heal|p1a: Gastrodon|57/100|[from] item: Leftovers\n|-damage|p2a: Probopass|155/257 brn|[from] brn\n|upkeep\n|turn|18\n|inactive|Time left: 300 sec this turn | 300 sec total\n|\n|t:|1783553605\n|move|p2a: Probopass|Body Press|p1a: Gastrodon\n|-crit|p1a: Gastrodon\n|-damage|p1a: Gastrodon|19/100\n|move|p1a: Gastrodon|Recover|p1a: Gastrodon\n|-heal|p1a: Gastrodon|69/100\n|\n|-heal|p2a: Probopass|171/257 brn|[from] item: Leftovers\n|-heal|p1a: Gastrodon|75/100|[from] item: Leftovers\n|-damage|p2a: Probopass|155/257 brn|[from] brn\n|upkeep\n|turn|19\n|inactive|Time left: 300 sec this turn | 300 sec total\n|\n|t:|1783553606\n|move|p2a: Probopass|Body Press|p1a: Gastrodon\n|-damage|p1a: Gastrodon|53/100\n|move|p1a: Gastrodon|Surf|p2a: Probopass\n|-damage|p2a: Probopass|100/257 brn\n|\n|-heal|p2a: Probopass|116/257 brn|[from] item: Leftovers\n|-heal|p1a: Gastrodon|59/100|[from] item: Leftovers\n|-damage|p2a: Probopass|100/257 brn|[from] brn\n|upkeep\n|turn|20\n|inactive|Time left: 300 sec this turn | 300 sec total\n|\n|t:|1783553607\n|move|p2a: Probopass|Body Press|p1a: Gastrodon\n|-damage|p1a: Gastrodon|34/100\n|move|p1a: Gastrodon|Recover|p1a: Gastrodon\n|-heal|p1a: Gastrodon|84/100\n|\n|-heal|p2a: Probopass|116/257 brn|[from] item: Leftovers\n|-heal|p1a: Gastrodon|91/100|[from] item: Leftovers\n|-damage|p2a: Probopass|100/257 brn|[from] brn\n|upkeep\n|turn|21\n|inactive|Time left: 300 sec this turn | 300 sec total\n|\n|t:|1783553608\n|switch|p2a: Sunflora|Sunflora, F|250/312\n|move|p1a: Gastrodon|Surf|p2a: Sunflora\n|-resisted|p2a: Sunflora\n|-damage|p2a: Sunflora|208/312\n|\n|-heal|p1a: Gastrodon|97/100|[from] item: Leftovers\n|upkeep\n|turn|22\n|inactive|Time left: 300 sec this turn | 300 sec total\n|\n|t:|1783553609\n|switch|p1a: Krookodile|Krookodile, L79, M|100/100\n|-ability|p1a: Krookodile|Intimidate|boost\n|-unboost|p2a: Sunflora|atk|1\n|move|p2a: Sunflora|Sunny Day|p2a: Sunflora\n|-weather|SunnyDay\n|\n|-weather|SunnyDay|[upkeep]\n|upkeep\n|turn|23\n|inactive|Time left: 300 sec this turn | 300 sec total\n|\n|t:|1783553610\n|-terastallize|p1a: Krookodile|Poison\n|move|p2a: Sunflora|Solar Beam||[still]\n|-prepare|p2a: Sunflora|Solar Beam\n|-anim|p2a: Sunflora|Solar Beam|p1a: Krookodile\n|-resisted|p1a: Krookodile\n|-damage|p1a: Krookodile|40/100\n|-damage|p2a: Sunflora|177/312|[from] item: Life Orb\n|move|p1a: Krookodile|Gunk Shot|p2a: Sunflora|[miss]\n|-miss|p1a: Krookodile|p2a: Sunflora\n|\n|-weather|SunnyDay|[upkeep]\n|-heal|p1a: Krookodile|46/100|[from] item: Leftovers\n|upkeep\n|turn|24\n|inactive|Time left: 300 sec this turn | 300 sec total\n|\n|t:|1783553612\n|move|p2a: Sunflora|Solar Beam||[still]\n|-prepare|p2a: Sunflora|Solar Beam\n|-anim|p2a: Sunflora|Solar Beam|p1a: Krookodile\n|-resisted|p1a: Krookodile\n|-damage|p1a: Krookodile|0 fnt\n|faint|p1a: Krookodile\n|-damage|p2a: Sunflora|146/312|[from] item: Life Orb\n|\n|-weather|SunnyDay|[upkeep]\n|upkeep\n|\n|t:|1783553613\n|switch|p1a: Spiritomb|Spiritomb, L89, F|78/100\n|turn|25\n|inactive|Time left: 300 sec this turn | 300 sec total\n|\n|t:|1783553614\n|move|p1a: Spiritomb|Sucker Punch|p2a: Sunflora\n|-damage|p2a: Sunflora|53/312\n|move|p2a: Sunflora|Solar Beam||[still]\n|-prepare|p2a: Sunflora|Solar Beam\n|-anim|p2a: Sunflora|Solar Beam|p1a: Spiritomb\n|-damage|p1a: Spiritomb|0 fnt\n|faint|p1a: Spiritomb\n|-damage|p2a: Sunflora|22/312|[from] item: Life Orb\n|\n|-weather|SunnyDay|[upkeep]\n|upkeep\n|\n|t:|1783553615\n|switch|p1a: Kleavor|Kleavor, L78, M|100/100\n|turn|26\n|inactive|Time left: 300 sec this turn | 300 sec total\n|\n|t:|1783553616\n|move|p2a: Sunflora|Solar Beam||[still]\n|-prepare|p2a: Sunflora|Solar Beam\n|-anim|p2a: Sunflora|Solar Beam|p1a: Kleavor\n|-damage|p1a: Kleavor|0 fnt\n|faint|p1a: Kleavor\n|-damage|p2a: Sunflora|0 fnt|[from] item: Life Orb\n|faint|p2a: Sunflora\n|\n|-weather|none\n|upkeep\n|inactive|Time left: 300 sec this turn | 300 sec total | 5 sec grace\n|\n|t:|1783553617\n|switch|p1a: Gastrodon|Gastrodon, L86, F|97/100\n|switch|p2a: Frosmoth|Frosmoth, L82, M|249/249\n|turn|27\n|inactive|Time left: 300 sec this turn | 300 sec total\n|\n|t:|1783553618\n|move|p2a: Frosmoth|Quiver Dance|p2a: Frosmoth\n|-boost|p2a: Frosmoth|spa|1\n|-boost|p2a: Frosmoth|spd|1\n|-boost|p2a: Frosmoth|spe|1\n|move|p1a: Gastrodon|Recover|p1a: Gastrodon\n|-heal|p1a: Gastrodon|100/100\n|\n|upkeep\n|turn|28\n|inactive|Time left: 300 sec this turn | 300 sec total\n|\n|t:|1783553618\n|move|p2a: Frosmoth|Ice Beam|p1a: Gastrodon\n|-damage|p1a: Gastrodon|51/100\n|move|p1a: Gastrodon|Clear Smog|p2a: Frosmoth\n|-damage|p2a: Frosmoth|236/249\n|-clearboost|p2a: Frosmoth\n|\n|-heal|p1a: Gastrodon|57/100|[from] item: Leftovers\n|upkeep\n|turn|29\n|inactive|Time left: 300 sec this turn | 300 sec total\n|\n|t:|1783553619\n|move|p2a: Frosmoth|Quiver Dance|p2a: Frosmoth\n|-boost|p2a: Frosmoth|spa|1\n|-boost|p2a: Frosmoth|spd|1\n|-boost|p2a: Frosmoth|spe|1\n|move|p1a: Gastrodon|Recover|p1a: Gastrodon\n|-heal|p1a: Gastrodon|100/100\n|\n|upkeep\n|turn|30\n|inactive|Time left: 300 sec this turn | 300 sec total\n|\n|t:|1783553620\n|move|p2a: Frosmoth|Ice Beam|p1a: Gastrodon\n|-damage|p1a: Gastrodon|45/100\n|move|p1a: Gastrodon|Clear Smog|p2a: Frosmoth\n|-damage|p2a: Frosmoth|224/249\n|-clearboost|p2a: Frosmoth\n|\n|-heal|p1a: Gastrodon|51/100|[from] item: Leftovers\n|upkeep\n|turn|31\n|inactive|Time left: 300 sec this turn | 300 sec total\n|\n|t:|1783553621\n|move|p2a: Frosmoth|Ice Beam|p1a: Gastrodon\n|-damage|p1a: Gastrodon|18/100\n|move|p1a: Gastrodon|Recover|p1a: Gastrodon\n|-heal|p1a: Gastrodon|68/100\n|\n|-heal|p1a: Gastrodon|74/100|[from] item: Leftovers\n|upkeep\n|turn|32\n|inactive|Time left: 300 sec this turn | 300 sec total\n|\n|t:|1783553622\n|move|p2a: Frosmoth|Quiver Dance|p2a: Frosmoth\n|-boost|p2a: Frosmoth|spa|1\n|-boost|p2a: Frosmoth|spd|1\n|-boost|p2a: Frosmoth|spe|1\n|move|p1a: Gastrodon|Recover|p1a: Gastrodon\n|-heal|p1a: Gastrodon|100/100\n|\n|upkeep\n|turn|33\n|inactive|Time left: 300 sec this turn | 300 sec total\n|\n|t:|1783553622\n|move|p2a: Frosmoth|Bug Buzz|p1a: Gastrodon\n|-damage|p1a: Gastrodon|46/100\n|move|p1a: Gastrodon|Clear Smog|p2a: Frosmoth\n|-damage|p2a: Frosmoth|212/249\n|-clearboost|p2a: Frosmoth\n|\n|-heal|p1a: Gastrodon|52/100|[from] item: Leftovers\n|upkeep\n|turn|34\n|inactive|Time left: 300 sec this turn | 300 sec total\n|\n|t:|1783553623\n|move|p2a: Frosmoth|Bug Buzz|p1a: Gastrodon\n|-damage|p1a: Gastrodon|17/100\n|move|p1a: Gastrodon|Earthquake|p2a: Frosmoth\n|-resisted|p2a: Frosmoth\n|-damage|p2a: Frosmoth|143/249\n|\n|-heal|p1a: Gastrodon|23/100|[from] item: Leftovers\n|upkeep\n|turn|35\n|inactive|Time left: 300 sec this turn | 300 sec total\n|\n|t:|1783553624\n|move|p2a: Frosmoth|Ice Beam|p1a: Gastrodon\n|-damage|p1a: Gastrodon|0 fnt\n|faint|p1a: Gastrodon\n|\n|win|p0y1172c2e0", "uploadtime": 1783553624, "views": 0, "rating": 0, "private": 0, "password": null, "_winner": "p0y1172c2e0", "_our_name": "p0y1172c2e0"}