{"id": "battle-gen9randombattle-1663", "formatid": "gen9randombattle", "format": "[Gen 9] Random Battle", "players": ["p0x1663cb0b", "p0y1663709d"], "log": "|init|battle\n|title|p0x1663cb0b vs. p0y1663709d\n|j|\u2606p0x1663cb0b\n|j|\u2606p0y1663709d\n|t:|1783559271\n|gametype|singles\n|player|p1|p0x1663cb0b|265|\n|player|p2|p0y1663709d|101|\n|gen|9\n|tier|[Gen 9] Random Battle\n|rule|Species Clause: Limit one of each Pok\u00e9mon\n|rule|HP Percentage Mod: HP is shown in percentages\n|rule|Sleep Clause Mod: Limit one foe put to sleep\n|rule|Illusion Level Mod: Illusion disguises the Pok\u00e9mon's true level\n|\n|t:|1783559271\n|teamsize|p1|6\n|teamsize|p2|6\n|start\n|switch|p1a: Bruxish|Bruxish, L85, M|254/254\n|switch|p2a: Trevenant|Trevenant, L89, F|100/100\n|turn|1\n|inactive|Battle timer is ON: inactive players will automatically lose when time's up. (requested by p0y1663709d)\n|inactive|Time left: 300 sec this turn | 300 sec total | 60 sec grace\n|inactive|p0x1663cb0b also wants the timer to be on.\n|\n|t:|1783559273\n|switch|p2a: Slaking|Slaking, L84, F|100/100\n|move|p1a: Bruxish|Crunch|p2a: Slaking\n|-damage|p2a: Slaking|68/100\n|\n|upkeep\n|turn|2\n|inactive|Time left: 300 sec this turn | 300 sec total\n|\n|t:|1783559275\n|switch|p1a: Flutter Mane|Flutter Mane, L74|203/203\n|move|p2a: Slaking|Giga Impact|p1a: Flutter Mane\n|-immune|p1a: Flutter Mane\n|\n|upkeep\n|turn|3\n|inactive|Time left: 300 sec this turn | 300 sec total\n|\n|t:|1783559276\n|switch|p2a: Muk|Muk, L86, F|100/100\n|move|p1a: Flutter Mane|Moonblast|p2a: Muk\n|-resisted|p2a: Muk\n|-damage|p2a: Muk|83/100\n|-damage|p1a: Flutter Mane|183/203|[from] item: Life Orb\n|\n|upkeep\n|turn|4\n|inactive|Time left: 300 sec this turn | 300 sec total\n|\n|t:|1783559277\n|-end|p1a: Flutter Mane|Protosynthesis|[silent]\n|switch|p1a: Arboliva|Arboliva, L91, F|290/290\n|move|p2a: Muk|Knock Off|p1a: Arboliva\n|-damage|p1a: Arboliva|181/290\n|-fieldstart|move: Grassy Terrain|[from] ability: Seed Sower|[of] p1a: Arboliva\n|-enditem|p1a: Arboliva|Leftovers|[from] move: Knock Off|[of] p2a: Muk\n|\n|-heal|p2a: Muk|89/100|[from] Grassy Terrain\n|-heal|p1a: Arboliva|199/290|[from] Grassy Terrain\n|upkeep\n|turn|5\n|inactive|Time left: 300 sec this turn | 300 sec total\n|\n|t:|1783559279\n|move|p2a: Muk|Knock Off|p1a: Arboliva\n|-damage|p1a: Arboliva|133/290\n|-status|p1a: Arboliva|psn|[from] ability: Poison Touch|[of] p2a: Muk\n|move|p1a: Arboliva|Strength Sap|p2a: Muk\n|-unboost|p2a: Muk|atk|1\n|-heal|p1a: Arboliva|290/290 psn\n|\n|-heal|p2a: Muk|96/100|[from] Grassy Terrain\n|-damage|p1a: Arboliva|254/290 psn|[from] psn\n|upkeep\n|turn|6\n|inactive|Time left: 300 sec this turn | 300 sec total\n|\n|t:|1783559280\n|move|p2a: Muk|Knock Off|p1a: Arboliva\n|-damage|p1a: Arboliva|207/290 psn\n|move|p1a: Arboliva|Strength Sap|p2a: Muk\n|-unboost|p2a: Muk|atk|1\n|-heal|p1a: Arboliva|290/290 psn\n|\n|-heal|p2a: Muk|100/100|[from] Grassy Terrain\n|-damage|p1a: Arboliva|254/290 psn|[from] psn\n|upkeep\n|turn|7\n|inactive|Time left: 300 sec this turn | 300 sec total\n|\n|t:|1783559281\n|switch|p2a: Trevenant|Trevenant, L89, F|100/100\n|move|p1a: Arboliva|Energy Ball|p2a: Trevenant\n|-resisted|p2a: Trevenant\n|-damage|p2a: Trevenant|68/100\n|\n|-heal|p2a: Trevenant|74/100|[from] Grassy Terrain\n|-heal|p1a: Arboliva|272/290 psn|[from] Grassy Terrain\n|-damage|p1a: Arboliva|236/290 psn|[from] psn\n|upkeep\n|turn|8\n|inactive|Time left: 300 sec this turn | 300 sec total\n|\n|t:|1783559282\n|move|p2a: Trevenant|Drain Punch|p1a: Arboliva\n|-supereffective|p1a: Arboliva\n|-damage|p1a: Arboliva|77/290 psn\n|-heal|p2a: Trevenant|100/100|[from] drain|[of] p1a: Arboliva\n|-damage|p2a: Trevenant|91/100|[from] item: Life Orb\n|move|p1a: Arboliva|Strength Sap|p2a: Trevenant\n|-unboost|p2a: Trevenant|atk|1\n|-heal|p1a: Arboliva|290/290 psn\n|\n|-heal|p2a: Trevenant|97/100|[from] Grassy Terrain\n|-damage|p1a: Arboliva|254/290 psn|[from] psn\n|-fieldend|move: Grassy Terrain\n|upkeep\n|turn|9\n|inactive|Time left: 300 sec this turn | 300 sec total\n|\n|t:|1783559283\n|switch|p2a: Decidueye|Decidueye-Hisui, L87, M|100/100\n|move|p1a: Arboliva|Energy Ball|p2a: Decidueye\n|-resisted|p2a: Decidueye\n|-damage|p2a: Decidueye|79/100\n|\n|-heal|p2a: Decidueye|85/100|[from] item: Leftovers\n|-damage|p1a: Arboliva|218/290 psn|[from] psn\n|upkeep\n|turn|10\n|inactive|Time left: 300 sec this turn | 300 sec total\n|\n|t:|1783559284\n|move|p2a: Decidueye|Triple Arrows|p1a: Arboliva\n|-supereffective|p1a: Arboliva\n|-damage|p1a: Arboliva|2/290 psn\n|-fieldstart|move: Grassy Terrain|[from] ability: Seed Sower|[of] p1a: Arboliva\n|move|p1a: Arboliva|Strength Sap|p2a: Decidueye\n|-unboost|p2a: Decidueye|atk|1\n|-heal|p1a: Arboliva|247/290 psn\n|\n|-heal|p2a: Decidueye|91/100|[from] Grassy Terrain\n|-heal|p2a: Decidueye|97/100|[from] item: Leftovers\n|-heal|p1a: Arboliva|265/290 psn|[from] Grassy Terrain\n|-damage|p1a: Arboliva|229/290 psn|[from] psn\n|upkeep\n|turn|11\n|inactive|Time left: 300 sec this turn | 300 sec total\n|\n|t:|1783559285\n|move|p2a: Decidueye|Triple Arrows|p1a: Arboliva\n|-supereffective|p1a: Arboliva\n|-damage|p1a: Arboliva|89/290 psn\n|-unboost|p1a: Arboliva|def|1\n|move|p1a: Arboliva|Strength Sap|p2a: Decidueye\n|-unboost|p2a: Decidueye|atk|1\n|-heal|p1a: Arboliva|252/290 psn\n|\n|-heal|p2a: Decidueye|100/100|[from] Grassy Terrain\n|-heal|p1a: Arboliva|270/290 psn|[from] Grassy Terrain\n|-damage|p1a: Arboliva|234/290 psn|[from] psn\n|upkeep\n|turn|12\n|inactive|Time left: 300 sec this turn | 300 sec total\n|\n|t:|1783559286\n|switch|p2a: Trevenant|Trevenant, L89, F|97/100\n|switch|p1a: Noctowl|Noctowl, L95, M|344/344\n|\n|-heal|p2a: Trevenant|100/100|[from] Grassy Terrain\n|upkeep\n|turn|13\n|inactive|Time left: 300 sec this turn | 300 sec total\n|\n|t:|1783559287\n|switch|p2a: Slaking|Slaking, L84, F|68/100\n|move|p1a: Noctowl|Hurricane|p2a: Slaking\n|-damage|p2a: Slaking|28/100\n|-start|p2a: Slaking|confusion\n|\n|-heal|p2a: Slaking|34/100|[from] Grassy Terrain\n|upkeep\n|turn|14\n|inactive|Time left: 300 sec this turn | 300 sec total\n|\n|t:|1783559288\n|switch|p1a: Flutter Mane|Flutter Mane, L74|183/203\n|-activate|p2a: Slaking|confusion\n|move|p2a: Slaking|Giga Impact|p1a: Flutter Mane\n|-immune|p1a: Flutter Mane\n|\n|-heal|p1a: Flutter Mane|195/203|[from] Grassy Terrain\n|-heal|p2a: Slaking|40/100|[from] Grassy Terrain\n|-fieldend|move: Grassy Terrain\n|upkeep\n|turn|15\n|inactive|Time left: 300 sec this turn | 300 sec total\n|\n|t:|1783559289\n|switch|p2a: Muk|Muk, L86, F|100/100\n|move|p1a: Flutter Mane|Calm Mind|p1a: Flutter Mane\n|-boost|p1a: Flutter Mane|spa|1\n|-boost|p1a: Flutter Mane|spd|1\n|\n|upkeep\n|turn|16\n|inactive|Time left: 300 sec this turn | 300 sec total\n|\n|t:|1783559290\n|move|p1a: Flutter Mane|Shadow Ball|p2a: Muk\n|-damage|p2a: Muk|56/100\n|-damage|p1a: Flutter Mane|175/203|[from] item: Life Orb\n|move|p2a: Muk|Poison Jab|p1a: Flutter Mane\n|-damage|p1a: Flutter Mane|0 fnt\n|faint|p1a: Flutter Mane\n|-end|p1a: Flutter Mane|Protosynthesis|[silent]\n|\n|upkeep\n|inactive|Time left: 300 sec this turn | 300 sec total | 5 sec grace\n|\n|t:|1783559291\n|switch|p1a: Bruxish|Bruxish, L85, M|254/254\n|turn|17\n|inactive|Time left: 300 sec this turn | 300 sec total\n|\n|t:|1783559292\n|-terastallize|p2a: Muk|Dark\n|move|p1a: Bruxish|Wave Crash|p2a: Muk\n|-damage|p2a: Muk|0 fnt\n|faint|p2a: Muk\n|-damage|p1a: Bruxish|196/254|[from] Recoil\n|\n|upkeep\n|\n|t:|1783559293\n|switch|p2a: Slaking|Slaking, L84, F|40/100\n|turn|18\n|inactive|Time left: 300 sec this turn | 300 sec total\n|\n|t:|1783559293\n|switch|p1a: Noctowl|Noctowl, L95, M|344/344\n|move|p2a: Slaking|Giga Impact|p1a: Noctowl\n|-damage|p1a: Noctowl|0 fnt\n|-mustrecharge|p2a: Slaking\n|faint|p1a: Noctowl\n|\n|upkeep\n|inactive|Time left: 300 sec this turn | 300 sec total | 5 sec grace\n|\n|t:|1783559294\n|switch|p1a: Vaporeon|Vaporeon, L86, M|364/364\n|turn|19\n|inactive|Time left: 300 sec this turn | 300 sec total\n|\n|t:|1783559295\n|cant|p2a: Slaking|recharge\n|move|p1a: Vaporeon|Scald|p2a: Slaking\n|-damage|p2a: Slaking|10/100\n|\n|upkeep\n|turn|20\n|inactive|Time left: 300 sec this turn | 300 sec total\n|\n|t:|1783559296\n|move|p1a: Vaporeon|Protect|p1a: Vaporeon\n|-singleturn|p1a: Vaporeon|Protect\n|move|p2a: Slaking|Giga Impact|p1a: Vaporeon\n|-activate|p1a: Vaporeon|move: Protect\n|\n|upkeep\n|turn|21\n|inactive|Time left: 300 sec this turn | 300 sec total\n|\n|t:|1783559297\n|cant|p2a: Slaking|ability: Truant\n|move|p1a: Vaporeon|Scald|p2a: Slaking\n|-damage|p2a: Slaking|0 fnt\n|faint|p2a: Slaking\n|\n|upkeep\n|\n|t:|1783559298\n|switch|p2a: Decidueye|Decidueye-Hisui, L87, M|100/100\n|turn|22\n|inactive|Time left: 300 sec this turn | 300 sec total\n|\n|t:|1783559299\n|move|p1a: Vaporeon|Ice Beam|p2a: Decidueye\n|-supereffective|p2a: Decidueye\n|-damage|p2a: Decidueye|55/100\n|move|p2a: Decidueye|Leaf Blade|p1a: Vaporeon\n|-supereffective|p1a: Vaporeon\n|-damage|p1a: Vaporeon|76/364\n|\n|-heal|p1a: Vaporeon|98/364|[from] item: Leftovers\n|-heal|p2a: Decidueye|61/100|[from] item: Leftovers\n|upkeep\n|turn|23\n|inactive|Time left: 300 sec this turn | 300 sec total\n|\n|t:|1783559300\n|move|p1a: Vaporeon|Ice Beam|p2a: Decidueye\n|-supereffective|p2a: Decidueye\n|-damage|p2a: Decidueye|18/100\n|move|p2a: Decidueye|Triple Arrows|p1a: Vaporeon\n|-crit|p1a: Vaporeon\n|-damage|p1a: Vaporeon|0 fnt\n|faint|p1a: Vaporeon\n|\n|-heal|p2a: Decidueye|24/100|[from] item: Leftovers\n|upkeep\n|inactive|Time left: 300 sec this turn | 300 sec total | 5 sec grace\n|\n|t:|1783559301\n|switch|p1a: Bruxish|Bruxish, L85, M|196/254\n|turn|24\n|inactive|Time left: 300 sec this turn | 300 sec total\n|\n|t:|1783559302\n|move|p1a: Bruxish|Psychic Fangs|p2a: Decidueye\n|-supereffective|p2a: Decidueye\n|-damage|p2a: Decidueye|0 fnt\n|faint|p2a: Decidueye\n|\n|upkeep\n|\n|t:|1783559303\n|switch|p2a: Meloetta|Meloetta, L82|100/100\n|turn|25\n|inactive|Time left: 300 sec this turn | 300 sec total\n|\n|t:|1783559304\n|move|p1a: Bruxish|Psychic Fangs|p2a: Meloetta\n|-resisted|p2a: Meloetta\n|-damage|p2a: Meloetta|59/100\n|move|p2a: Meloetta|Hyper Voice|p1a: Bruxish\n|-damage|p1a: Bruxish|0 fnt\n|faint|p1a: Bruxish\n|\n|upkeep\n|inactive|Time left: 300 sec this turn | 300 sec total | 5 sec grace\n|\n|t:|1783559305\n|switch|p1a: Cryogonal|Cryogonal, L89|287/287\n|turn|26\n|inactive|Time left: 300 sec this turn | 300 sec total\n|\n|t:|1783559306\n|move|p1a: Cryogonal|Ice Beam|p2a: Meloetta\n|-damage|p2a: Meloetta|32/100\n|move|p2a: Meloetta|Hyper Voice|p1a: Cryogonal\n|-damage|p1a: Cryogonal|166/287\n|\n|upkeep\n|turn|27\n|inactive|Time left: 300 sec this turn | 300 sec total\n|\n|t:|1783559307\n|move|p1a: Cryogonal|Ice Beam|p2a: Meloetta\n|-damage|p2a: Meloetta|3/100\n|move|p2a: Meloetta|Hyper Voice|p1a: Cryogonal\n|-damage|p1a: Cryogonal|46/287\n|\n|upkeep\n|turn|28\n|inactive|Time left: 300 sec this turn | 300 sec total\n|\n|t:|1783559308\n|move|p1a: Cryogonal|Recover|p1a: Cryogonal\n|-heal|p1a: Cryogonal|190/287\n|move|p2a: Meloetta|Hyper Voice|p1a: Cryogonal\n|-damage|p1a: Cryogonal|81/287\n|\n|upkeep\n|turn|29\n|inactive|Time left: 300 sec this turn | 300 sec total\n|\n|t:|1783559309\n|move|p1a: Cryogonal|Ice Beam|p2a: Meloetta\n|-damage|p2a: Meloetta|0 fnt\n|faint|p2a: Meloetta\n|\n|upkeep\n|\n|t:|1783559310\n|switch|p2a: Trevenant|Trevenant, L89, F|100/100\n|turn|30\n|inactive|Time left: 300 sec this turn | 300 sec total\n|\n|t:|1783559311\n|switch|p2a: Gastrodon|Gastrodon-East, L86, F|100/100\n|move|p1a: Cryogonal|Ice Beam|p2a: Gastrodon\n|-damage|p2a: Gastrodon|67/100\n|\n|-heal|p2a: Gastrodon|73/100|[from] item: Leftovers\n|upkeep\n|turn|31\n|inactive|Time left: 300 sec this turn | 300 sec total\n|\n|t:|1783559312\n|move|p1a: Cryogonal|Recover|p1a: Cryogonal\n|-heal|p1a: Cryogonal|225/287\n|move|p2a: Gastrodon|Surf|p1a: Cryogonal\n|-damage|p1a: Cryogonal|155/287\n|\n|-heal|p2a: Gastrodon|79/100|[from] item: Leftovers\n|upkeep\n|turn|32\n|inactive|Time left: 300 sec this turn | 300 sec total\n|\n|t:|1783559313\n|move|p1a: Cryogonal|Ice Beam|p2a: Gastrodon\n|-damage|p2a: Gastrodon|43/100\n|move|p2a: Gastrodon|Surf|p1a: Cryogonal\n|-damage|p1a: Cryogonal|95/287\n|\n|-heal|p2a: Gastrodon|49/100|[from] item: Leftovers\n|upkeep\n|turn|33\n|inactive|Time left: 300 sec this turn | 300 sec total\n|\n|t:|1783559314\n|move|p1a: Cryogonal|Ice Beam|p2a: Gastrodon\n|-damage|p2a: Gastrodon|17/100\n|move|p2a: Gastrodon|Recover|p2a: Gastrodon\n|-heal|p2a: Gastrodon|67/100\n|\n|-heal|p2a: Gastrodon|73/100|[from] item: Leftovers\n|upkeep\n|turn|34\n|inactive|Time left: 300 sec this turn | 300 sec total\n|\n|t:|1783559316\n|move|p1a: Cryogonal|Recover|p1a: Cryogonal\n|-heal|p1a: Cryogonal|239/287\n|move|p2a: Gastrodon|Recover|p2a: Gastrodon\n|-heal|p2a: Gastrodon|100/100\n|\n|upkeep\n|turn|35\n|inactive|Time left: 300 sec this turn | 300 sec total\n|\n|t:|1783559317\n|move|p1a: Cryogonal|Ice Beam|p2a: Gastrodon\n|-damage|p2a: Gastrodon|66/100\n|move|p2a: Gastrodon|Surf|p1a: Cryogonal\n|-crit|p1a: Cryogonal\n|-damage|p1a: Cryogonal|143/287\n|\n|-heal|p2a: Gastrodon|72/100|[from] item: Leftovers\n|upkeep\n|turn|36\n|inactive|Time left: 300 sec this turn | 300 sec total\n|\n|t:|1783559318\n|move|p1a: Cryogonal|Recover|p1a: Cryogonal\n|-heal|p1a: Cryogonal|287/287\n|move|p2a: Gastrodon|Surf|p1a: Cryogonal\n|-damage|p1a: Cryogonal|223/287\n|\n|-heal|p2a: Gastrodon|78/100|[from] item: Leftovers\n|upkeep\n|turn|37\n|inactive|Time left: 300 sec this turn | 300 sec total\n|\n|t:|1783559319\n|move|p1a: Cryogonal|Ice Beam|p2a: Gastrodon\n|-damage|p2a: Gastrodon|44/100\n|move|p2a: Gastrodon|Recover|p2a: Gastrodon\n|-heal|p2a: Gastrodon|94/100\n|\n|-heal|p2a: Gastrodon|100/100|[from] item: Leftovers\n|upkeep\n|turn|38\n|inactive|Time left: 300 sec this turn | 300 sec total\n|\n|t:|1783559320\n|move|p1a: Cryogonal|Ice Beam|p2a: Gastrodon\n|-damage|p2a: Gastrodon|70/100\n|move|p2a: Gastrodon|Surf|p1a: Cryogonal\n|-damage|p1a: Cryogonal|156/287\n|\n|-heal|p2a: Gastrodon|76/100|[from] item: Leftovers\n|upkeep\n|turn|39\n|inactive|Time left: 300 sec this turn | 300 sec total\n|\n|t:|1783559321\n|move|p1a: Cryogonal|Ice Beam|p2a: Gastrodon\n|-damage|p2a: Gastrodon|43/100\n|move|p2a: Gastrodon|Recover|p2a: Gastrodon\n|-heal|p2a: Gastrodon|93/100\n|\n|-heal|p2a: Gastrodon|99/100|[from] item: Leftovers\n|upkeep\n|turn|40\n|inactive|Time left: 300 sec this turn | 300 sec total\n|\n|t:|1783559322\n|move|p1a: Cryogonal|Ice Beam|p2a: Gastrodon\n|-damage|p2a: Gastrodon|65/100\n|move|p2a: Gastrodon|Surf|p1a: Cryogonal\n|-damage|p1a: Cryogonal|87/287\n|\n|-heal|p2a: Gastrodon|71/100|[from] item: Leftovers\n|upkeep\n|turn|41\n|inactive|Time left: 300 sec this turn | 300 sec total\n|\n|t:|1783559323\n|move|p1a: Cryogonal|Recover|p1a: Cryogonal\n|-heal|p1a: Cryogonal|231/287\n|move|p2a: Gastrodon|Surf|p1a: Cryogonal\n|-damage|p1a: Cryogonal|161/287\n|\n|-heal|p2a: Gastrodon|77/100|[from] item: Leftovers\n|upkeep\n|turn|42\n|inactive|Time left: 300 sec this turn | 300 sec total\n|\n|t:|1783559324\n|move|p1a: Cryogonal|Ice Beam|p2a: Gastrodon\n|-damage|p2a: Gastrodon|47/100\n|move|p2a: Gastrodon|Surf|p1a: Cryogonal\n|-damage|p1a: Cryogonal|100/287\n|\n|-heal|p2a: Gastrodon|53/100|[from] item: Leftovers\n|upkeep\n|turn|43\n|inactive|Time left: 300 sec this turn | 300 sec total\n|\n|t:|1783559325\n|move|p1a: Cryogonal|Ice Beam|p2a: Gastrodon\n|-damage|p2a: Gastrodon|22/100\n|move|p2a: Gastrodon|Recover|p2a: Gastrodon\n|-heal|p2a: Gastrodon|72/100\n|\n|-heal|p2a: Gastrodon|78/100|[from] item: Leftovers\n|upkeep\n|turn|44\n|inactive|Time left: 300 sec this turn | 300 sec total\n|\n|t:|1783559326\n|move|p1a: Cryogonal|Recover|p1a: Cryogonal\n|-heal|p1a: Cryogonal|244/287\n|move|p2a: Gastrodon|Recover|p2a: Gastrodon\n|-heal|p2a: Gastrodon|100/100\n|\n|upkeep\n|turn|45\n|inactive|Time left: 300 sec this turn | 300 sec total\n|\n|t:|1783559327\n|move|p1a: Cryogonal|Ice Beam|p2a: Gastrodon\n|-damage|p2a: Gastrodon|68/100\n|move|p2a: Gastrodon|Surf|p1a: Cryogonal\n|-damage|p1a: Cryogonal|180/287\n|\n|-heal|p2a: Gastrodon|74/100|[from] item: Leftovers\n|upkeep\n|turn|46\n|inactive|Time left: 300 sec this turn | 300 sec total\n|\n|t:|1783559327\n|move|p1a: Cryogonal|Ice Beam|p2a: Gastrodon\n|-damage|p2a: Gastrodon|39/100\n|move|p2a: Gastrodon|Recover|p2a: Gastrodon\n|-heal|p2a: Gastrodon|89/100\n|\n|-heal|p2a: Gastrodon|95/100|[from] item: Leftovers\n|upkeep\n|turn|47\n|inactive|Time left: 300 sec this turn | 300 sec total\n|\n|t:|1783559328\n|switch|p2a: Trevenant|Trevenant, L89, F|100/100\n|move|p1a: Cryogonal|Ice Beam|p2a: Trevenant\n|-supereffective|p2a: Trevenant\n|-damage|p2a: Trevenant|30/100\n|\n|upkeep\n|turn|48\n|inactive|Time left: 300 sec this turn | 300 sec total\n|\n|t:|1783559329\n|-terastallize|p1a: Cryogonal|Electric\n|move|p1a: Cryogonal|Tera Blast|p2a: Trevenant|[anim] Tera Blast Electric\n|-resisted|p2a: Trevenant\n|-damage|p2a: Trevenant|13/100\n|move|p2a: Trevenant|Drain Punch|p1a: Cryogonal\n|-damage|p1a: Cryogonal|51/287\n|-heal|p2a: Trevenant|35/100|[from] drain|[of] p1a: Cryogonal\n|-damage|p2a: Trevenant|25/100|[from] item: Life Orb\n|\n|upkeep\n|turn|49\n|inactive|Time left: 300 sec this turn | 300 sec total\n|\n|t:|1783559330\n|switch|p2a: Gastrodon|Gastrodon-East, L86, F|95/100\n|move|p1a: Cryogonal|Tera Blast|p2a: Gastrodon|[anim] Tera Blast Electric\n|-immune|p2a: Gastrodon\n|\n|-heal|p2a: Gastrodon|100/100|[from] item: Leftovers\n|upkeep\n|turn|50\n|inactive|Time left: 300 sec this turn | 300 sec total\n|\n|t:|1783559331\n|switch|p2a: Trevenant|Trevenant, L89, F|25/100\n|move|p1a: Cryogonal|Recover|p1a: Cryogonal\n|-heal|p1a: Cryogonal|195/287\n|\n|upkeep\n|turn|51\n|inactive|Time left: 300 sec this turn | 300 sec total\n|\n|t:|1783559332\n|move|p1a: Cryogonal|Tera Blast|p2a: Trevenant|[anim] Tera Blast Electric\n|-resisted|p2a: Trevenant\n|-damage|p2a: Trevenant|9/100\n|move|p2a: Trevenant|Drain Punch|p1a: Cryogonal\n|-damage|p1a: Cryogonal|68/287\n|-heal|p2a: Trevenant|30/100|[from] drain|[of] p1a: Cryogonal\n|-damage|p2a: Trevenant|20/100|[from] item: Life Orb\n|\n|upkeep\n|turn|52\n|inactive|Time left: 300 sec this turn | 300 sec total\n|\n|t:|1783559333\n|switch|p2a: Gastrodon|Gastrodon-East, L86, F|100/100\n|move|p1a: Cryogonal|Tera Blast|p2a: Gastrodon|[anim] Tera Blast Electric\n|-immune|p2a: Gastrodon\n|\n|upkeep\n|turn|53\n|inactive|Time left: 300 sec this turn | 300 sec total\n|\n|t:|1783559334\n|switch|p2a: Trevenant|Trevenant, L89, F|20/100\n|move|p1a: Cryogonal|Recover|p1a: Cryogonal\n|-heal|p1a: Cryogonal|212/287\n|\n|upkeep\n|turn|54\n|inactive|Time left: 300 sec this turn | 300 sec total\n|\n|t:|1783559335\n|move|p1a: Cryogonal|Tera Blast|p2a: Trevenant|[anim] Tera Blast Electric\n|-resisted|p2a: Trevenant\n|-damage|p2a: Trevenant|6/100\n|move|p2a: Trevenant|Drain Punch|p1a: Cryogonal\n|-damage|p1a: Cryogonal|91/287\n|-heal|p2a: Trevenant|26/100|[from] drain|[of] p1a: Cryogonal\n|-damage|p2a: Trevenant|16/100|[from] item: Life Orb\n|\n|upkeep\n|turn|55\n|inactive|Time left: 300 sec this turn | 300 sec total\n|\n|t:|1783559336\n|switch|p2a: Gastrodon|Gastrodon-East, L86, F|100/100\n|move|p1a: Cryogonal|Tera Blast|p2a: Gastrodon|[anim] Tera Blast Electric\n|-immune|p2a: Gastrodon\n|\n|upkeep\n|turn|56\n|inactive|Time left: 300 sec this turn | 300 sec total\n|\n|t:|1783559337\n|switch|p2a: Trevenant|Trevenant, L89, F|16/100\n|move|p1a: Cryogonal|Tera Blast|p2a: Trevenant|[anim] Tera Blast Electric\n|-resisted|p2a: Trevenant\n|-damage|p2a: Trevenant|1/100\n|\n|upkeep\n|turn|57\n|inactive|Time left: 300 sec this turn | 300 sec total\n|\n|t:|1783559338\n|switch|p2a: Gastrodon|Gastrodon-East, L86, F|100/100\n|move|p1a: Cryogonal|Tera Blast|p2a: Gastrodon|[anim] Tera Blast Electric\n|-immune|p2a: Gastrodon\n|\n|upkeep\n|turn|58\n|inactive|Time left: 300 sec this turn | 300 sec total\n|\n|t:|1783559339\n|switch|p1a: Arboliva|Arboliva, L91, F|234/290 psn\n|move|p2a: Gastrodon|Clear Smog|p1a: Arboliva\n|-supereffective|p1a: Arboliva\n|-damage|p1a: Arboliva|176/290 psn\n|-clearboost|p1a: Arboliva\n|-fieldstart|move: Grassy Terrain|[from] ability: Seed Sower|[of] p1a: Arboliva\n|\n|-heal|p1a: Arboliva|194/290 psn|[from] Grassy Terrain\n|-damage|p1a: Arboliva|158/290 psn|[from] psn\n|upkeep\n|turn|59\n|inactive|Time left: 300 sec this turn | 300 sec total\n|\n|t:|1783559340\n|move|p1a: Arboliva|Strength Sap|p2a: Gastrodon\n|-unboost|p2a: Gastrodon|atk|1\n|-heal|p1a: Arboliva|290/290 psn\n|move|p2a: Gastrodon|Surf|p1a: Arboliva\n|-resisted|p1a: Arboliva\n|-damage|p1a: Arboliva|255/290 psn\n|\n|-heal|p1a: Arboliva|273/290 psn|[from] Grassy Terrain\n|-damage|p1a: Arboliva|237/290 psn|[from] psn\n|upkeep\n|turn|60\n|inactive|Time left: 300 sec this turn | 300 sec total\n|\n|t:|1783559341\n|switch|p2a: Trevenant|Trevenant, L89, F|1/100\n|move|p1a: Arboliva|Energy Ball|p2a: Trevenant\n|-resisted|p2a: Trevenant\n|-damage|p2a: Trevenant|0 fnt\n|faint|p2a: Trevenant\n|\n|-heal|p1a: Arboliva|255/290 psn|[from] Grassy Terrain\n|-damage|p1a: Arboliva|219/290 psn|[from] psn\n|upkeep\n|\n|t:|1783559342\n|switch|p2a: Gastrodon|Gastrodon-East, L86, F|100/100\n|turn|61\n|inactive|Time left: 300 sec this turn | 300 sec total\n|\n|t:|1783559343\n|move|p1a: Arboliva|Energy Ball|p2a: Gastrodon\n|-supereffective|p2a: Gastrodon\n|-damage|p2a: Gastrodon|0 fnt\n|faint|p2a: Gastrodon\n|\n|win|p0x1663cb0b", "uploadtime": 1783559343, "views": 0, "rating": 0, "private": 0, "password": null, "_winner": "p0x1663cb0b", "_our_name": "p0x1663cb0b"}