{"id": "battle-gen9randombattle-1954", "formatid": "gen9randombattle", "format": "[Gen 9] Random Battle", "players": ["p0x195406e6", "p0y195466a3"], "log": "|init|battle\n|title|p0x195406e6 vs. p0y195466a3\n|j|\u2606p0x195406e6\n|j|\u2606p0y195466a3\n|t:|1783561855\n|gametype|singles\n|player|p1|p0x195406e6|266|\n|player|p2|p0y195466a3|1|\n|gen|9\n|tier|[Gen 9] Random Battle\n|rule|Species Clause: Limit one of each Pok\u00e9mon\n|rule|HP Percentage Mod: HP is shown in percentages\n|rule|Sleep Clause Mod: Limit one foe put to sleep\n|rule|Illusion Level Mod: Illusion disguises the Pok\u00e9mon's true level\n|\n|t:|1783561855\n|teamsize|p1|6\n|teamsize|p2|6\n|start\n|switch|p1a: Morpeko|Morpeko, L88, M|100/100\n|switch|p2a: Pincurchin|Pincurchin, M|258/258\n|-fieldstart|move: Electric Terrain|[from] ability: Electric Surge|[of] p2a: Pincurchin\n|turn|1\n|inactive|Battle timer is ON: inactive players will automatically lose when time's up. (requested by p0y195466a3)\n|inactive|p0x195406e6 also wants the timer to be on.\n|\n|t:|1783561857\n|move|p1a: Morpeko|Parting Shot|p2a: Pincurchin\n|-unboost|p2a: Pincurchin|atk|1\n|-unboost|p2a: Pincurchin|spa|1\n|\n|t:|1783561858\n|switch|p1a: Toxtricity|Toxtricity, L82, F|100/100|[from] Parting Shot\n|move|p2a: Pincurchin|Thunderbolt|p1a: Toxtricity\n|-resisted|p1a: Toxtricity\n|-damage|p1a: Toxtricity|74/100\n|\n|upkeep\n|turn|2\n|inactive|Time left: 300 sec this turn | 300 sec total\n|\n|t:|1783561860\n|switch|p2a: Tyranitar|Tyranitar, L78, F|284/284\n|-weather|Sandstorm|[from] ability: Sand Stream|[of] p2a: Tyranitar\n|move|p1a: Toxtricity|Boomburst|p2a: Tyranitar\n|-resisted|p2a: Tyranitar\n|-damage|p2a: Tyranitar|214/284\n|\n|-weather|Sandstorm|[upkeep]\n|-damage|p1a: Toxtricity|67/100|[from] Sandstorm\n|-heal|p2a: Tyranitar|231/284|[from] item: Leftovers\n|upkeep\n|turn|3\n|inactive|Time left: 300 sec this turn | 300 sec total\n|\n|t:|1783561861\n|switch|p1a: Keldeo|Keldeo-Resolute, L79|100/100\n|move|p2a: Tyranitar|Knock Off|p1a: Keldeo\n|-resisted|p1a: Keldeo\n|-damage|p1a: Keldeo|79/100\n|-ability|p1a: Keldeo|Justified|boost\n|-boost|p1a: Keldeo|atk|1\n|-enditem|p1a: Keldeo|Choice Specs|[from] move: Knock Off|[of] p2a: Tyranitar\n|\n|-weather|Sandstorm|[upkeep]\n|-damage|p1a: Keldeo|72/100|[from] Sandstorm\n|-heal|p2a: Tyranitar|248/284|[from] item: Leftovers\n|upkeep\n|turn|4\n|inactive|Time left: 300 sec this turn | 300 sec total\n|\n|t:|1783561862\n|switch|p2a: Gastrodon|Gastrodon-East, L86, M|331/331\n|move|p1a: Keldeo|Secret Sword|p2a: Gastrodon\n|-damage|p2a: Gastrodon|216/331\n|\n|-weather|Sandstorm|[upkeep]\n|-damage|p1a: Keldeo|66/100|[from] Sandstorm\n|-heal|p2a: Gastrodon|236/331|[from] item: Leftovers\n|upkeep\n|turn|5\n|inactive|Time left: 300 sec this turn | 300 sec total\n|\n|t:|1783561863\n|move|p1a: Keldeo|Secret Sword|p2a: Gastrodon\n|-damage|p2a: Gastrodon|109/331\n|move|p2a: Gastrodon|Earthquake|p1a: Keldeo\n|-damage|p1a: Keldeo|25/100\n|\n|-weather|Sandstorm|[upkeep]\n|-damage|p1a: Keldeo|19/100|[from] Sandstorm\n|-heal|p2a: Gastrodon|129/331|[from] item: Leftovers\n|-fieldend|move: Electric Terrain\n|upkeep\n|turn|6\n|inactive|Time left: 300 sec this turn | 300 sec total\n|\n|t:|1783561864\n|move|p1a: Keldeo|Secret Sword|p2a: Gastrodon\n|-damage|p2a: Gastrodon|12/331\n|move|p2a: Gastrodon|Recover|p2a: Gastrodon\n|-heal|p2a: Gastrodon|178/331\n|\n|-weather|none\n|-heal|p2a: Gastrodon|198/331|[from] item: Leftovers\n|upkeep\n|turn|7\n|inactive|Time left: 300 sec this turn | 300 sec total\n|\n|t:|1783561865\n|move|p1a: Keldeo|Secret Sword|p2a: Gastrodon\n|-damage|p2a: Gastrodon|89/331\n|move|p2a: Gastrodon|Recover|p2a: Gastrodon\n|-heal|p2a: Gastrodon|255/331\n|\n|-heal|p2a: Gastrodon|275/331|[from] item: Leftovers\n|upkeep\n|turn|8\n|inactive|Time left: 300 sec this turn | 300 sec total\n|\n|t:|1783561866\n|move|p1a: Keldeo|Secret Sword|p2a: Gastrodon\n|-damage|p2a: Gastrodon|146/331\n|move|p2a: Gastrodon|Earthquake|p1a: Keldeo\n|-damage|p1a: Keldeo|0 fnt\n|faint|p1a: Keldeo\n|\n|-heal|p2a: Gastrodon|166/331|[from] item: Leftovers\n|upkeep\n|\n|t:|1783561867\n|switch|p1a: Cloyster|Cloyster, L80, F|100/100\n|turn|9\n|inactive|Time left: 300 sec this turn | 300 sec total\n|\n|t:|1783561868\n|move|p1a: Cloyster|Shell Smash|p1a: Cloyster\n|-unboost|p1a: Cloyster|def|1\n|-unboost|p1a: Cloyster|spd|1\n|-boost|p1a: Cloyster|atk|2\n|-boost|p1a: Cloyster|spa|2\n|-boost|p1a: Cloyster|spe|2\n|-enditem|p1a: Cloyster|White Herb\n|-clearnegativeboost|p1a: Cloyster|[silent]\n|move|p2a: Gastrodon|Clear Smog|p1a: Cloyster\n|-damage|p1a: Cloyster|72/100\n|-clearboost|p1a: Cloyster\n|\n|-heal|p2a: Gastrodon|186/331|[from] item: Leftovers\n|upkeep\n|turn|10\n|inactive|Time left: 300 sec this turn | 300 sec total\n|\n|t:|1783561870\n|move|p1a: Cloyster|Icicle Spear|p2a: Gastrodon\n|-damage|p2a: Gastrodon|156/331\n|-damage|p2a: Gastrodon|128/331\n|-damage|p2a: Gastrodon|98/331\n|-damage|p2a: Gastrodon|70/331\n|-damage|p2a: Gastrodon|39/331\n|-hitcount|p2a: Gastrodon|5\n|move|p2a: Gastrodon|Clear Smog|p1a: Cloyster\n|-damage|p1a: Cloyster|42/100\n|-clearboost|p1a: Cloyster\n|\n|-heal|p2a: Gastrodon|59/331|[from] item: Leftovers\n|upkeep\n|turn|11\n|inactive|Time left: 300 sec this turn | 300 sec total\n|\n|t:|1783561871\n|switch|p2a: Copperajah|Copperajah, L86, M|350/350\n|move|p1a: Cloyster|Icicle Spear|p2a: Copperajah\n|-resisted|p2a: Copperajah\n|-damage|p2a: Copperajah|335/350\n|-resisted|p2a: Copperajah\n|-damage|p2a: Copperajah|321/350\n|-resisted|p2a: Copperajah\n|-damage|p2a: Copperajah|307/350\n|-resisted|p2a: Copperajah\n|-damage|p2a: Copperajah|292/350\n|-resisted|p2a: Copperajah\n|-damage|p2a: Copperajah|277/350\n|-hitcount|p2a: Copperajah|5\n|\n|upkeep\n|turn|12\n|inactive|Time left: 300 sec this turn | 300 sec total\n|\n|t:|1783561872\n|move|p1a: Cloyster|Hydro Pump|p2a: Copperajah\n|-damage|p2a: Copperajah|165/350\n|move|p2a: Copperajah|Iron Head|p1a: Cloyster\n|-damage|p1a: Cloyster|0 fnt\n|faint|p1a: Cloyster\n|\n|upkeep\n|\n|t:|1783561873\n|switch|p1a: Okidogi|Okidogi, L77, M|100/100\n|turn|13\n|inactive|Time left: 300 sec this turn | 300 sec total\n|\n|t:|1783561874\n|move|p1a: Okidogi|Drain Punch|p2a: Copperajah\n|-supereffective|p2a: Copperajah\n|-damage|p2a: Copperajah|0 fnt\n|faint|p2a: Copperajah\n|\n|upkeep\n|inactive|Time left: 300 sec this turn | 300 sec total | 5 sec grace\n|\n|t:|1783561875\n|switch|p2a: Pincurchin|Pincurchin, M|258/258\n|-fieldstart|move: Electric Terrain|[from] ability: Electric Surge|[of] p2a: Pincurchin\n|turn|14\n|inactive|Time left: 300 sec this turn | 300 sec total\n|\n|t:|1783561876\n|move|p1a: Okidogi|Gunk Shot|p2a: Pincurchin\n|-damage|p2a: Pincurchin|147/258\n|-status|p2a: Pincurchin|psn\n|move|p2a: Pincurchin|Thunderbolt|p1a: Okidogi\n|-damage|p1a: Okidogi|51/100\n|\n|-heal|p2a: Pincurchin|163/258 psn|[from] item: Leftovers\n|-damage|p2a: Pincurchin|131/258 psn|[from] psn\n|upkeep\n|turn|15\n|inactive|Time left: 300 sec this turn | 300 sec total\n|\n|t:|1783561876\n|move|p1a: Okidogi|Gunk Shot|p2a: Pincurchin\n|-damage|p2a: Pincurchin|34/258 psn\n|move|p2a: Pincurchin|Recover|p2a: Pincurchin\n|-heal|p2a: Pincurchin|163/258 psn\n|\n|-heal|p2a: Pincurchin|179/258 psn|[from] item: Leftovers\n|-damage|p2a: Pincurchin|147/258 psn|[from] psn\n|upkeep\n|turn|16\n|inactive|Time left: 300 sec this turn | 300 sec total\n|\n|t:|1783561877\n|move|p1a: Okidogi|Drain Punch|p2a: Pincurchin\n|-damage|p2a: Pincurchin|77/258 psn\n|-heal|p1a: Okidogi|65/100|[from] drain|[of] p2a: Pincurchin\n|move|p2a: Pincurchin|Thunderbolt|p1a: Okidogi\n|-damage|p1a: Okidogi|14/100\n|\n|-heal|p2a: Pincurchin|93/258 psn|[from] item: Leftovers\n|-damage|p2a: Pincurchin|61/258 psn|[from] psn\n|upkeep\n|turn|17\n|inactive|Time left: 300 sec this turn | 300 sec total\n|\n|t:|1783561878\n|switch|p2a: Dondozo|Dondozo, L78, M|362/362\n|move|p1a: Okidogi|Drain Punch|p2a: Dondozo\n|-damage|p2a: Dondozo|283/362\n|-heal|p1a: Okidogi|29/100|[from] drain|[of] p2a: Dondozo\n|\n|-heal|p2a: Dondozo|305/362|[from] item: Leftovers\n|upkeep\n|turn|18\n|inactive|Time left: 300 sec this turn | 300 sec total\n|\n|t:|1783561879\n|move|p1a: Okidogi|Drain Punch|p2a: Dondozo\n|-damage|p2a: Dondozo|233/362\n|-heal|p1a: Okidogi|43/100|[from] drain|[of] p2a: Dondozo\n|move|p2a: Dondozo|Wave Crash|p1a: Okidogi\n|-damage|p1a: Okidogi|5/100\n|-damage|p2a: Dondozo|200/362|[from] Recoil\n|\n|-heal|p2a: Dondozo|222/362|[from] item: Leftovers\n|-fieldend|move: Electric Terrain\n|upkeep\n|turn|19\n|inactive|Time left: 300 sec this turn | 300 sec total\n|\n|t:|1783561881\n|move|p1a: Okidogi|Drain Punch|p2a: Dondozo\n|-damage|p2a: Dondozo|152/362\n|-heal|p1a: Okidogi|18/100|[from] drain|[of] p2a: Dondozo\n|-status|p2a: Dondozo|tox|[from] ability: Toxic Chain|[of] p1a: Okidogi\n|move|p2a: Dondozo|Wave Crash|p1a: Okidogi\n|-damage|p1a: Okidogi|0 fnt\n|faint|p1a: Okidogi\n|-damage|p2a: Dondozo|136/362 tox|[from] Recoil\n|\n|-heal|p2a: Dondozo|158/362 tox|[from] item: Leftovers\n|-damage|p2a: Dondozo|136/362 tox|[from] psn\n|upkeep\n|\n|t:|1783561882\n|switch|p1a: Morpeko|Morpeko, L88, M|100/100\n|turn|20\n|inactive|Time left: 300 sec this turn | 300 sec total\n|\n|t:|1783561883\n|move|p1a: Morpeko|Aura Wheel|p2a: Dondozo\n|-supereffective|p2a: Dondozo\n|-damage|p2a: Dondozo|0 fnt\n|-boost|p1a: Morpeko|spe|1\n|faint|p2a: Dondozo\n|\n|-formechange|p1a: Morpeko|Morpeko-Hangry||[from] ability: Hunger Switch\n|upkeep\n|inactive|Time left: 300 sec this turn | 300 sec total | 5 sec grace\n|\n|t:|1783561883\n|switch|p2a: Tyranitar|Tyranitar, L78, F|248/284\n|-weather|Sandstorm|[from] ability: Sand Stream|[of] p2a: Tyranitar\n|turn|21\n|inactive|Time left: 300 sec this turn | 300 sec total\n|\n|t:|1783561884\n|move|p1a: Morpeko|Parting Shot|p2a: Tyranitar\n|-unboost|p2a: Tyranitar|atk|1\n|-unboost|p2a: Tyranitar|spa|1\n|\n|t:|1783561885\n|switch|p1a: Vigoroth|Vigoroth, L85, F|100/100|[from] Parting Shot\n|move|p2a: Tyranitar|Knock Off|p1a: Vigoroth\n|-damage|p1a: Vigoroth|79/100\n|-enditem|p1a: Vigoroth|Eviolite|[from] move: Knock Off|[of] p2a: Tyranitar\n|\n|-weather|Sandstorm|[upkeep]\n|-damage|p1a: Vigoroth|73/100|[from] Sandstorm\n|-heal|p2a: Tyranitar|265/284|[from] item: Leftovers\n|upkeep\n|turn|22\n|inactive|Time left: 300 sec this turn | 300 sec total\n|\n|t:|1783561887\n|move|p1a: Vigoroth|Bulk Up|p1a: Vigoroth\n|-boost|p1a: Vigoroth|atk|1\n|-boost|p1a: Vigoroth|def|1\n|move|p2a: Tyranitar|Stone Edge|p1a: Vigoroth|[miss]\n|-miss|p2a: Tyranitar|p1a: Vigoroth\n|\n|-weather|Sandstorm|[upkeep]\n|-damage|p1a: Vigoroth|67/100|[from] Sandstorm\n|-heal|p2a: Tyranitar|282/284|[from] item: Leftovers\n|upkeep\n|turn|23\n|inactive|Time left: 300 sec this turn | 300 sec total\n|\n|t:|1783561888\n|switch|p2a: Jumpluff|Jumpluff, L87, M|271/271\n|move|p1a: Vigoroth|Bulk Up|p1a: Vigoroth\n|-boost|p1a: Vigoroth|atk|1\n|-boost|p1a: Vigoroth|def|1\n|\n|-weather|Sandstorm|[upkeep]\n|-damage|p2a: Jumpluff|255/271|[from] Sandstorm\n|-damage|p1a: Vigoroth|61/100|[from] Sandstorm\n|upkeep\n|turn|24\n|inactive|Time left: 300 sec this turn | 300 sec total\n|\n|t:|1783561889\n|move|p2a: Jumpluff|Encore|p1a: Vigoroth\n|-start|p1a: Vigoroth|Encore\n|move|p1a: Vigoroth|Bulk Up|p1a: Vigoroth\n|-boost|p1a: Vigoroth|atk|1\n|-boost|p1a: Vigoroth|def|1\n|\n|-weather|Sandstorm|[upkeep]\n|-damage|p2a: Jumpluff|239/271|[from] Sandstorm\n|-damage|p1a: Vigoroth|55/100|[from] Sandstorm\n|upkeep\n|turn|25\n|inactive|Time left: 300 sec this turn | 300 sec total\n|\n|t:|1783561890\n|switch|p2a: Gastrodon|Gastrodon-East, L86, M|59/331\n|move|p1a: Vigoroth|Bulk Up|p1a: Vigoroth\n|-boost|p1a: Vigoroth|atk|1\n|-boost|p1a: Vigoroth|def|1\n|\n|-weather|none\n|-heal|p2a: Gastrodon|79/331|[from] item: Leftovers\n|upkeep\n|turn|26\n|inactive|Time left: 300 sec this turn | 300 sec total\n|\n|t:|1783561891\n|move|p1a: Vigoroth|Bulk Up|p1a: Vigoroth\n|-boost|p1a: Vigoroth|atk|1\n|-boost|p1a: Vigoroth|def|1\n|move|p2a: Gastrodon|Clear Smog|p1a: Vigoroth\n|-damage|p1a: Vigoroth|37/100\n|-clearboost|p1a: Vigoroth\n|\n|-heal|p2a: Gastrodon|99/331|[from] item: Leftovers\n|-end|p1a: Vigoroth|Encore\n|upkeep\n|turn|27\n|inactive|Time left: 300 sec this turn | 300 sec total\n|\n|t:|1783561892\n|move|p1a: Vigoroth|Body Slam|p2a: Gastrodon\n|-damage|p2a: Gastrodon|0 fnt\n|faint|p2a: Gastrodon\n|\n|upkeep\n|inactive|Time left: 300 sec this turn | 300 sec total | 5 sec grace\n|\n|t:|1783561893\n|switch|p2a: Tyranitar|Tyranitar, L78, F|282/284\n|-weather|Sandstorm|[from] ability: Sand Stream|[of] p2a: Tyranitar\n|turn|28\n|inactive|Time left: 300 sec this turn | 300 sec total\n|\n|t:|1783561894\n|move|p1a: Vigoroth|Slack Off|p1a: Vigoroth\n|-heal|p1a: Vigoroth|87/100\n|move|p2a: Tyranitar|Earthquake|p1a: Vigoroth\n|-damage|p1a: Vigoroth|59/100\n|\n|-weather|Sandstorm|[upkeep]\n|-damage|p1a: Vigoroth|52/100|[from] Sandstorm\n|-heal|p2a: Tyranitar|284/284|[from] item: Leftovers\n|upkeep\n|turn|29\n|inactive|Time left: 300 sec this turn | 300 sec total\n|\n|t:|1783561895\n|move|p1a: Vigoroth|Slack Off|p1a: Vigoroth\n|-heal|p1a: Vigoroth|100/100\n|move|p2a: Tyranitar|Stone Edge|p1a: Vigoroth\n|-damage|p1a: Vigoroth|50/100\n|\n|-weather|Sandstorm|[upkeep]\n|-damage|p1a: Vigoroth|44/100|[from] Sandstorm\n|upkeep\n|turn|30\n|inactive|Time left: 300 sec this turn | 300 sec total\n|\n|t:|1783561896\n|move|p1a: Vigoroth|Slack Off|p1a: Vigoroth\n|-heal|p1a: Vigoroth|94/100\n|move|p2a: Tyranitar|Knock Off|p1a: Vigoroth\n|-damage|p1a: Vigoroth|65/100\n|\n|-weather|Sandstorm|[upkeep]\n|-damage|p1a: Vigoroth|59/100|[from] Sandstorm\n|upkeep\n|turn|31\n|inactive|Time left: 300 sec this turn | 300 sec total\n|\n|t:|1783561897\n|move|p1a: Vigoroth|Bulk Up|p1a: Vigoroth\n|-boost|p1a: Vigoroth|atk|1\n|-boost|p1a: Vigoroth|def|1\n|move|p2a: Tyranitar|Stone Edge|p1a: Vigoroth\n|-damage|p1a: Vigoroth|26/100\n|\n|-weather|Sandstorm|[upkeep]\n|-damage|p1a: Vigoroth|19/100|[from] Sandstorm\n|upkeep\n|turn|32\n|inactive|Time left: 300 sec this turn | 300 sec total\n|\n|t:|1783561898\n|move|p1a: Vigoroth|Slack Off|p1a: Vigoroth\n|-heal|p1a: Vigoroth|70/100\n|move|p2a: Tyranitar|Stone Edge|p1a: Vigoroth\n|-damage|p1a: Vigoroth|37/100\n|\n|-weather|none\n|upkeep\n|turn|33\n|inactive|Time left: 300 sec this turn | 300 sec total\n|\n|t:|1783561899\n|move|p1a: Vigoroth|Slack Off|p1a: Vigoroth\n|-heal|p1a: Vigoroth|87/100\n|move|p2a: Tyranitar|Stone Edge|p1a: Vigoroth\n|-damage|p1a: Vigoroth|55/100\n|\n|upkeep\n|turn|34\n|inactive|Time left: 300 sec this turn | 300 sec total\n|\n|t:|1783561900\n|move|p1a: Vigoroth|Bulk Up|p1a: Vigoroth\n|-boost|p1a: Vigoroth|atk|1\n|-boost|p1a: Vigoroth|def|1\n|move|p2a: Tyranitar|Stone Edge|p1a: Vigoroth\n|-damage|p1a: Vigoroth|33/100\n|\n|upkeep\n|turn|35\n|inactive|Time left: 300 sec this turn | 300 sec total\n|\n|t:|1783561901\n|switch|p2a: Jumpluff|Jumpluff, L87, M|239/271\n|move|p1a: Vigoroth|Slack Off|p1a: Vigoroth\n|-heal|p1a: Vigoroth|83/100\n|\n|upkeep\n|turn|36\n|inactive|Time left: 300 sec this turn | 300 sec total\n|\n|t:|1783561902\n|move|p2a: Jumpluff|Encore|p1a: Vigoroth\n|-start|p1a: Vigoroth|Encore\n|move|p1a: Vigoroth|Slack Off|p1a: Vigoroth\n|-heal|p1a: Vigoroth|100/100\n|\n|upkeep\n|turn|37\n|inactive|Time left: 300 sec this turn | 300 sec total\n|\n|t:|1783561903\n|switch|p2a: Tyranitar|Tyranitar, L78, F|284/284\n|-weather|Sandstorm|[from] ability: Sand Stream|[of] p2a: Tyranitar\n|switch|p1a: Morpeko|Morpeko, L88, M|100/100\n|\n|-weather|Sandstorm|[upkeep]\n|-damage|p1a: Morpeko|94/100|[from] Sandstorm\n|-formechange|p1a: Morpeko|Morpeko-Hangry||[from] ability: Hunger Switch\n|upkeep\n|turn|38\n|inactive|Time left: 300 sec this turn | 300 sec total\n|\n|t:|1783561903\n|move|p1a: Morpeko|Parting Shot|p2a: Tyranitar\n|-unboost|p2a: Tyranitar|atk|1\n|-unboost|p2a: Tyranitar|spa|1\n|\n|t:|1783561904\n|switch|p1a: Vigoroth|Vigoroth, L85, F|100/100|[from] Parting Shot\n|move|p2a: Tyranitar|Earthquake|p1a: Vigoroth\n|-damage|p1a: Vigoroth|80/100\n|\n|-weather|Sandstorm|[upkeep]\n|-damage|p1a: Vigoroth|74/100|[from] Sandstorm\n|upkeep\n|turn|39\n|inactive|Time left: 300 sec this turn | 300 sec total\n|\n|t:|1783561905\n|switch|p2a: Jumpluff|Jumpluff, L87, M|239/271\n|move|p1a: Vigoroth|Bulk Up|p1a: Vigoroth\n|-boost|p1a: Vigoroth|atk|1\n|-boost|p1a: Vigoroth|def|1\n|\n|-weather|Sandstorm|[upkeep]\n|-damage|p2a: Jumpluff|223/271|[from] Sandstorm\n|-damage|p1a: Vigoroth|68/100|[from] Sandstorm\n|upkeep\n|turn|40\n|inactive|Time left: 300 sec this turn | 300 sec total\n|\n|t:|1783561906\n|move|p2a: Jumpluff|Strength Sap|p1a: Vigoroth\n|-unboost|p1a: Vigoroth|atk|1\n|-heal|p2a: Jumpluff|271/271\n|move|p1a: Vigoroth|Bulk Up|p1a: Vigoroth\n|-boost|p1a: Vigoroth|atk|1\n|-boost|p1a: Vigoroth|def|1\n|\n|-weather|Sandstorm|[upkeep]\n|-damage|p2a: Jumpluff|255/271|[from] Sandstorm\n|-damage|p1a: Vigoroth|62/100|[from] Sandstorm\n|upkeep\n|turn|41\n|inactive|Time left: 300 sec this turn | 300 sec total\n|\n|t:|1783561907\n|move|p2a: Jumpluff|Strength Sap|p1a: Vigoroth\n|-unboost|p1a: Vigoroth|atk|1\n|-heal|p2a: Jumpluff|271/271\n|move|p1a: Vigoroth|Body Slam|p2a: Jumpluff\n|-damage|p2a: Jumpluff|181/271\n|\n|-weather|none\n|upkeep\n|turn|42\n|inactive|Time left: 300 sec this turn | 300 sec total\n|\n|t:|1783561908\n|move|p2a: Jumpluff|Strength Sap|p1a: Vigoroth\n|-unboost|p1a: Vigoroth|atk|1\n|-heal|p2a: Jumpluff|271/271\n|move|p1a: Vigoroth|Bulk Up|p1a: Vigoroth\n|-boost|p1a: Vigoroth|atk|1\n|-boost|p1a: Vigoroth|def|1\n|\n|upkeep\n|turn|43\n|inactive|Time left: 300 sec this turn | 300 sec total\n|\n|t:|1783561908\n|move|p2a: Jumpluff|Encore|p1a: Vigoroth\n|-start|p1a: Vigoroth|Encore\n|move|p1a: Vigoroth|Bulk Up|p1a: Vigoroth\n|-boost|p1a: Vigoroth|atk|1\n|-boost|p1a: Vigoroth|def|1\n|\n|upkeep\n|turn|44\n|inactive|Time left: 300 sec this turn | 300 sec total\n|\n|t:|1783561909\n|switch|p2a: Pincurchin|Pincurchin, M|61/258 psn\n|-fieldstart|move: Electric Terrain|[from] ability: Electric Surge|[of] p2a: Pincurchin\n|move|p1a: Vigoroth|Bulk Up|p1a: Vigoroth\n|-boost|p1a: Vigoroth|atk|1\n|-boost|p1a: Vigoroth|def|1\n|\n|-heal|p2a: Pincurchin|77/258 psn|[from] item: Leftovers\n|-damage|p2a: Pincurchin|45/258 psn|[from] psn\n|upkeep\n|turn|45\n|inactive|Time left: 300 sec this turn | 300 sec total\n|\n|t:|1783561910\n|switch|p1a: Morpeko|Morpeko, L88, M|94/100\n|move|p2a: Pincurchin|Thunderbolt|p1a: Morpeko\n|-resisted|p1a: Morpeko\n|-damage|p1a: Morpeko|52/100\n|\n|-heal|p2a: Pincurchin|61/258 psn|[from] item: Leftovers\n|-damage|p2a: Pincurchin|29/258 psn|[from] psn\n|-formechange|p1a: Morpeko|Morpeko-Hangry||[from] ability: Hunger Switch\n|upkeep\n|turn|46\n|inactive|Time left: 300 sec this turn | 300 sec total\n|\n|t:|1783561911\n|switch|p2a: Tyranitar|Tyranitar, L78, F|284/284\n|-weather|Sandstorm|[from] ability: Sand Stream|[of] p2a: Tyranitar\n|move|p1a: Morpeko|Aura Wheel|p2a: Tyranitar\n|-resisted|p2a: Tyranitar\n|-crit|p2a: Tyranitar\n|-damage|p2a: Tyranitar|194/284\n|-boost|p1a: Morpeko|spe|1\n|\n|-weather|Sandstorm|[upkeep]\n|-damage|p1a: Morpeko|45/100|[from] Sandstorm\n|-heal|p2a: Tyranitar|211/284|[from] item: Leftovers\n|-formechange|p1a: Morpeko|Morpeko||[from] ability: Hunger Switch\n|upkeep\n|turn|47\n|inactive|Time left: 300 sec this turn | 300 sec total\n|\n|t:|1783561912\n|move|p1a: Morpeko|Aura Wheel|p2a: Tyranitar\n|-damage|p2a: Tyranitar|63/284\n|-boost|p1a: Morpeko|spe|1\n|move|p2a: Tyranitar|Earthquake|p1a: Morpeko\n|-supereffective|p1a: Morpeko\n|-damage|p1a: Morpeko|0 fnt\n|faint|p1a: Morpeko\n|\n|-weather|Sandstorm|[upkeep]\n|-heal|p2a: Tyranitar|80/284|[from] item: Leftovers\n|upkeep\n|\n|t:|1783561913\n|switch|p1a: Toxtricity|Toxtricity, L82, F|67/100\n|turn|48\n|inactive|Time left: 300 sec this turn | 300 sec total\n|\n|t:|1783561914\n|switch|p2a: Pincurchin|Pincurchin, M|29/258 psn\n|move|p1a: Toxtricity|Overdrive|p2a: Pincurchin\n|-resisted|p2a: Pincurchin\n|-damage|p2a: Pincurchin|0 fnt\n|faint|p2a: Pincurchin\n|\n|-weather|Sandstorm|[upkeep]\n|-damage|p1a: Toxtricity|61/100|[from] Sandstorm\n|-fieldend|move: Electric Terrain\n|upkeep\n|inactive|Time left: 300 sec this turn | 300 sec total | 5 sec grace\n|\n|t:|1783561915\n|switch|p2a: Jumpluff|Jumpluff, L87, M|271/271\n|turn|49\n|inactive|Time left: 300 sec this turn | 300 sec total\n|\n|t:|1783561916\n|move|p2a: Jumpluff|Sleep Powder|p1a: Toxtricity\n|-status|p1a: Toxtricity|slp|[from] move: Sleep Powder\n|cant|p1a: Toxtricity|slp\n|\n|-weather|Sandstorm|[upkeep]\n|-damage|p2a: Jumpluff|255/271|[from] Sandstorm\n|-damage|p1a: Toxtricity|55/100 slp|[from] Sandstorm\n|upkeep\n|turn|50\n|inactive|Time left: 300 sec this turn | 300 sec total\n|\n|t:|1783561917\n|move|p2a: Jumpluff|Acrobatics|p1a: Toxtricity\n|-resisted|p1a: Toxtricity\n|-damage|p1a: Toxtricity|35/100 slp\n|cant|p1a: Toxtricity|slp\n|\n|-weather|none\n|upkeep\n|turn|51\n|inactive|Time left: 300 sec this turn | 300 sec total\n|\n|t:|1783561918\n|move|p2a: Jumpluff|Acrobatics|p1a: Toxtricity\n|-resisted|p1a: Toxtricity\n|-damage|p1a: Toxtricity|17/100 slp\n|cant|p1a: Toxtricity|slp\n|\n|upkeep\n|turn|52\n|inactive|Time left: 300 sec this turn | 300 sec total\n|\n|t:|1783561919\n|move|p2a: Jumpluff|Acrobatics|p1a: Toxtricity\n|-resisted|p1a: Toxtricity\n|-crit|p1a: Toxtricity\n|-damage|p1a: Toxtricity|0 fnt\n|faint|p1a: Toxtricity\n|\n|upkeep\n|\n|t:|1783561920\n|switch|p1a: Vigoroth|Vigoroth, L85, F|62/100\n|turn|53\n|inactive|Time left: 300 sec this turn | 300 sec total\n|\n|t:|1783561920\n|switch|p2a: Tyranitar|Tyranitar, L78, F|80/284\n|-weather|Sandstorm|[from] ability: Sand Stream|[of] p2a: Tyranitar\n|move|p1a: Vigoroth|Bulk Up|p1a: Vigoroth\n|-boost|p1a: Vigoroth|atk|1\n|-boost|p1a: Vigoroth|def|1\n|\n|-weather|Sandstorm|[upkeep]\n|-damage|p1a: Vigoroth|55/100|[from] Sandstorm\n|-heal|p2a: Tyranitar|97/284|[from] item: Leftovers\n|upkeep\n|turn|54\n|inactive|Time left: 300 sec this turn | 300 sec total\n|\n|t:|1783561921\n|move|p1a: Vigoroth|Slack Off|p1a: Vigoroth\n|-heal|p1a: Vigoroth|100/100\n|move|p2a: Tyranitar|Stone Edge|p1a: Vigoroth\n|-damage|p1a: Vigoroth|69/100\n|\n|-weather|Sandstorm|[upkeep]\n|-damage|p1a: Vigoroth|63/100|[from] Sandstorm\n|-heal|p2a: Tyranitar|114/284|[from] item: Leftovers\n|upkeep\n|turn|55\n|inactive|Time left: 300 sec this turn | 300 sec total\n|\n|t:|1783561922\n|move|p1a: Vigoroth|Bulk Up|p1a: Vigoroth\n|-boost|p1a: Vigoroth|atk|1\n|-boost|p1a: Vigoroth|def|1\n|move|p2a: Tyranitar|Earthquake|p1a: Vigoroth\n|-damage|p1a: Vigoroth|47/100\n|\n|-weather|Sandstorm|[upkeep]\n|-damage|p1a: Vigoroth|41/100|[from] Sandstorm\n|-heal|p2a: Tyranitar|131/284|[from] item: Leftovers\n|upkeep\n|turn|56\n|inactive|Time left: 300 sec this turn | 300 sec total\n|\n|t:|1783561923\n|move|p1a: Vigoroth|Bulk Up|p1a: Vigoroth\n|-boost|p1a: Vigoroth|atk|1\n|-boost|p1a: Vigoroth|def|1\n|move|p2a: Tyranitar|Stone Edge|p1a: Vigoroth|[miss]\n|-miss|p2a: Tyranitar|p1a: Vigoroth\n|\n|-weather|Sandstorm|[upkeep]\n|-damage|p1a: Vigoroth|35/100|[from] Sandstorm\n|-heal|p2a: Tyranitar|148/284|[from] item: Leftovers\n|upkeep\n|turn|57\n|inactive|Time left: 300 sec this turn | 300 sec total\n|\n|t:|1783561924\n|switch|p2a: Jumpluff|Jumpluff, L87, M|255/271\n|move|p1a: Vigoroth|Body Slam|p2a: Jumpluff\n|-damage|p2a: Jumpluff|6/271\n|\n|-weather|none\n|upkeep\n|turn|58\n|inactive|Time left: 300 sec this turn | 300 sec total\n|\n|t:|1783561925\n|move|p2a: Jumpluff|Strength Sap|p1a: Vigoroth\n|-unboost|p1a: Vigoroth|atk|1\n|-heal|p2a: Jumpluff|271/271\n|move|p1a: Vigoroth|Bulk Up|p1a: Vigoroth\n|-boost|p1a: Vigoroth|atk|1\n|-boost|p1a: Vigoroth|def|1\n|\n|upkeep\n|turn|59\n|inactive|Time left: 300 sec this turn | 300 sec total\n|\n|t:|1783561926\n|move|p2a: Jumpluff|Encore|p1a: Vigoroth\n|-start|p1a: Vigoroth|Encore\n|move|p1a: Vigoroth|Bulk Up|p1a: Vigoroth\n|-boost|p1a: Vigoroth|atk|1\n|-boost|p1a: Vigoroth|def|1\n|\n|upkeep\n|turn|60\n|inactive|Time left: 300 sec this turn | 300 sec total\n|\n|t:|1783561927\n|switch|p2a: Tyranitar|Tyranitar, L78, F|148/284\n|-weather|Sandstorm|[from] ability: Sand Stream|[of] p2a: Tyranitar\n|move|p1a: Vigoroth|Bulk Up|p1a: Vigoroth\n|-boost|p1a: Vigoroth|atk|1\n|-boost|p1a: Vigoroth|def|1\n|\n|-weather|Sandstorm|[upkeep]\n|-damage|p1a: Vigoroth|29/100|[from] Sandstorm\n|-heal|p2a: Tyranitar|165/284|[from] item: Leftovers\n|upkeep\n|turn|61\n|inactive|Time left: 300 sec this turn | 300 sec total\n|\n|t:|1783561928\n|move|p1a: Vigoroth|Bulk Up|p1a: Vigoroth\n|-boost|p1a: Vigoroth|atk|1\n|-boost|p1a: Vigoroth|def|0\n|move|p2a: Tyranitar|Knock Off|p1a: Vigoroth\n|-damage|p1a: Vigoroth|22/100\n|\n|-weather|Sandstorm|[upkeep]\n|-damage|p1a: Vigoroth|16/100|[from] Sandstorm\n|-heal|p2a: Tyranitar|182/284|[from] item: Leftovers\n|-end|p1a: Vigoroth|Encore\n|upkeep\n|turn|62\n|inactive|Time left: 300 sec this turn | 300 sec total\n|\n|t:|1783561930\n|move|p1a: Vigoroth|Body Slam|p2a: Tyranitar\n|-resisted|p2a: Tyranitar\n|-damage|p2a: Tyranitar|36/284\n|move|p2a: Tyranitar|Knock Off|p1a: Vigoroth\n|-damage|p1a: Vigoroth|8/100\n|\n|-weather|Sandstorm|[upkeep]\n|-damage|p1a: Vigoroth|2/100|[from] Sandstorm\n|-heal|p2a: Tyranitar|53/284|[from] item: Leftovers\n|upkeep\n|turn|63\n|inactive|Time left: 300 sec this turn | 300 sec total\n|\n|t:|1783561931\n|-terastallize|p1a: Vigoroth|Ghost\n|-terastallize|p2a: Tyranitar|Rock\n|move|p1a: Vigoroth|Bulk Up|p1a: Vigoroth\n|-boost|p1a: Vigoroth|atk|0\n|-boost|p1a: Vigoroth|def|0\n|move|p2a: Tyranitar|Earthquake|p1a: Vigoroth\n|-damage|p1a: Vigoroth|0 fnt\n|faint|p1a: Vigoroth\n|\n|win|p0y195466a3", "uploadtime": 1783561931, "views": 0, "rating": 0, "private": 0, "password": null, "_winner": "p0y195466a3", "_our_name": "p0y195466a3"}