{"id": "battle-gen9randombattle-435", "formatid": "gen9randombattle", "format": "[Gen 9] Random Battle", "players": ["p0x435de26", "p0y435cc51"], "log": "|init|battle\n|title|p0x435de26 vs. p0y435cc51\n|j|\u2606p0x435de26\n|j|\u2606p0y435cc51\n|t:|1783544087\n|gametype|singles\n|player|p1|p0x435de26|2|\n|player|p2|p0y435cc51|169|\n|gen|9\n|tier|[Gen 9] Random Battle\n|rule|Species Clause: Limit one of each Pok\u00e9mon\n|rule|HP Percentage Mod: HP is shown in percentages\n|rule|Sleep Clause Mod: Limit one foe put to sleep\n|rule|Illusion Level Mod: Illusion disguises the Pok\u00e9mon's true level\n|\n|t:|1783544087\n|teamsize|p1|6\n|teamsize|p2|6\n|start\n|switch|p1a: Sandslash|Sandslash-Alola, L88, M|275/275\n|switch|p2a: Infernape|Infernape, L82, M|100/100\n|turn|1\n|inactive|Battle timer is ON: inactive players will automatically lose when time's up. (requested by p0x435de26)\n|\n|t:|1783544089\n|switch|p1a: Okidogi|Okidogi, L77, M|262/262\n|move|p2a: Infernape|Close Combat|p1a: Okidogi\n|-resisted|p1a: Okidogi\n|-damage|p1a: Okidogi|204/262\n|-unboost|p2a: Infernape|def|1\n|-unboost|p2a: Infernape|spd|1\n|\n|upkeep\n|turn|2\n|inactive|Time left: 300 sec this turn | 300 sec total\n|inactive|p0y435cc51 also wants the timer to be on.\n|\n|t:|1783544090\n|switch|p2a: Rhyperior|Rhyperior, L82, M|100/100\n|move|p1a: Okidogi|Gunk Shot|p2a: Rhyperior\n|-resisted|p2a: Rhyperior\n|-damage|p2a: Rhyperior|93/100\n|-status|p2a: Rhyperior|tox|[from] ability: Toxic Chain|[of] p1a: Okidogi\n|\n|-damage|p2a: Rhyperior|87/100 tox|[from] psn\n|upkeep\n|turn|3\n|inactive|Time left: 300 sec this turn | 300 sec total\n|\n|t:|1783544092\n|switch|p1a: Whiscash|Whiscash, L88, M|337/337\n|move|p2a: Rhyperior|Earthquake|p1a: Whiscash\n|-damage|p1a: Whiscash|187/337\n|\n|-heal|p1a: Whiscash|208/337|[from] item: Leftovers\n|-damage|p2a: Rhyperior|74/100 tox|[from] psn\n|upkeep\n|turn|4\n|inactive|Time left: 300 sec this turn | 300 sec total\n|\n|t:|1783544093\n|move|p1a: Whiscash|Hydro Pump|p2a: Rhyperior\n|-supereffective|p2a: Rhyperior\n|-damage|p2a: Rhyperior|0 fnt\n|faint|p2a: Rhyperior\n|\n|-heal|p1a: Whiscash|229/337|[from] item: Leftovers\n|upkeep\n|\n|t:|1783544094\n|switch|p2a: Floatzel|Floatzel, L86, F|100/100\n|turn|5\n|inactive|Time left: 300 sec this turn | 300 sec total\n|\n|t:|1783544095\n|move|p2a: Floatzel|Bulk Up|p2a: Floatzel\n|-boost|p2a: Floatzel|atk|1\n|-boost|p2a: Floatzel|def|1\n|move|p1a: Whiscash|Earthquake|p2a: Floatzel\n|-damage|p2a: Floatzel|70/100\n|\n|-heal|p2a: Floatzel|76/100|[from] item: Leftovers\n|-heal|p1a: Whiscash|250/337|[from] item: Leftovers\n|upkeep\n|turn|6\n|inactive|Time left: 300 sec this turn | 300 sec total\n|\n|t:|1783544096\n|move|p2a: Floatzel|Wave Crash|p1a: Whiscash\n|-damage|p1a: Whiscash|19/337\n|-damage|p2a: Floatzel|49/100|[from] Recoil\n|move|p1a: Whiscash|Earthquake|p2a: Floatzel\n|-damage|p2a: Floatzel|16/100\n|\n|-heal|p2a: Floatzel|22/100|[from] item: Leftovers\n|-heal|p1a: Whiscash|40/337|[from] item: Leftovers\n|upkeep\n|turn|7\n|inactive|Time left: 300 sec this turn | 300 sec total\n|\n|t:|1783544097\n|switch|p1a: Sandslash|Sandslash-Alola, L88, M|275/275\n|move|p2a: Floatzel|Wave Crash|p1a: Sandslash\n|-damage|p1a: Sandslash|107/275\n|-damage|p2a: Floatzel|3/100|[from] Recoil\n|\n|-heal|p2a: Floatzel|9/100|[from] item: Leftovers\n|upkeep\n|turn|8\n|inactive|Time left: 300 sec this turn | 300 sec total\n|\n|t:|1783544098\n|move|p2a: Floatzel|Wave Crash|p1a: Sandslash\n|-damage|p1a: Sandslash|0 fnt\n|faint|p1a: Sandslash\n|-damage|p2a: Floatzel|0 fnt|[from] Recoil\n|faint|p2a: Floatzel\n|\n|upkeep\n|inactive|Time left: 300 sec this turn | 300 sec total | 5 sec grace\n|\n|t:|1783544099\n|switch|p2a: Granbull|Granbull, L88, M|100/100\n|switch|p1a: Okidogi|Okidogi, L77, M|204/262\n|-ability|p2a: Granbull|Intimidate|boost\n|-unboost|p1a: Okidogi|atk|1\n|turn|9\n|inactive|Time left: 300 sec this turn | 300 sec total\n|\n|t:|1783544100\n|move|p1a: Okidogi|Gunk Shot|p2a: Granbull\n|-supereffective|p2a: Granbull\n|-damage|p2a: Granbull|40/100\n|-status|p2a: Granbull|psn\n|move|p2a: Granbull|Play Rough|p1a: Okidogi\n|-damage|p1a: Okidogi|84/262\n|-unboost|p1a: Okidogi|atk|1\n|\n|-heal|p2a: Granbull|46/100 psn|[from] item: Leftovers\n|-damage|p2a: Granbull|34/100 psn|[from] psn\n|upkeep\n|turn|10\n|inactive|Time left: 300 sec this turn | 300 sec total\n|\n|t:|1783544101\n|switch|p1a: Leafeon|Leafeon, L88, F|258/258\n|move|p2a: Granbull|Earthquake|p1a: Leafeon\n|-resisted|p1a: Leafeon\n|-damage|p1a: Leafeon|228/258\n|\n|-heal|p2a: Granbull|40/100 psn|[from] item: Leftovers\n|-damage|p2a: Granbull|28/100 psn|[from] psn\n|upkeep\n|turn|11\n|inactive|Time left: 300 sec this turn | 300 sec total\n|\n|t:|1783544102\n|switch|p2a: Arcanine|Arcanine, L84, M|100/100\n|-ability|p2a: Arcanine|Intimidate|boost\n|-unboost|p1a: Leafeon|atk|1\n|move|p1a: Leafeon|Leaf Blade|p2a: Arcanine\n|-resisted|p2a: Arcanine\n|-damage|p2a: Arcanine|83/100\n|-damage|p1a: Leafeon|203/258|[from] item: Life Orb\n|\n|upkeep\n|turn|12\n|inactive|Time left: 300 sec this turn | 300 sec total\n|\n|t:|1783544104\n|switch|p1a: Tatsugiri|Tatsugiri, L87, F|260/260\n|move|p2a: Arcanine|Flare Blitz|p1a: Tatsugiri\n|-resisted|p1a: Tatsugiri\n|-damage|p1a: Tatsugiri|216/260\n|-damage|p2a: Arcanine|78/100|[from] Recoil\n|\n|upkeep\n|turn|13\n|inactive|Time left: 300 sec this turn | 300 sec total\n|\n|t:|1783544105\n|switch|p2a: Mightyena|Mightyena, L96, F|100/100\n|-ability|p2a: Mightyena|Intimidate|boost\n|-unboost|p1a: Tatsugiri|atk|1\n|move|p1a: Tatsugiri|Hydro Pump|p2a: Mightyena\n|-damage|p2a: Mightyena|61/100\n|\n|upkeep\n|turn|14\n|inactive|Time left: 300 sec this turn | 300 sec total\n|\n|t:|1783544106\n|switch|p1a: Okidogi|Okidogi, L77, M|84/262\n|move|p2a: Mightyena|Crunch|p1a: Okidogi\n|-resisted|p1a: Okidogi\n|-damage|p1a: Okidogi|39/262\n|\n|upkeep\n|turn|15\n|inactive|Time left: 300 sec this turn | 300 sec total\n|\n|t:|1783544107\n|switch|p1a: Leafeon|Leafeon, L88, F|203/258\n|move|p2a: Mightyena|Crunch|p1a: Leafeon\n|-damage|p1a: Leafeon|127/258\n|\n|upkeep\n|turn|16\n|inactive|Time left: 300 sec this turn | 300 sec total\n|\n|t:|1783544108\n|move|p1a: Leafeon|Synthesis|p1a: Leafeon\n|-heal|p1a: Leafeon|256/258\n|move|p2a: Mightyena|Poison Fang|p1a: Leafeon\n|-supereffective|p1a: Leafeon\n|-damage|p1a: Leafeon|196/258\n|\n|upkeep\n|turn|17\n|inactive|Time left: 300 sec this turn | 300 sec total\n|\n|t:|1783544109\n|move|p1a: Leafeon|Swords Dance|p1a: Leafeon\n|-boost|p1a: Leafeon|atk|2\n|move|p2a: Mightyena|Poison Fang|p1a: Leafeon\n|-supereffective|p1a: Leafeon\n|-damage|p1a: Leafeon|132/258\n|\n|upkeep\n|turn|18\n|inactive|Time left: 300 sec this turn | 300 sec total\n|\n|t:|1783544110\n|switch|p2a: Granbull|Granbull, L88, M|28/100 psn\n|-ability|p2a: Granbull|Intimidate|boost\n|-unboost|p1a: Leafeon|atk|1\n|move|p1a: Leafeon|Synthesis|p1a: Leafeon\n|-heal|p1a: Leafeon|258/258\n|\n|-heal|p2a: Granbull|34/100 psn|[from] item: Leftovers\n|-damage|p2a: Granbull|21/100 psn|[from] psn\n|upkeep\n|turn|19\n|inactive|Time left: 300 sec this turn | 300 sec total\n|\n|t:|1783544111\n|switch|p2a: Arcanine|Arcanine, L84, M|78/100\n|-ability|p2a: Arcanine|Intimidate|boost\n|-unboost|p1a: Leafeon|atk|1\n|move|p1a: Leafeon|Swords Dance|p1a: Leafeon\n|-boost|p1a: Leafeon|atk|2\n|\n|upkeep\n|turn|20\n|inactive|Time left: 300 sec this turn | 300 sec total\n|\n|t:|1783544112\n|switch|p2a: Granbull|Granbull, L88, M|21/100 psn\n|-ability|p2a: Granbull|Intimidate|boost\n|-unboost|p1a: Leafeon|atk|1\n|move|p1a: Leafeon|Double-Edge|p2a: Granbull\n|-damage|p2a: Granbull|0 fnt\n|faint|p2a: Granbull\n|-damage|p1a: Leafeon|237/258|[from] Recoil\n|-damage|p1a: Leafeon|212/258|[from] item: Life Orb\n|\n|upkeep\n|\n|t:|1783544113\n|switch|p2a: Arcanine|Arcanine, L84, M|78/100\n|-ability|p2a: Arcanine|Intimidate|boost\n|-unboost|p1a: Leafeon|atk|1\n|turn|21\n|inactive|Time left: 300 sec this turn | 300 sec total\n|\n|t:|1783544114\n|switch|p1a: Tatsugiri|Tatsugiri, L87, F|216/260\n|move|p2a: Arcanine|Flare Blitz|p1a: Tatsugiri\n|-resisted|p1a: Tatsugiri\n|-damage|p1a: Tatsugiri|176/260\n|-status|p1a: Tatsugiri|brn\n|-damage|p2a: Arcanine|74/100|[from] Recoil\n|\n|-damage|p1a: Tatsugiri|160/260 brn|[from] brn\n|upkeep\n|turn|22\n|inactive|Time left: 300 sec this turn | 300 sec total\n|\n|t:|1783544115\n|move|p2a: Arcanine|Extreme Speed|p1a: Tatsugiri\n|-damage|p1a: Tatsugiri|82/260 brn\n|move|p1a: Tatsugiri|Hydro Pump|p2a: Arcanine\n|-supereffective|p2a: Arcanine\n|-damage|p2a: Arcanine|0 fnt\n|faint|p2a: Arcanine\n|\n|-damage|p1a: Tatsugiri|66/260 brn|[from] brn\n|upkeep\n|\n|t:|1783544116\n|switch|p2a: Infernape|Infernape, L82, M|100/100\n|turn|23\n|inactive|Time left: 300 sec this turn | 300 sec total\n|\n|t:|1783544117\n|move|p2a: Infernape|Close Combat|p1a: Tatsugiri\n|-damage|p1a: Tatsugiri|0 fnt\n|-unboost|p2a: Infernape|def|1\n|-unboost|p2a: Infernape|spd|1\n|faint|p1a: Tatsugiri\n|\n|upkeep\n|inactive|Time left: 300 sec this turn | 300 sec total | 5 sec grace\n|\n|t:|1783544118\n|switch|p1a: Leafeon|Leafeon, L88, F|212/258\n|turn|24\n|inactive|Time left: 300 sec this turn | 300 sec total\n|\n|t:|1783544119\n|move|p2a: Infernape|Close Combat|p1a: Leafeon\n|-damage|p1a: Leafeon|121/258\n|-unboost|p2a: Infernape|def|1\n|-unboost|p2a: Infernape|spd|1\n|move|p1a: Leafeon|Double-Edge|p2a: Infernape\n|-damage|p2a: Infernape|0 fnt\n|faint|p2a: Infernape\n|-damage|p1a: Leafeon|36/258|[from] Recoil\n|-damage|p1a: Leafeon|11/258|[from] item: Life Orb\n|\n|upkeep\n|\n|t:|1783544120\n|switch|p2a: Mightyena|Mightyena, L96, F|61/100\n|-ability|p2a: Mightyena|Intimidate|boost\n|-unboost|p1a: Leafeon|atk|1\n|turn|25\n|inactive|Time left: 300 sec this turn | 300 sec total\n|\n|t:|1783544121\n|-terastallize|p1a: Leafeon|Normal\n|move|p1a: Leafeon|Double-Edge|p2a: Mightyena\n|-damage|p2a: Mightyena|15/100\n|-damage|p1a: Leafeon|0 fnt|[from] Recoil\n|faint|p1a: Leafeon\n|move|p2a: Mightyena|Crunch|p1: Leafeon|[notarget]\n|-fail|p2a: Mightyena\n|\n|upkeep\n|inactive|Time left: 300 sec this turn | 300 sec total | 5 sec grace\n|\n|t:|1783544122\n|switch|p1a: Sunflora|Sunflora, F|312/312\n|turn|26\n|inactive|Time left: 300 sec this turn | 300 sec total\n|\n|t:|1783544122\n|move|p2a: Mightyena|Sucker Punch|p1a: Sunflora\n|-damage|p1a: Sunflora|201/312\n|move|p1a: Sunflora|Weather Ball|p2a: Mightyena\n|-damage|p2a: Mightyena|0 fnt\n|faint|p2a: Mightyena\n|-damage|p1a: Sunflora|170/312|[from] item: Life Orb\n|\n|win|p0x435de26", "uploadtime": 1783544123, "views": 0, "rating": 0, "private": 0, "password": null, "_winner": "p0x435de26", "_our_name": "p0x435de26"}