{"id": "battle-gen9randombattle-211", "formatid": "gen9randombattle", "format": "[Gen 9] Random Battle", "players": ["p0x211b250", "p0y2110548"], "log": "|init|battle\n|title|p0x211b250 vs. p0y2110548\n|j|\u2606p0x211b250\n|j|\u2606p0y2110548\n|t:|1783536205\n|gametype|singles\n|player|p1|p0x211b250|1|\n|player|p2|p0y2110548|2|\n|gen|9\n|tier|[Gen 9] Random Battle\n|rule|Species Clause: Limit one of each Pok\u00e9mon\n|rule|HP Percentage Mod: HP is shown in percentages\n|rule|Sleep Clause Mod: Limit one foe put to sleep\n|rule|Illusion Level Mod: Illusion disguises the Pok\u00e9mon's true level\n|\n|t:|1783536205\n|teamsize|p1|6\n|teamsize|p2|6\n|start\n|switch|p1a: Ludicolo|Ludicolo, L90, F|290/290\n|switch|p2a: Coalossal|Coalossal, L89, F|100/100\n|turn|1\n|inactive|Battle timer is ON: inactive players will automatically lose when time's up. (requested by p0x211b250)\n|inactive|p0y2110548 also wants the timer to be on.\n|\n|t:|1783536207\n|switch|p2a: Grimmsnarl|Grimmsnarl, L83, M|100/100\n|move|p1a: Ludicolo|Hydro Pump|p2a: Grimmsnarl\n|-damage|p2a: Grimmsnarl|30/100\n|\n|-heal|p2a: Grimmsnarl|36/100|[from] item: Leftovers\n|upkeep\n|turn|2\n|inactive|Time left: 300 sec this turn | 300 sec total\n|\n|t:|1783536208\n|move|p2a: Grimmsnarl|Thunder Wave|p1a: Ludicolo\n|-status|p1a: Ludicolo|par\n|move|p1a: Ludicolo|Hydro Pump|p2a: Grimmsnarl\n|-damage|p2a: Grimmsnarl|0 fnt\n|faint|p2a: Grimmsnarl\n|\n|upkeep\n|\n|t:|1783536209\n|switch|p2a: Medicham|Medicham, L86, M|100/100\n|turn|3\n|inactive|Time left: 300 sec this turn | 300 sec total\n|\n|t:|1783536210\n|move|p2a: Medicham|Close Combat|p1a: Ludicolo\n|-damage|p1a: Ludicolo|0 fnt\n|-unboost|p2a: Medicham|def|1\n|-unboost|p2a: Medicham|spd|1\n|faint|p1a: Ludicolo\n|\n|upkeep\n|inactive|Time left: 300 sec this turn | 300 sec total | 5 sec grace\n|\n|t:|1783536211\n|switch|p1a: Medicham|Medicham, L86, M|243/243\n|turn|4\n|inactive|Time left: 300 sec this turn | 300 sec total\n|\n|t:|1783536212\n|move|p1a: Medicham|Close Combat|p2a: Medicham\n|-resisted|p2a: Medicham\n|-damage|p2a: Medicham|0 fnt\n|-unboost|p1a: Medicham|def|1\n|-unboost|p1a: Medicham|spd|1\n|faint|p2a: Medicham\n|\n|upkeep\n|\n|t:|1783536213\n|switch|p2a: Carbink|Carbink, L90|100/100\n|turn|5\n|inactive|Time left: 300 sec this turn | 300 sec total\n|\n|t:|1783536214\n|switch|p1a: Scream Tail|Scream Tail, L84|330/330\n|move|p2a: Carbink|Moonblast|p1a: Scream Tail\n|-crit|p1a: Scream Tail\n|-damage|p1a: Scream Tail|246/330\n|\n|-heal|p1a: Scream Tail|266/330|[from] item: Leftovers\n|upkeep\n|turn|6\n|inactive|Time left: 300 sec this turn | 300 sec total\n|\n|t:|1783536215\n|move|p1a: Scream Tail|Thunder Wave|p2a: Carbink\n|-status|p2a: Carbink|par\n|move|p2a: Carbink|Iron Defense|p2a: Carbink\n|-boost|p2a: Carbink|def|2\n|\n|-heal|p1a: Scream Tail|286/330|[from] item: Leftovers\n|upkeep\n|turn|7\n|inactive|Time left: 300 sec this turn | 300 sec total\n|\n|t:|1783536216\n|move|p1a: Scream Tail|Dazzling Gleam|p2a: Carbink\n|-damage|p2a: Carbink|84/100 par\n|move|p2a: Carbink|Body Press|p1a: Scream Tail\n|-resisted|p1a: Scream Tail\n|-damage|p1a: Scream Tail|244/330\n|\n|-heal|p1a: Scream Tail|264/330|[from] item: Leftovers\n|upkeep\n|turn|8\n|inactive|Time left: 300 sec this turn | 300 sec total\n|\n|t:|1783536217\n|move|p1a: Scream Tail|Dazzling Gleam|p2a: Carbink\n|-damage|p2a: Carbink|67/100 par\n|move|p2a: Carbink|Rest|p2a: Carbink\n|-status|p2a: Carbink|slp|[from] move: Rest\n|-heal|p2a: Carbink|100/100 slp|[silent]\n|-enditem|p2a: Carbink|Chesto Berry|[eat]\n|-curestatus|p2a: Carbink|slp|[msg]\n|\n|-heal|p1a: Scream Tail|284/330|[from] item: Leftovers\n|upkeep\n|turn|9\n|inactive|Time left: 300 sec this turn | 300 sec total\n|\n|t:|1783536218\n|move|p1a: Scream Tail|Thunder Wave|p2a: Carbink\n|-status|p2a: Carbink|par\n|move|p2a: Carbink|Moonblast|p1a: Scream Tail\n|-damage|p1a: Scream Tail|221/330\n|\n|-heal|p1a: Scream Tail|241/330|[from] item: Leftovers\n|upkeep\n|turn|10\n|inactive|Time left: 300 sec this turn | 300 sec total\n|\n|t:|1783536219\n|move|p1a: Scream Tail|Wish|p1a: Scream Tail\n|move|p2a: Carbink|Moonblast|p1a: Scream Tail\n|-damage|p1a: Scream Tail|180/330\n|-unboost|p1a: Scream Tail|spa|1\n|\n|-heal|p1a: Scream Tail|200/330|[from] item: Leftovers\n|upkeep\n|turn|11\n|inactive|Time left: 300 sec this turn | 300 sec total\n|\n|t:|1783536220\n|move|p1a: Scream Tail|Thunder Wave|p2a: Carbink\n|-fail|p2a: Carbink|par\n|move|p2a: Carbink|Iron Defense|p2a: Carbink\n|-boost|p2a: Carbink|def|2\n|\n|-heal|p1a: Scream Tail|330/330|[from] move: Wish|[wisher] Scream Tail\n|upkeep\n|turn|12\n|inactive|Time left: 300 sec this turn | 300 sec total\n|\n|t:|1783536221\n|move|p1a: Scream Tail|Wish|p1a: Scream Tail\n|move|p2a: Carbink|Body Press|p1a: Scream Tail\n|-resisted|p1a: Scream Tail\n|-damage|p1a: Scream Tail|265/330\n|\n|-heal|p1a: Scream Tail|285/330|[from] item: Leftovers\n|upkeep\n|turn|13\n|inactive|Time left: 300 sec this turn | 300 sec total\n|\n|t:|1783536222\n|move|p1a: Scream Tail|Dazzling Gleam|p2a: Carbink\n|-damage|p2a: Carbink|89/100 par\n|cant|p2a: Carbink|par\n|\n|-heal|p1a: Scream Tail|330/330|[from] move: Wish|[wisher] Scream Tail\n|upkeep\n|turn|14\n|inactive|Time left: 300 sec this turn | 300 sec total\n|\n|t:|1783536223\n|move|p1a: Scream Tail|Wish|p1a: Scream Tail\n|move|p2a: Carbink|Body Press|p1a: Scream Tail\n|-resisted|p1a: Scream Tail\n|-damage|p1a: Scream Tail|264/330\n|\n|-heal|p1a: Scream Tail|284/330|[from] item: Leftovers\n|upkeep\n|turn|15\n|inactive|Time left: 300 sec this turn | 300 sec total\n|\n|t:|1783536224\n|move|p1a: Scream Tail|Dazzling Gleam|p2a: Carbink\n|-damage|p2a: Carbink|78/100 par\n|cant|p2a: Carbink|par\n|\n|-heal|p1a: Scream Tail|330/330|[from] move: Wish|[wisher] Scream Tail\n|upkeep\n|turn|16\n|inactive|Time left: 300 sec this turn | 300 sec total\n|\n|t:|1783536225\n|move|p1a: Scream Tail|Thunder Wave|p2a: Carbink\n|-fail|p2a: Carbink|par\n|move|p2a: Carbink|Body Press|p1a: Scream Tail\n|-resisted|p1a: Scream Tail\n|-damage|p1a: Scream Tail|266/330\n|\n|-heal|p1a: Scream Tail|286/330|[from] item: Leftovers\n|upkeep\n|turn|17\n|inactive|Time left: 300 sec this turn | 300 sec total\n|\n|t:|1783536227\n|move|p1a: Scream Tail|Dazzling Gleam|p2a: Carbink\n|-damage|p2a: Carbink|67/100 par\n|move|p2a: Carbink|Body Press|p1a: Scream Tail\n|-resisted|p1a: Scream Tail\n|-damage|p1a: Scream Tail|222/330\n|\n|-heal|p1a: Scream Tail|242/330|[from] item: Leftovers\n|upkeep\n|turn|18\n|inactive|Time left: 300 sec this turn | 300 sec total\n|\n|t:|1783536228\n|move|p1a: Scream Tail|Wish|p1a: Scream Tail\n|move|p2a: Carbink|Body Press|p1a: Scream Tail\n|-resisted|p1a: Scream Tail\n|-damage|p1a: Scream Tail|179/330\n|\n|-heal|p1a: Scream Tail|199/330|[from] item: Leftovers\n|upkeep\n|turn|19\n|inactive|Time left: 300 sec this turn | 300 sec total\n|\n|t:|1783536229\n|move|p1a: Scream Tail|Dazzling Gleam|p2a: Carbink\n|-damage|p2a: Carbink|55/100 par\n|move|p2a: Carbink|Body Press|p1a: Scream Tail\n|-resisted|p1a: Scream Tail\n|-damage|p1a: Scream Tail|134/330\n|\n|-heal|p1a: Scream Tail|299/330|[from] move: Wish|[wisher] Scream Tail\n|-heal|p1a: Scream Tail|319/330|[from] item: Leftovers\n|upkeep\n|turn|20\n|inactive|Time left: 300 sec this turn | 300 sec total\n|\n|t:|1783536230\n|move|p1a: Scream Tail|Thunder Wave|p2a: Carbink\n|-fail|p2a: Carbink|par\n|move|p2a: Carbink|Body Press|p1a: Scream Tail\n|-resisted|p1a: Scream Tail\n|-damage|p1a: Scream Tail|254/330\n|\n|-heal|p1a: Scream Tail|274/330|[from] item: Leftovers\n|upkeep\n|turn|21\n|inactive|Time left: 300 sec this turn | 300 sec total\n|\n|t:|1783536231\n|move|p1a: Scream Tail|Protect|p1a: Scream Tail\n|-singleturn|p1a: Scream Tail|Protect\n|move|p2a: Carbink|Body Press|p1a: Scream Tail\n|-activate|p1a: Scream Tail|move: Protect\n|\n|-heal|p1a: Scream Tail|294/330|[from] item: Leftovers\n|upkeep\n|turn|22\n|inactive|Time left: 300 sec this turn | 300 sec total\n|\n|t:|1783536232\n|move|p1a: Scream Tail|Dazzling Gleam|p2a: Carbink\n|-crit|p2a: Carbink\n|-damage|p2a: Carbink|29/100 par\n|cant|p2a: Carbink|par\n|\n|-heal|p1a: Scream Tail|314/330|[from] item: Leftovers\n|upkeep\n|turn|23\n|inactive|Time left: 300 sec this turn | 300 sec total\n|\n|t:|1783536233\n|move|p1a: Scream Tail|Dazzling Gleam|p2a: Carbink\n|-damage|p2a: Carbink|17/100 par\n|move|p2a: Carbink|Rest|p2a: Carbink\n|-status|p2a: Carbink|slp|[from] move: Rest\n|-heal|p2a: Carbink|100/100 slp|[silent]\n|\n|-heal|p1a: Scream Tail|330/330|[from] item: Leftovers\n|upkeep\n|turn|24\n|inactive|Time left: 300 sec this turn | 300 sec total\n|\n|t:|1783536234\n|-end|p1a: Scream Tail|Protosynthesis|[silent]\n|switch|p1a: Medicham|Medicham, L86, M|243/243\n|cant|p2a: Carbink|slp\n|\n|upkeep\n|turn|25\n|inactive|Time left: 300 sec this turn | 300 sec total\n|\n|t:|1783536235\n|move|p1a: Medicham|Zen Headbutt|p2a: Carbink\n|-damage|p2a: Carbink|85/100 slp\n|cant|p2a: Carbink|slp\n|\n|upkeep\n|turn|26\n|inactive|Time left: 300 sec this turn | 300 sec total\n|\n|t:|1783536236\n|switch|p1a: Scream Tail|Scream Tail, L84|330/330\n|-curestatus|p2a: Carbink|slp|[msg]\n|move|p2a: Carbink|Body Press|p1a: Scream Tail\n|-resisted|p1a: Scream Tail\n|-damage|p1a: Scream Tail|265/330\n|\n|-heal|p1a: Scream Tail|285/330|[from] item: Leftovers\n|upkeep\n|turn|27\n|inactive|Time left: 300 sec this turn | 300 sec total\n|\n|t:|1783536237\n|move|p1a: Scream Tail|Thunder Wave|p2a: Carbink\n|-status|p2a: Carbink|par\n|move|p2a: Carbink|Moonblast|p1a: Scream Tail\n|-damage|p1a: Scream Tail|219/330\n|\n|-heal|p1a: Scream Tail|239/330|[from] item: Leftovers\n|upkeep\n|turn|28\n|inactive|Time left: 300 sec this turn | 300 sec total\n|\n|t:|1783536238\n|move|p1a: Scream Tail|Wish|p1a: Scream Tail\n|move|p2a: Carbink|Moonblast|p1a: Scream Tail\n|-damage|p1a: Scream Tail|182/330\n|\n|-heal|p1a: Scream Tail|202/330|[from] item: Leftovers\n|upkeep\n|turn|29\n|inactive|Time left: 300 sec this turn | 300 sec total\n|\n|t:|1783536239\n|move|p1a: Scream Tail|Dazzling Gleam|p2a: Carbink\n|-damage|p2a: Carbink|70/100 par\n|move|p2a: Carbink|Iron Defense|p2a: Carbink\n|-boost|p2a: Carbink|def|2\n|\n|-heal|p1a: Scream Tail|330/330|[from] move: Wish|[wisher] Scream Tail\n|upkeep\n|turn|30\n|inactive|Time left: 300 sec this turn | 300 sec total\n|\n|t:|1783536240\n|move|p1a: Scream Tail|Dazzling Gleam|p2a: Carbink\n|-damage|p2a: Carbink|53/100 par\n|move|p2a: Carbink|Body Press|p1a: Scream Tail\n|-resisted|p1a: Scream Tail\n|-damage|p1a: Scream Tail|244/330\n|\n|-heal|p1a: Scream Tail|264/330|[from] item: Leftovers\n|upkeep\n|turn|31\n|inactive|Time left: 300 sec this turn | 300 sec total\n|\n|t:|1783536241\n|move|p1a: Scream Tail|Dazzling Gleam|p2a: Carbink\n|-crit|p2a: Carbink\n|-damage|p2a: Carbink|27/100 par\n|move|p2a: Carbink|Rest|p2a: Carbink\n|-status|p2a: Carbink|slp|[from] move: Rest\n|-heal|p2a: Carbink|100/100 slp|[silent]\n|\n|-heal|p1a: Scream Tail|284/330|[from] item: Leftovers\n|upkeep\n|turn|32\n|inactive|Time left: 300 sec this turn | 300 sec total\n|\n|t:|1783536242\n|move|p1a: Scream Tail|Dazzling Gleam|p2a: Carbink\n|-damage|p2a: Carbink|85/100 slp\n|cant|p2a: Carbink|slp\n|\n|-heal|p1a: Scream Tail|304/330|[from] item: Leftovers\n|upkeep\n|turn|33\n|inactive|Time left: 300 sec this turn | 300 sec total\n|\n|t:|1783536243\n|move|p1a: Scream Tail|Dazzling Gleam|p2a: Carbink\n|-damage|p2a: Carbink|70/100 slp\n|cant|p2a: Carbink|slp\n|\n|-heal|p1a: Scream Tail|324/330|[from] item: Leftovers\n|upkeep\n|turn|34\n|inactive|Time left: 300 sec this turn | 300 sec total\n|\n|t:|1783536245\n|move|p1a: Scream Tail|Dazzling Gleam|p2a: Carbink\n|-damage|p2a: Carbink|54/100 slp\n|-curestatus|p2a: Carbink|slp|[msg]\n|move|p2a: Carbink|Body Press|p1a: Scream Tail\n|-resisted|p1a: Scream Tail\n|-damage|p1a: Scream Tail|241/330\n|\n|-heal|p1a: Scream Tail|261/330|[from] item: Leftovers\n|upkeep\n|turn|35\n|inactive|Time left: 300 sec this turn | 300 sec total\n|\n|t:|1783536245\n|move|p1a: Scream Tail|Thunder Wave|p2a: Carbink\n|-status|p2a: Carbink|par\n|move|p2a: Carbink|Moonblast|p1a: Scream Tail\n|-damage|p1a: Scream Tail|201/330\n|-unboost|p1a: Scream Tail|spa|1\n|\n|-heal|p1a: Scream Tail|221/330|[from] item: Leftovers\n|upkeep\n|turn|36\n|inactive|Time left: 300 sec this turn | 300 sec total\n|\n|t:|1783536246\n|move|p1a: Scream Tail|Wish|p1a: Scream Tail\n|move|p2a: Carbink|Body Press|p1a: Scream Tail\n|-resisted|p1a: Scream Tail\n|-damage|p1a: Scream Tail|130/330\n|\n|-heal|p1a: Scream Tail|150/330|[from] item: Leftovers\n|upkeep\n|turn|37\n|inactive|Time left: 300 sec this turn | 300 sec total\n|\n|t:|1783536247\n|move|p1a: Scream Tail|Protect|p1a: Scream Tail\n|-singleturn|p1a: Scream Tail|Protect\n|move|p2a: Carbink|Body Press|p1a: Scream Tail\n|-activate|p1a: Scream Tail|move: Protect\n|\n|-heal|p1a: Scream Tail|315/330|[from] move: Wish|[wisher] Scream Tail\n|-heal|p1a: Scream Tail|330/330|[from] item: Leftovers\n|upkeep\n|turn|38\n|inactive|Time left: 300 sec this turn | 300 sec total\n|\n|t:|1783536248\n|move|p1a: Scream Tail|Protect||[still]\n|-fail|p1a: Scream Tail\n|cant|p2a: Carbink|par\n|\n|upkeep\n|turn|39\n|inactive|Time left: 300 sec this turn | 300 sec total\n|\n|t:|1783536249\n|move|p1a: Scream Tail|Dazzling Gleam|p2a: Carbink\n|-damage|p2a: Carbink|42/100 par\n|move|p2a: Carbink|Body Press|p1a: Scream Tail\n|-resisted|p1a: Scream Tail\n|-damage|p1a: Scream Tail|253/330\n|\n|-heal|p1a: Scream Tail|273/330|[from] item: Leftovers\n|upkeep\n|turn|40\n|inactive|Time left: 300 sec this turn | 300 sec total\n|\n|t:|1783536250\n|move|p1a: Scream Tail|Protect|p1a: Scream Tail\n|-singleturn|p1a: Scream Tail|Protect\n|move|p2a: Carbink|Rest|p2a: Carbink\n|-status|p2a: Carbink|slp|[from] move: Rest\n|-heal|p2a: Carbink|100/100 slp|[silent]\n|\n|-heal|p1a: Scream Tail|293/330|[from] item: Leftovers\n|upkeep\n|turn|41\n|inactive|Time left: 300 sec this turn | 300 sec total\n|\n|t:|1783536251\n|move|p1a: Scream Tail|Dazzling Gleam|p2a: Carbink\n|-damage|p2a: Carbink|88/100 slp\n|cant|p2a: Carbink|slp\n|\n|-heal|p1a: Scream Tail|313/330|[from] item: Leftovers\n|upkeep\n|turn|42\n|inactive|Time left: 300 sec this turn | 300 sec total\n|\n|t:|1783536252\n|move|p1a: Scream Tail|Wish|p1a: Scream Tail\n|cant|p2a: Carbink|slp\n|\n|-heal|p1a: Scream Tail|330/330|[from] item: Leftovers\n|upkeep\n|turn|43\n|inactive|Time left: 300 sec this turn | 300 sec total\n|\n|t:|1783536253\n|move|p1a: Scream Tail|Protect|p1a: Scream Tail\n|-singleturn|p1a: Scream Tail|Protect\n|-curestatus|p2a: Carbink|slp|[msg]\n|move|p2a: Carbink|Iron Defense|p2a: Carbink\n|-boost|p2a: Carbink|def|0\n|\n|upkeep\n|turn|44\n|inactive|Time left: 300 sec this turn | 300 sec total\n|\n|t:|1783536254\n|move|p1a: Scream Tail|Thunder Wave|p2a: Carbink\n|-status|p2a: Carbink|par\n|move|p2a: Carbink|Moonblast|p1a: Scream Tail\n|-damage|p1a: Scream Tail|270/330\n|\n|-heal|p1a: Scream Tail|290/330|[from] item: Leftovers\n|upkeep\n|turn|45\n|inactive|Time left: 300 sec this turn | 300 sec total\n|\n|t:|1783536255\n|move|p1a: Scream Tail|Wish|p1a: Scream Tail\n|move|p2a: Carbink|Moonblast|p1a: Scream Tail\n|-damage|p1a: Scream Tail|227/330\n|\n|-heal|p1a: Scream Tail|247/330|[from] item: Leftovers\n|upkeep\n|turn|46\n|inactive|Time left: 300 sec this turn | 300 sec total\n|\n|t:|1783536256\n|move|p1a: Scream Tail|Wish||[still]\n|-fail|p1a: Scream Tail\n|move|p2a: Carbink|Iron Defense|p2a: Carbink\n|-boost|p2a: Carbink|def|0\n|\n|-heal|p1a: Scream Tail|330/330|[from] move: Wish|[wisher] Scream Tail\n|upkeep\n|turn|47\n|inactive|Time left: 300 sec this turn | 300 sec total\n|\n|t:|1783536257\n|move|p1a: Scream Tail|Protect|p1a: Scream Tail\n|-singleturn|p1a: Scream Tail|Protect\n|cant|p2a: Carbink|par\n|\n|upkeep\n|turn|48\n|inactive|Time left: 300 sec this turn | 300 sec total\n|\n|t:|1783536258\n|move|p1a: Scream Tail|Thunder Wave|p2a: Carbink\n|-fail|p2a: Carbink|par\n|cant|p2a: Carbink|par\n|\n|upkeep\n|turn|49\n|inactive|Time left: 300 sec this turn | 300 sec total\n|\n|t:|1783536259\n|move|p1a: Scream Tail|Thunder Wave|p2a: Carbink\n|-fail|p2a: Carbink|par\n|move|p2a: Carbink|Body Press|p1a: Scream Tail\n|-resisted|p1a: Scream Tail\n|-damage|p1a: Scream Tail|242/330\n|\n|-heal|p1a: Scream Tail|262/330|[from] item: Leftovers\n|upkeep\n|turn|50\n|inactive|Time left: 300 sec this turn | 300 sec total\n|\n|t:|1783536260\n|-end|p1a: Scream Tail|Protosynthesis|[silent]\n|switch|p1a: Glastrier|Glastrier, L86|312/312\n|cant|p2a: Carbink|par\n|\n|upkeep\n|turn|51\n|inactive|Time left: 300 sec this turn | 300 sec total\n|\n|t:|1783536261\n|move|p1a: Glastrier|Swords Dance|p1a: Glastrier\n|-boost|p1a: Glastrier|atk|2\n|move|p2a: Carbink|Moonblast|p1a: Glastrier\n|-damage|p1a: Glastrier|252/312\n|\n|upkeep\n|turn|52\n|inactive|Time left: 300 sec this turn | 300 sec total\n|\n|t:|1783536262\n|move|p1a: Glastrier|Swords Dance|p1a: Glastrier\n|-boost|p1a: Glastrier|atk|2\n|cant|p2a: Carbink|par\n|\n|upkeep\n|turn|53\n|inactive|Time left: 300 sec this turn | 300 sec total\n|\n|t:|1783536263\n|-terastallize|p2a: Carbink|Fighting\n|move|p1a: Glastrier|High Horsepower|p2a: Carbink\n|-damage|p2a: Carbink|68/100 par\n|move|p2a: Carbink|Moonblast|p1a: Glastrier\n|-damage|p1a: Glastrier|192/312\n|-unboost|p1a: Glastrier|spa|1\n|\n|upkeep\n|turn|54\n|inactive|Time left: 300 sec this turn | 300 sec total\n|\n|t:|1783536264\n|move|p1a: Glastrier|Icicle Crash|p2a: Carbink\n|-damage|p2a: Carbink|45/100 par\n|move|p2a: Carbink|Moonblast|p1a: Glastrier\n|-damage|p1a: Glastrier|135/312\n|\n|upkeep\n|turn|55\n|inactive|Time left: 300 sec this turn | 300 sec total\n|\n|t:|1783536266\n|move|p1a: Glastrier|Icicle Crash|p2a: Carbink\n|-damage|p2a: Carbink|21/100 par\n|cant|p2a: Carbink|flinch\n|\n|upkeep\n|turn|56\n|inactive|Time left: 300 sec this turn | 300 sec total\n|\n|t:|1783536266\n|move|p1a: Glastrier|Icicle Crash|p2a: Carbink\n|-damage|p2a: Carbink|0 fnt\n|faint|p2a: Carbink\n|-ability|p1a: Glastrier|Chilling Neigh|boost\n|-boost|p1a: Glastrier|atk|1\n|\n|upkeep\n|\n|t:|1783536267\n|switch|p2a: Cobalion|Cobalion, L80|100/100\n|turn|57\n|inactive|Time left: 300 sec this turn | 300 sec total\n|\n|t:|1783536268\n|-terastallize|p1a: Glastrier|Ground\n|move|p2a: Cobalion|Body Press|p1a: Glastrier\n|-damage|p1a: Glastrier|63/312\n|move|p1a: Glastrier|High Horsepower|p2a: Cobalion\n|-supereffective|p2a: Cobalion\n|-damage|p2a: Cobalion|0 fnt\n|faint|p2a: Cobalion\n|-ability|p1a: Glastrier|Chilling Neigh|boost\n|-boost|p1a: Glastrier|atk|1\n|\n|upkeep\n|\n|t:|1783536269\n|switch|p2a: Serperior|Serperior, L79, M|100/100\n|turn|58\n|inactive|Time left: 300 sec this turn | 300 sec total\n|\n|t:|1783536270\n|move|p2a: Serperior|Leaf Storm|p1a: Glastrier\n|-supereffective|p1a: Glastrier\n|-damage|p1a: Glastrier|0 fnt\n|-boost|p2a: Serperior|spa|2\n|faint|p1a: Glastrier\n|\n|upkeep\n|inactive|Time left: 300 sec this turn | 300 sec total | 5 sec grace\n|\n|t:|1783536271\n|switch|p1a: Honchkrow|Honchkrow, L86, M|312/312\n|turn|59\n|inactive|Time left: 300 sec this turn | 300 sec total\n|\n|t:|1783536272\n|switch|p2a: Coalossal|Coalossal, L89, F|100/100\n|move|p1a: Honchkrow|Brave Bird|p2a: Coalossal\n|-resisted|p2a: Coalossal\n|-damage|p2a: Coalossal|83/100\n|-damage|p1a: Honchkrow|293/312|[from] Recoil\n|\n|upkeep\n|turn|60\n|inactive|Time left: 300 sec this turn | 300 sec total\n|\n|t:|1783536274\n|switch|p1a: Medicham|Medicham, L86, M|243/243\n|move|p2a: Coalossal|Stone Edge|p1a: Medicham\n|-resisted|p1a: Medicham\n|-damage|p1a: Medicham|184/243\n|\n|upkeep\n|turn|61\n|inactive|Time left: 300 sec this turn | 300 sec total\n|\n|t:|1783536275\n|move|p1a: Medicham|Close Combat|p2a: Coalossal\n|-supereffective|p2a: Coalossal\n|-damage|p2a: Coalossal|0 fnt\n|-unboost|p1a: Medicham|def|1\n|-unboost|p1a: Medicham|spd|1\n|faint|p2a: Coalossal\n|\n|upkeep\n|\n|t:|1783536276\n|switch|p2a: Serperior|Serperior, L79, M|100/100\n|turn|62\n|inactive|Time left: 300 sec this turn | 300 sec total\n|\n|t:|1783536277\n|move|p2a: Serperior|Substitute|p2a: Serperior\n|-start|p2a: Serperior|Substitute\n|-damage|p2a: Serperior|75/100\n|move|p1a: Medicham|Close Combat|p2a: Serperior\n|-end|p2a: Serperior|Substitute\n|-unboost|p1a: Medicham|def|1\n|-unboost|p1a: Medicham|spd|1\n|\n|-heal|p2a: Serperior|82/100|[from] item: Leftovers\n|upkeep\n|turn|63\n|inactive|Time left: 300 sec this turn | 300 sec total\n|\n|t:|1783536278\n|move|p2a: Serperior|Substitute|p2a: Serperior\n|-start|p2a: Serperior|Substitute\n|-damage|p2a: Serperior|57/100\n|move|p1a: Medicham|Close Combat|p2a: Serperior\n|-end|p2a: Serperior|Substitute\n|-unboost|p1a: Medicham|def|1\n|-unboost|p1a: Medicham|spd|1\n|\n|-heal|p2a: Serperior|63/100|[from] item: Leftovers\n|upkeep\n|turn|64\n|inactive|Time left: 300 sec this turn | 300 sec total\n|\n|t:|1783536279\n|move|p2a: Serperior|Substitute|p2a: Serperior\n|-start|p2a: Serperior|Substitute\n|-damage|p2a: Serperior|38/100\n|move|p1a: Medicham|Close Combat|p2a: Serperior\n|-end|p2a: Serperior|Substitute\n|-unboost|p1a: Medicham|def|1\n|-unboost|p1a: Medicham|spd|1\n|\n|-heal|p2a: Serperior|44/100|[from] item: Leftovers\n|upkeep\n|turn|65\n|inactive|Time left: 300 sec this turn | 300 sec total\n|\n|t:|1783536280\n|move|p2a: Serperior|Leaf Storm|p1a: Medicham\n|-damage|p1a: Medicham|0 fnt\n|-boost|p2a: Serperior|spa|2\n|faint|p1a: Medicham\n|\n|-heal|p2a: Serperior|50/100|[from] item: Leftovers\n|upkeep\n|inactive|Time left: 300 sec this turn | 300 sec total | 5 sec grace\n|\n|t:|1783536280\n|switch|p1a: Honchkrow|Honchkrow, L86, M|293/312\n|turn|66\n|inactive|Time left: 300 sec this turn | 300 sec total\n|\n|t:|1783536281\n|move|p2a: Serperior|Substitute|p2a: Serperior\n|-start|p2a: Serperior|Substitute\n|-damage|p2a: Serperior|25/100\n|move|p1a: Honchkrow|Brave Bird|p2a: Serperior\n|-supereffective|p2a: Serperior\n|-end|p2a: Serperior|Substitute\n|-damage|p1a: Honchkrow|273/312|[from] Recoil|[of] p2a: Serperior\n|\n|-heal|p2a: Serperior|31/100|[from] item: Leftovers\n|upkeep\n|turn|67\n|inactive|Time left: 300 sec this turn | 300 sec total\n|\n|t:|1783536282\n|move|p2a: Serperior|Substitute|p2a: Serperior\n|-start|p2a: Serperior|Substitute\n|-damage|p2a: Serperior|6/100\n|move|p1a: Honchkrow|U-turn|p2a: Serperior\n|-supereffective|p2a: Serperior\n|-end|p2a: Serperior|Substitute\n|inactive|Time left: 300 sec this turn | 300 sec total | 5 sec grace\n|\n|t:|1783536283\n|switch|p1a: Iron Hands|Iron Hands, L79|373/373|[from] U-turn\n|\n|-heal|p2a: Serperior|12/100|[from] item: Leftovers\n|upkeep\n|turn|68\n|inactive|Time left: 300 sec this turn | 300 sec total\n|\n|t:|1783536284\n|move|p2a: Serperior|Leech Seed|p1a: Iron Hands\n|-start|p1a: Iron Hands|move: Leech Seed\n|move|p1a: Iron Hands|Thunder Punch|p2a: Serperior\n|-resisted|p2a: Serperior\n|-damage|p2a: Serperior|0 fnt\n|faint|p2a: Serperior\n|\n|win|p0x211b250", "uploadtime": 1783536284, "views": 0, "rating": 0, "private": 0, "password": null, "_winner": "p0x211b250", "_our_name": "p0x211b250"}