{"id": "battle-gen9randombattle-420", "formatid": "gen9randombattle", "format": "[Gen 9] Random Battle", "players": ["p0x4206e97", "p0y4206fbb"], "log": "|init|battle\n|title|p0x4206e97 vs. p0y4206fbb\n|j|\u2606p0x4206e97\n|j|\u2606p0y4206fbb\n|t:|1783543916\n|gametype|singles\n|player|p1|p0x4206e97|101|\n|player|p2|p0y4206fbb|101|\n|gen|9\n|tier|[Gen 9] Random Battle\n|rule|Species Clause: Limit one of each Pok\u00e9mon\n|rule|HP Percentage Mod: HP is shown in percentages\n|rule|Sleep Clause Mod: Limit one foe put to sleep\n|rule|Illusion Level Mod: Illusion disguises the Pok\u00e9mon's true level\n|\n|t:|1783543916\n|teamsize|p1|6\n|teamsize|p2|6\n|start\n|switch|p1a: Dudunsparce|Dudunsparce-Three-Segment, L83, F|343/343\n|switch|p2a: Flareon|Flareon, L90, F|100/100\n|turn|1\n|inactive|Battle timer is ON: inactive players will automatically lose when time's up. (requested by p0y4206fbb)\n|inactive|Time left: 300 sec this turn | 300 sec total | 60 sec grace\n|inactive|p0x4206e97 also wants the timer to be on.\n|\n|t:|1783543918\n|move|p2a: Flareon|Flare Blitz|p1a: Dudunsparce\n|-damage|p1a: Dudunsparce|157/343\n|-damage|p2a: Flareon|77/100|[from] Recoil\n|move|p1a: Dudunsparce|Boomburst|p2a: Flareon\n|-damage|p2a: Flareon|35/100\n|\n|-heal|p1a: Dudunsparce|178/343|[from] item: Leftovers\n|-status|p2a: Flareon|tox|[from] item: Toxic Orb\n|upkeep\n|turn|2\n|inactive|Time left: 300 sec this turn | 300 sec total\n|\n|t:|1783543919\n|switch|p1a: Latias|Latias, L79, F|256/256\n|move|p2a: Flareon|Facade|p1a: Latias\n|-damage|p1a: Latias|45/256\n|\n|-damage|p2a: Flareon|29/100 tox|[from] psn\n|upkeep\n|turn|3\n|inactive|Time left: 300 sec this turn | 300 sec total\n|\n|t:|1783543920\n|move|p2a: Flareon|Quick Attack|p1a: Latias\n|-damage|p1a: Latias|0 fnt\n|faint|p1a: Latias\n|\n|-damage|p2a: Flareon|17/100 tox|[from] psn\n|upkeep\n|inactive|Time left: 300 sec this turn | 300 sec total | 5 sec grace\n|\n|t:|1783543921\n|switch|p1a: Leafeon|Leafeon, L88, M|258/258\n|turn|4\n|inactive|Time left: 300 sec this turn | 300 sec total\n|\n|t:|1783543923\n|switch|p2a: Enamorus|Enamorus-Therian, L83, F|100/100\n|move|p1a: Leafeon|Knock Off|p2a: Enamorus\n|-resisted|p2a: Enamorus\n|-damage|p2a: Enamorus|87/100\n|-enditem|p2a: Enamorus|Choice Specs|[from] move: Knock Off|[of] p1a: Leafeon\n|\n|upkeep\n|turn|5\n|inactive|Time left: 300 sec this turn | 300 sec total\n|\n|t:|1783543924\n|move|p1a: Leafeon|Substitute|p1a: Leafeon\n|-start|p1a: Leafeon|Substitute\n|-damage|p1a: Leafeon|194/258\n|move|p2a: Enamorus|Moonblast|p1a: Leafeon\n|-end|p1a: Leafeon|Substitute\n|\n|-heal|p1a: Leafeon|210/258|[from] item: Leftovers\n|upkeep\n|turn|6\n|inactive|Time left: 300 sec this turn | 300 sec total\n|\n|t:|1783543925\n|move|p1a: Leafeon|Substitute|p1a: Leafeon\n|-start|p1a: Leafeon|Substitute\n|-damage|p1a: Leafeon|146/258\n|move|p2a: Enamorus|Moonblast|p1a: Leafeon\n|-end|p1a: Leafeon|Substitute\n|\n|-heal|p1a: Leafeon|162/258|[from] item: Leftovers\n|upkeep\n|turn|7\n|inactive|Time left: 300 sec this turn | 300 sec total\n|\n|t:|1783543926\n|switch|p1a: Oranguru|Oranguru, L92, M|315/315\n|move|p2a: Enamorus|Moonblast|p1a: Oranguru\n|-damage|p1a: Oranguru|222/315\n|-unboost|p1a: Oranguru|spa|1\n|\n|upkeep\n|turn|8\n|inactive|Time left: 300 sec this turn | 300 sec total\n|\n|t:|1783543927\n|move|p1a: Oranguru|Hyper Voice|p2a: Enamorus\n|-damage|p2a: Enamorus|52/100\n|move|p2a: Enamorus|Moonblast|p1a: Oranguru\n|-damage|p1a: Oranguru|126/315\n|\n|upkeep\n|turn|9\n|inactive|Time left: 300 sec this turn | 300 sec total\n|\n|t:|1783543928\n|move|p1a: Oranguru|Hyper Voice|p2a: Enamorus\n|-damage|p2a: Enamorus|16/100\n|move|p2a: Enamorus|Moonblast|p1a: Oranguru\n|-damage|p1a: Oranguru|32/315\n|\n|upkeep\n|turn|10\n|inactive|Time left: 300 sec this turn | 300 sec total\n|\n|t:|1783543929\n|move|p1a: Oranguru|Hyper Voice|p2a: Enamorus\n|-damage|p2a: Enamorus|0 fnt\n|faint|p2a: Enamorus\n|\n|upkeep\n|\n|t:|1783543930\n|switch|p2a: Tauros|Tauros-Paldea-Blaze, L81, M|100/100\n|turn|11\n|inactive|Time left: 300 sec this turn | 300 sec total\n|\n|t:|1783543931\n|move|p2a: Tauros|Raging Bull|p1a: Oranguru\n|-damage|p1a: Oranguru|0 fnt\n|faint|p1a: Oranguru\n|\n|upkeep\n|inactive|Time left: 300 sec this turn | 300 sec total | 5 sec grace\n|\n|t:|1783543932\n|switch|p1a: Spidops|Spidops, L96, M|271/271\n|turn|12\n|inactive|Time left: 300 sec this turn | 300 sec total\n|\n|t:|1783543933\n|move|p2a: Tauros|Raging Bull|p1a: Spidops\n|-supereffective|p1a: Spidops\n|-damage|p1a: Spidops|89/271\n|move|p1a: Spidops|Sticky Web|p2a: Tauros\n|-sidestart|p2: p0y4206fbb|move: Sticky Web\n|\n|upkeep\n|turn|13\n|inactive|Time left: 300 sec this turn | 300 sec total\n|\n|t:|1783543934\n|switch|p1a: Torkoal|Torkoal, L88, M|266/266\n|-weather|SunnyDay|[from] ability: Drought|[of] p1a: Torkoal\n|move|p2a: Tauros|Raging Bull|p1a: Torkoal\n|-resisted|p1a: Torkoal\n|-damage|p1a: Torkoal|215/266\n|\n|-weather|SunnyDay|[upkeep]\n|upkeep\n|turn|14\n|inactive|Time left: 300 sec this turn | 300 sec total\n|\n|t:|1783543935\n|move|p2a: Tauros|Bulk Up|p2a: Tauros\n|-boost|p2a: Tauros|atk|1\n|-boost|p2a: Tauros|def|1\n|move|p1a: Torkoal|Fire Blast|p2a: Tauros|[miss]\n|-miss|p1a: Torkoal|p2a: Tauros\n|\n|-weather|SunnyDay|[upkeep]\n|upkeep\n|turn|15\n|inactive|Time left: 300 sec this turn | 300 sec total\n|\n|t:|1783543936\n|move|p2a: Tauros|Raging Bull|p1a: Torkoal\n|-resisted|p1a: Torkoal\n|-damage|p1a: Torkoal|147/266\n|move|p1a: Torkoal|Fire Blast|p2a: Tauros\n|-resisted|p2a: Tauros\n|-damage|p2a: Tauros|58/100\n|\n|-weather|SunnyDay|[upkeep]\n|upkeep\n|turn|16\n|inactive|Time left: 300 sec this turn | 300 sec total\n|\n|t:|1783543938\n|move|p2a: Tauros|Bulk Up|p2a: Tauros\n|-boost|p2a: Tauros|atk|1\n|-boost|p2a: Tauros|def|1\n|move|p1a: Torkoal|Fire Blast|p2a: Tauros|[miss]\n|-miss|p1a: Torkoal|p2a: Tauros\n|\n|-weather|SunnyDay|[upkeep]\n|upkeep\n|turn|17\n|inactive|Time left: 300 sec this turn | 300 sec total\n|\n|t:|1783543939\n|move|p2a: Tauros|Close Combat|p1a: Torkoal\n|-damage|p1a: Torkoal|0 fnt\n|-unboost|p2a: Tauros|def|1\n|-unboost|p2a: Tauros|spd|1\n|faint|p1a: Torkoal\n|\n|-weather|none\n|upkeep\n|inactive|Time left: 300 sec this turn | 300 sec total | 5 sec grace\n|\n|t:|1783543940\n|switch|p1a: Leafeon|Leafeon, L88, M|162/258\n|turn|18\n|inactive|Time left: 300 sec this turn | 300 sec total\n|\n|t:|1783543941\n|move|p1a: Leafeon|Substitute|p1a: Leafeon\n|-start|p1a: Leafeon|Substitute\n|-damage|p1a: Leafeon|98/258\n|move|p2a: Tauros|Raging Bull|p1a: Leafeon\n|-supereffective|p1a: Leafeon\n|-end|p1a: Leafeon|Substitute\n|\n|-heal|p1a: Leafeon|114/258|[from] item: Leftovers\n|upkeep\n|turn|19\n|inactive|Time left: 300 sec this turn | 300 sec total\n|\n|t:|1783543942\n|move|p1a: Leafeon|Substitute|p1a: Leafeon\n|-start|p1a: Leafeon|Substitute\n|-damage|p1a: Leafeon|50/258\n|move|p2a: Tauros|Raging Bull|p1a: Leafeon\n|-supereffective|p1a: Leafeon\n|-end|p1a: Leafeon|Substitute\n|\n|-heal|p1a: Leafeon|66/258|[from] item: Leftovers\n|upkeep\n|turn|20\n|inactive|Time left: 300 sec this turn | 300 sec total\n|\n|t:|1783543943\n|move|p1a: Leafeon|Substitute|p1a: Leafeon\n|-start|p1a: Leafeon|Substitute\n|-damage|p1a: Leafeon|2/258\n|move|p2a: Tauros|Raging Bull|p1a: Leafeon\n|-supereffective|p1a: Leafeon\n|-end|p1a: Leafeon|Substitute\n|\n|-heal|p1a: Leafeon|18/258|[from] item: Leftovers\n|upkeep\n|turn|21\n|inactive|Time left: 300 sec this turn | 300 sec total\n|\n|t:|1783543944\n|move|p1a: Leafeon|Knock Off|p2a: Tauros\n|-resisted|p2a: Tauros\n|-damage|p2a: Tauros|49/100\n|-enditem|p2a: Tauros|Sitrus Berry|[from] move: Knock Off|[of] p1a: Leafeon\n|move|p2a: Tauros|Raging Bull|p1a: Leafeon\n|-supereffective|p1a: Leafeon\n|-damage|p1a: Leafeon|0 fnt\n|faint|p1a: Leafeon\n|\n|upkeep\n|inactive|Time left: 300 sec this turn | 300 sec total | 5 sec grace\n|\n|t:|1783543945\n|switch|p1a: Spidops|Spidops, L96, M|89/271\n|turn|22\n|inactive|Time left: 300 sec this turn | 300 sec total\n|\n|t:|1783543946\n|move|p2a: Tauros|Raging Bull|p1a: Spidops\n|-supereffective|p1a: Spidops\n|-damage|p1a: Spidops|0 fnt\n|faint|p1a: Spidops\n|\n|upkeep\n|inactive|Time left: 300 sec this turn | 300 sec total | 5 sec grace\n|\n|t:|1783543947\n|switch|p1a: Dudunsparce|Dudunsparce-Three-Segment, L83, F|178/343\n|turn|23\n|inactive|Time left: 300 sec this turn | 300 sec total\n|\n|t:|1783543948\n|-terastallize|p1a: Dudunsparce|Ghost\n|move|p2a: Tauros|Raging Bull|p1a: Dudunsparce\n|-damage|p1a: Dudunsparce|0 fnt\n|faint|p1a: Dudunsparce\n|\n|win|p0y4206fbb", "uploadtime": 1783543948, "views": 0, "rating": 0, "private": 0, "password": null, "_winner": "p0y4206fbb", "_our_name": "p0x4206e97"}