{"id": "battle-gen9randombattle-2121", "formatid": "gen9randombattle", "format": "[Gen 9] Random Battle", "players": ["p0x2121a9e9", "p0y21218208"], "log": "|init|battle\n|title|p0x2121a9e9 vs. p0y21218208\n|j|\u2606p0x2121a9e9\n|j|\u2606p0y21218208\n|t:|1783563775\n|gametype|singles\n|player|p1|p0x2121a9e9|170|\n|player|p2|p0y21218208|170|\n|gen|9\n|tier|[Gen 9] Random Battle\n|rule|Species Clause: Limit one of each Pok\u00e9mon\n|rule|HP Percentage Mod: HP is shown in percentages\n|rule|Sleep Clause Mod: Limit one foe put to sleep\n|rule|Illusion Level Mod: Illusion disguises the Pok\u00e9mon's true level\n|\n|t:|1783563775\n|teamsize|p1|6\n|teamsize|p2|6\n|start\n|switch|p1a: Blastoise|Blastoise, L80, M|258/258\n|switch|p2a: Quaquaval|Quaquaval, L79, M|100/100\n|turn|1\n|inactive|Battle timer is ON: inactive players will automatically lose when time's up. (requested by p0y21218208)\n|inactive|Time left: 300 sec this turn | 300 sec total | 60 sec grace\n|inactive|p0x2121a9e9 also wants the timer to be on.\n|\n|t:|1783563776\n|move|p2a: Quaquaval|Swords Dance|p2a: Quaquaval\n|-boost|p2a: Quaquaval|atk|2\n|move|p1a: Blastoise|Shell Smash|p1a: Blastoise\n|-unboost|p1a: Blastoise|def|1\n|-unboost|p1a: Blastoise|spd|1\n|-boost|p1a: Blastoise|atk|2\n|-boost|p1a: Blastoise|spa|2\n|-boost|p1a: Blastoise|spe|2\n|-enditem|p1a: Blastoise|White Herb\n|-clearnegativeboost|p1a: Blastoise|[silent]\n|\n|upkeep\n|turn|2\n|inactive|Time left: 300 sec this turn | 300 sec total\n|\n|t:|1783563778\n|move|p1a: Blastoise|Hydro Pump|p2a: Quaquaval|[miss]\n|-miss|p1a: Blastoise|p2a: Quaquaval\n|move|p2a: Quaquaval|Close Combat|p1a: Blastoise\n|-damage|p1a: Blastoise|0 fnt\n|-unboost|p2a: Quaquaval|def|1\n|-unboost|p2a: Quaquaval|spd|1\n|faint|p1a: Blastoise\n|-ability|p2a: Quaquaval|Moxie|boost\n|-boost|p2a: Quaquaval|atk|1\n|-damage|p2a: Quaquaval|91/100|[from] item: Life Orb\n|\n|upkeep\n|inactive|Time left: 300 sec this turn | 300 sec total | 5 sec grace\n|\n|t:|1783563779\n|switch|p1a: Miraidon|Miraidon, L65|238/238\n|-fieldstart|move: Electric Terrain|[from] ability: Hadron Engine|[of] p1a: Miraidon\n|turn|3\n|inactive|Time left: 300 sec this turn | 300 sec total\n|\n|t:|1783563780\n|switch|p2a: Mamoswine|Mamoswine, L81, F|100/100\n|move|p1a: Miraidon|Electro Drift|p2a: Mamoswine\n|-immune|p2a: Mamoswine\n|\n|upkeep\n|turn|4\n|inactive|Time left: 300 sec this turn | 300 sec total\n|\n|t:|1783563781\n|switch|p1a: Arceus|Arceus-Rock, L74|300/300\n|move|p2a: Mamoswine|Earthquake|p1a: Arceus\n|-supereffective|p1a: Arceus\n|-damage|p1a: Arceus|0 fnt\n|faint|p1a: Arceus\n|\n|upkeep\n|inactive|Time left: 300 sec this turn | 300 sec total | 5 sec grace\n|\n|t:|1783563782\n|switch|p1a: Honchkrow|Honchkrow, L86, F|312/312\n|turn|5\n|inactive|Time left: 300 sec this turn | 300 sec total\n|\n|t:|1783563783\n|switch|p2a: Ampharos|Ampharos, L88, F|100/100\n|move|p1a: Honchkrow|Brave Bird|p2a: Ampharos\n|-resisted|p2a: Ampharos\n|-damage|p2a: Ampharos|76/100\n|-damage|p1a: Honchkrow|287/312|[from] Recoil\n|\n|upkeep\n|turn|6\n|inactive|Time left: 300 sec this turn | 300 sec total\n|\n|t:|1783563784\n|move|p1a: Honchkrow|U-turn|p2a: Ampharos\n|-damage|p2a: Ampharos|56/100\n|inactive|Time left: 300 sec this turn | 300 sec total | 5 sec grace\n|\n|t:|1783563785\n|switch|p1a: Sandy Shocks|Sandy Shocks, L80|267/267|[from] U-turn\n|move|p2a: Ampharos|Dazzling Gleam|p1a: Sandy Shocks\n|-damage|p1a: Sandy Shocks|173/267\n|-damage|p2a: Ampharos|46/100|[from] item: Life Orb\n|\n|-heal|p1a: Sandy Shocks|189/267|[from] item: Leftovers\n|upkeep\n|turn|7\n|inactive|Time left: 300 sec this turn | 300 sec total\n|\n|t:|1783563786\n|switch|p2a: Mamoswine|Mamoswine, L81, F|100/100\n|move|p1a: Sandy Shocks|Earth Power|p2a: Mamoswine\n|-damage|p2a: Mamoswine|54/100\n|\n|-heal|p1a: Sandy Shocks|205/267|[from] item: Leftovers\n|-fieldend|move: Electric Terrain\n|upkeep\n|turn|8\n|inactive|Time left: 300 sec this turn | 300 sec total\n|\n|t:|1783563787\n|move|p1a: Sandy Shocks|Earth Power|p2a: Mamoswine\n|-damage|p2a: Mamoswine|11/100\n|move|p2a: Mamoswine|Icicle Crash|p1a: Sandy Shocks\n|-supereffective|p1a: Sandy Shocks\n|-damage|p1a: Sandy Shocks|0 fnt\n|faint|p1a: Sandy Shocks\n|-end|p1a: Sandy Shocks|Protosynthesis|[silent]\n|\n|upkeep\n|inactive|Time left: 300 sec this turn | 300 sec total | 5 sec grace\n|\n|t:|1783563788\n|switch|p1a: Cinccino|Cinccino, L83, F|260/260\n|turn|9\n|inactive|Time left: 300 sec this turn | 300 sec total\n|\n|t:|1783563789\n|switch|p2a: Eiscue|Eiscue, L88, F|100/100\n|move|p1a: Cinccino|Tail Slap|p2a: Eiscue\n|-activate|p2a: Eiscue|ability: Ice Face\n|-damage|p2a: Eiscue|100/100\n|detailschange|p2a: Eiscue|Eiscue-Noice, L88, F\n|-damage|p2a: Eiscue|86/100\n|-damage|p2a: Eiscue|70/100\n|-damage|p2a: Eiscue|53/100\n|-damage|p2a: Eiscue|37/100\n|-enditem|p2a: Eiscue|Sitrus Berry|[eat]\n|-heal|p2a: Eiscue|62/100|[from] item: Sitrus Berry\n|-hitcount|p2a: Eiscue|5\n|\n|upkeep\n|turn|10\n|inactive|Time left: 300 sec this turn | 300 sec total\n|\n|t:|1783563789\n|move|p2a: Eiscue|Ice Spinner|p1a: Cinccino\n|-damage|p1a: Cinccino|160/260\n|move|p1a: Cinccino|Tail Slap|p2a: Eiscue\n|-crit|p2a: Eiscue\n|-damage|p2a: Eiscue|37/100\n|-damage|p2a: Eiscue|22/100\n|-damage|p2a: Eiscue|6/100\n|-damage|p2a: Eiscue|0 fnt\n|faint|p2a: Eiscue\n|-hitcount|p2: Eiscue|4\n|\n|upkeep\n|\n|t:|1783563790\n|switch|p2a: Mabosstiff|Mabosstiff, L86, M|100/100\n|turn|11\n|inactive|Time left: 300 sec this turn | 300 sec total\n|\n|t:|1783563791\n|-terastallize|p2a: Mabosstiff|Dark\n|move|p2a: Mabosstiff|Crunch|p1a: Cinccino\n|-damage|p1a: Cinccino|0 fnt\n|faint|p1a: Cinccino\n|\n|upkeep\n|inactive|Time left: 300 sec this turn | 300 sec total | 5 sec grace\n|\n|t:|1783563792\n|switch|p1a: Honchkrow|Honchkrow, L86, F|287/312\n|turn|12\n|inactive|Time left: 300 sec this turn | 300 sec total\n|\n|t:|1783563793\n|move|p2a: Mabosstiff|Crunch|p1a: Honchkrow\n|-resisted|p1a: Honchkrow\n|-damage|p1a: Honchkrow|182/312\n|move|p1a: Honchkrow|Heat Wave|p2a: Mabosstiff\n|-damage|p2a: Mabosstiff|71/100\n|\n|upkeep\n|turn|13\n|inactive|Time left: 300 sec this turn | 300 sec total\n|\n|t:|1783563794\n|move|p2a: Mabosstiff|Crunch|p1a: Honchkrow\n|-resisted|p1a: Honchkrow\n|-damage|p1a: Honchkrow|87/312\n|move|p1a: Honchkrow|Brave Bird|p2a: Mabosstiff\n|-damage|p2a: Mabosstiff|11/100\n|-damage|p1a: Honchkrow|32/312|[from] Recoil\n|\n|upkeep\n|turn|14\n|inactive|Time left: 300 sec this turn | 300 sec total\n|\n|t:|1783563795\n|move|p1a: Honchkrow|Sucker Punch|p2a: Mabosstiff\n|-resisted|p2a: Mabosstiff\n|-damage|p2a: Mabosstiff|0 fnt\n|faint|p2a: Mabosstiff\n|-ability|p1a: Honchkrow|Moxie|boost\n|-boost|p1a: Honchkrow|atk|1\n|\n|upkeep\n|\n|t:|1783563795\n|switch|p2a: Quaquaval|Quaquaval, L79, M|91/100\n|turn|15\n|inactive|Time left: 300 sec this turn | 300 sec total\n|\n|t:|1783563796\n|switch|p1a: Miraidon|Miraidon, L65|238/238\n|-fieldstart|move: Electric Terrain|[from] ability: Hadron Engine|[of] p1a: Miraidon\n|move|p2a: Quaquaval|Aqua Step|p1a: Miraidon\n|-resisted|p1a: Miraidon\n|-damage|p1a: Miraidon|169/238\n|-boost|p2a: Quaquaval|spe|1\n|-damage|p2a: Quaquaval|81/100|[from] item: Life Orb\n|\n|upkeep\n|turn|16\n|inactive|Time left: 300 sec this turn | 300 sec total\n|\n|t:|1783563797\n|switch|p1a: Honchkrow|Honchkrow, L86, F|32/312\n|move|p2a: Quaquaval|Close Combat|p1a: Honchkrow\n|-damage|p1a: Honchkrow|0 fnt\n|-unboost|p2a: Quaquaval|def|1\n|-unboost|p2a: Quaquaval|spd|1\n|faint|p1a: Honchkrow\n|-ability|p2a: Quaquaval|Moxie|boost\n|-boost|p2a: Quaquaval|atk|1\n|-damage|p2a: Quaquaval|71/100|[from] item: Life Orb\n|\n|upkeep\n|inactive|Time left: 300 sec this turn | 300 sec total | 5 sec grace\n|\n|t:|1783563798\n|switch|p1a: Miraidon|Miraidon, L65|169/238\n|-activate|p1a: Miraidon|ability: Hadron Engine\n|turn|17\n|inactive|Time left: 300 sec this turn | 300 sec total\n|\n|t:|1783563799\n|-terastallize|p1a: Miraidon|Electric\n|move|p2a: Quaquaval|Close Combat|p1a: Miraidon\n|-damage|p1a: Miraidon|0 fnt\n|-unboost|p2a: Quaquaval|def|1\n|-unboost|p2a: Quaquaval|spd|1\n|faint|p1a: Miraidon\n|-damage|p2a: Quaquaval|61/100|[from] item: Life Orb\n|\n|win|p0y21218208", "uploadtime": 1783563799, "views": 0, "rating": 0, "private": 0, "password": null, "_winner": "p0y21218208", "_our_name": "p0x2121a9e9"}