{"id": "battle-gen9randombattle-207", "formatid": "gen9randombattle", "format": "[Gen 9] Random Battle", "players": ["p0x20788de", "p0y207fdcb"], "log": "|init|battle\n|title|p0x20788de vs. p0y207fdcb\n|j|\u2606p0x20788de\n|j|\u2606p0y207fdcb\n|t:|1783535651\n|gametype|singles\n|player|p1|p0x20788de|1|\n|player|p2|p0y207fdcb|266|\n|gen|9\n|tier|[Gen 9] Random Battle\n|rule|Species Clause: Limit one of each Pok\u00e9mon\n|rule|HP Percentage Mod: HP is shown in percentages\n|rule|Sleep Clause Mod: Limit one foe put to sleep\n|rule|Illusion Level Mod: Illusion disguises the Pok\u00e9mon's true level\n|\n|t:|1783535651\n|teamsize|p1|6\n|teamsize|p2|6\n|start\n|switch|p1a: Zebstrika|Zebstrika, L87, F|100/100\n|switch|p2a: Metagross|Metagross, L79|256/256\n|turn|1\n|inactive|Battle timer is ON: inactive players will automatically lose when time's up. (requested by p0y207fdcb)\n|\n|t:|1783535653\n|move|p1a: Zebstrika|High Horsepower|p2a: Metagross\n|-supereffective|p2a: Metagross\n|-damage|p2a: Metagross|97/256\n|-damage|p1a: Zebstrika|91/100|[from] item: Life Orb\n|move|p2a: Metagross|Heavy Slam|p1a: Zebstrika\n|-resisted|p1a: Zebstrika\n|-damage|p1a: Zebstrika|39/100\n|\n|upkeep\n|turn|2\n|inactive|Time left: 300 sec this turn | 300 sec total\n|inactive|p0x20788de also wants the timer to be on.\n|\n|t:|1783535654\n|switch|p2a: Lurantis|Lurantis, L87, M|264/264\n|move|p1a: Zebstrika|Supercell Slam|p2a: Lurantis\n|-resisted|p2a: Lurantis\n|-damage|p2a: Lurantis|189/264\n|-damage|p1a: Zebstrika|29/100|[from] item: Life Orb\n|\n|upkeep\n|turn|3\n|inactive|Time left: 300 sec this turn | 300 sec total\n|\n|t:|1783535655\n|move|p1a: Zebstrika|Overheat|p2a: Lurantis\n|-supereffective|p2a: Lurantis\n|-damage|p2a: Lurantis|49/264\n|-unboost|p1a: Zebstrika|spa|2\n|-damage|p1a: Zebstrika|19/100|[from] item: Life Orb\n|move|p2a: Lurantis|Superpower|p1a: Zebstrika\n|-crit|p1a: Zebstrika\n|-damage|p1a: Zebstrika|0 fnt\n|-boost|p2a: Lurantis|atk|1\n|-boost|p2a: Lurantis|def|1\n|faint|p1a: Zebstrika\n|\n|upkeep\n|\n|t:|1783535656\n|switch|p1a: Clawitzer|Clawitzer, L87, M|100/100\n|turn|4\n|inactive|Time left: 300 sec this turn | 300 sec total\n|\n|t:|1783535657\n|move|p1a: Clawitzer|Aura Sphere|p2a: Lurantis\n|-damage|p2a: Lurantis|0 fnt\n|faint|p2a: Lurantis\n|\n|upkeep\n|inactive|Time left: 300 sec this turn | 300 sec total | 5 sec grace\n|\n|t:|1783535658\n|switch|p2a: Braviary|Braviary-Hisui, L85, M|326/326\n|turn|5\n|inactive|Time left: 300 sec this turn | 300 sec total\n|\n|t:|1783535659\n|move|p2a: Braviary|Hurricane|p1a: Clawitzer\n|-damage|p1a: Clawitzer|44/100\n|move|p1a: Clawitzer|Water Pulse|p2a: Braviary\n|-damage|p2a: Braviary|191/326\n|\n|upkeep\n|turn|6\n|inactive|Time left: 300 sec this turn | 300 sec total\n|\n|t:|1783535660\n|move|p2a: Braviary|Hurricane|p1a: Clawitzer|[miss]\n|-miss|p2a: Braviary|p1a: Clawitzer\n|move|p1a: Clawitzer|Water Pulse|p2a: Braviary\n|-damage|p2a: Braviary|46/326\n|\n|upkeep\n|turn|7\n|inactive|Time left: 300 sec this turn | 300 sec total\n|\n|t:|1783535661\n|move|p2a: Braviary|Psychic|p1a: Clawitzer\n|-damage|p1a: Clawitzer|0 fnt\n|faint|p1a: Clawitzer\n|\n|upkeep\n|\n|t:|1783535663\n|switch|p1a: Komala|Komala, L87, M|100/100\n|-ability|p1a: Komala|Comatose\n|turn|8\n|inactive|Time left: 300 sec this turn | 300 sec total\n|\n|t:|1783535664\n|switch|p2a: Cloyster|Cloyster, L80, M|211/211\n|move|p1a: Komala|Knock Off|p2a: Cloyster\n|-damage|p2a: Cloyster|160/211\n|-enditem|p2a: Cloyster|White Herb|[from] move: Knock Off|[of] p1a: Komala\n|\n|upkeep\n|turn|9\n|inactive|Time left: 300 sec this turn | 300 sec total\n|\n|t:|1783535665\n|switch|p1a: Necrozma|Necrozma, L80|100/100\n|move|p2a: Cloyster|Shell Smash|p2a: Cloyster\n|-unboost|p2a: Cloyster|def|1\n|-unboost|p2a: Cloyster|spd|1\n|-boost|p2a: Cloyster|atk|2\n|-boost|p2a: Cloyster|spa|2\n|-boost|p2a: Cloyster|spe|2\n|\n|upkeep\n|turn|10\n|inactive|Time left: 300 sec this turn | 300 sec total\n|\n|t:|1783535665\n|move|p2a: Cloyster|Icicle Spear|p1a: Necrozma\n|-damage|p1a: Necrozma|84/100\n|-damage|p1a: Necrozma|67/100\n|-damage|p1a: Necrozma|52/100\n|-damage|p1a: Necrozma|36/100\n|-damage|p1a: Necrozma|20/100\n|-hitcount|p1a: Necrozma|5\n|move|p1a: Necrozma|Photon Geyser|p2a: Cloyster\n|-damage|p2a: Cloyster|0 fnt\n|faint|p2a: Cloyster\n|\n|upkeep\n|inactive|Time left: 300 sec this turn | 300 sec total | 5 sec grace\n|\n|t:|1783535667\n|switch|p2a: Glastrier|Glastrier, L86|311/311\n|turn|11\n|inactive|Time left: 300 sec this turn | 300 sec total\n|\n|t:|1783535668\n|move|p1a: Necrozma|Photon Geyser|p2a: Glastrier\n|-damage|p2a: Glastrier|211/311\n|move|p2a: Glastrier|High Horsepower|p1a: Necrozma\n|-damage|p1a: Necrozma|0 fnt\n|faint|p1a: Necrozma\n|-ability|p2a: Glastrier|Chilling Neigh|boost\n|-boost|p2a: Glastrier|atk|1\n|\n|upkeep\n|\n|t:|1783535669\n|switch|p1a: Raichu|Raichu-Alola, L87, M|100/100\n|turn|12\n|inactive|Time left: 300 sec this turn | 300 sec total\n|\n|t:|1783535670\n|-terastallize|p1a: Raichu|Grass\n|move|p1a: Raichu|Grass Knot|p2a: Glastrier\n|-damage|p2a: Glastrier|34/311\n|move|p2a: Glastrier|High Horsepower|p1a: Raichu\n|-resisted|p1a: Raichu\n|-damage|p1a: Raichu|37/100\n|\n|upkeep\n|turn|13\n|inactive|Time left: 300 sec this turn | 300 sec total\n|\n|t:|1783535671\n|switch|p2a: Braviary|Braviary-Hisui, L85, M|46/326\n|move|p1a: Raichu|Grass Knot|p2a: Braviary\n|-resisted|p2a: Braviary\n|-damage|p2a: Braviary|0 fnt\n|faint|p2a: Braviary\n|\n|upkeep\n|inactive|Time left: 300 sec this turn | 300 sec total | 5 sec grace\n|\n|t:|1783535672\n|switch|p2a: Metagross|Metagross, L79|97/256\n|turn|14\n|inactive|Time left: 300 sec this turn | 300 sec total\n|\n|t:|1783535673\n|move|p2a: Metagross|Bullet Punch|p1a: Raichu\n|-damage|p1a: Raichu|0 fnt\n|faint|p1a: Raichu\n|\n|upkeep\n|\n|t:|1783535674\n|switch|p1a: Komala|Komala, L87, M|100/100\n|-ability|p1a: Komala|Comatose\n|turn|15\n|inactive|Time left: 300 sec this turn | 300 sec total\n|\n|t:|1783535675\n|switch|p2a: Sandaconda|Sandaconda, L84, F|258/258\n|move|p1a: Komala|Earthquake|p2a: Sandaconda\n|-damage|p2a: Sandaconda|192/258\n|\n|-heal|p2a: Sandaconda|208/258|[from] item: Leftovers\n|upkeep\n|turn|16\n|inactive|Time left: 300 sec this turn | 300 sec total\n|\n|t:|1783535676\n|move|p2a: Sandaconda|Earthquake|p1a: Komala\n|-damage|p1a: Komala|48/100\n|move|p1a: Komala|Rapid Spin|p2a: Sandaconda\n|-damage|p2a: Sandaconda|157/258\n|-boost|p1a: Komala|spe|1\n|\n|-heal|p2a: Sandaconda|173/258|[from] item: Leftovers\n|upkeep\n|turn|17\n|inactive|Time left: 300 sec this turn | 300 sec total\n|\n|t:|1783535677\n|move|p1a: Komala|Knock Off|p2a: Sandaconda\n|-damage|p2a: Sandaconda|111/258\n|-enditem|p2a: Sandaconda|Leftovers|[from] move: Knock Off|[of] p1a: Komala\n|move|p2a: Sandaconda|Earthquake|p1a: Komala\n|-damage|p1a: Komala|0 fnt\n|faint|p1a: Komala\n|\n|upkeep\n|\n|t:|1783535678\n|switch|p1a: Sylveon|Sylveon, L85, F|100/100\n|turn|18\n|inactive|Time left: 300 sec this turn | 300 sec total\n|\n|t:|1783535679\n|switch|p2a: Metagross|Metagross, L79|97/256\n|move|p1a: Sylveon|Hyper Voice|p2a: Metagross\n|-resisted|p2a: Metagross\n|-damage|p2a: Metagross|25/256\n|\n|upkeep\n|turn|19\n|inactive|Time left: 300 sec this turn | 300 sec total\n|\n|t:|1783535680\n|-terastallize|p2a: Metagross|Water\n|move|p1a: Sylveon|Protect|p1a: Sylveon\n|-singleturn|p1a: Sylveon|Protect\n|move|p2a: Metagross|Heavy Slam|p1a: Sylveon\n|-activate|p1a: Sylveon|move: Protect\n|\n|upkeep\n|turn|20\n|inactive|Time left: 300 sec this turn | 300 sec total\n|\n|t:|1783535681\n|move|p2a: Metagross|Heavy Slam|p1a: Sylveon\n|-supereffective|p1a: Sylveon\n|-damage|p1a: Sylveon|0 fnt\n|faint|p1a: Sylveon\n|\n|win|p0y207fdcb", "uploadtime": 1783535681, "views": 0, "rating": 0, "private": 0, "password": null, "_winner": "p0y207fdcb", "_our_name": "p0y207fdcb"}