{"id": "battle-gen9randombattle-1911", "formatid": "gen9randombattle", "format": "[Gen 9] Random Battle", "players": ["p0x191138f3", "p0y1911e545"], "log": "|init|battle\n|title|p0x191138f3 vs. p0y1911e545\n|j|\u2606p0x191138f3\n|j|\u2606p0y1911e545\n|t:|1783561355\n|gametype|singles\n|player|p1|p0x191138f3|170|\n|player|p2|p0y1911e545|265|\n|gen|9\n|tier|[Gen 9] Random Battle\n|rule|Species Clause: Limit one of each Pok\u00e9mon\n|rule|HP Percentage Mod: HP is shown in percentages\n|rule|Sleep Clause Mod: Limit one foe put to sleep\n|rule|Illusion Level Mod: Illusion disguises the Pok\u00e9mon's true level\n|\n|t:|1783561355\n|teamsize|p1|6\n|teamsize|p2|6\n|start\n|switch|p1a: Mienshao|Mienshao, L83, F|100/100\n|switch|p2a: Talonflame|Talonflame, L83, M|265/265\n|turn|1\n|inactive|Battle timer is ON: inactive players will automatically lose when time's up. (requested by p0x191138f3)\n|inactive|Time left: 300 sec this turn | 300 sec total | 60 sec grace\n|inactive|p0y1911e545 also wants the timer to be on.\n|\n|t:|1783561357\n|switch|p1a: Politoed|Politoed, L88, M|100/100\n|-weather|RainDance|[from] ability: Drizzle|[of] p1a: Politoed\n|move|p2a: Talonflame|Brave Bird|p1a: Politoed\n|-damage|p1a: Politoed|60/100\n|-damage|p2a: Talonflame|224/265|[from] Recoil\n|\n|-weather|RainDance|[upkeep]\n|upkeep\n|turn|2\n|inactive|Time left: 300 sec this turn | 300 sec total\n|\n|t:|1783561358\n|switch|p2a: Tatsugiri|Tatsugiri, L87, F|260/260\n|move|p1a: Politoed|Weather Ball|p2a: Tatsugiri\n|-ability|p2a: Tatsugiri|Storm Drain|boost\n|-boost|p2a: Tatsugiri|spa|1\n|\n|-weather|RainDance|[upkeep]\n|upkeep\n|turn|3\n|inactive|Time left: 300 sec this turn | 300 sec total\n|\n|t:|1783561359\n|switch|p1a: Raging Bolt|Raging Bolt, L78|100/100\n|move|p2a: Tatsugiri|Hydro Pump|p1a: Raging Bolt\n|-resisted|p1a: Raging Bolt\n|-damage|p1a: Raging Bolt|63/100\n|\n|-weather|RainDance|[upkeep]\n|upkeep\n|turn|4\n|inactive|Time left: 300 sec this turn | 300 sec total\n|\n|t:|1783561361\n|move|p2a: Tatsugiri|Draco Meteor|p1a: Raging Bolt\n|-supereffective|p1a: Raging Bolt\n|-damage|p1a: Raging Bolt|0 fnt\n|-unboost|p2a: Tatsugiri|spa|2\n|faint|p1a: Raging Bolt\n|-end|p1a: Raging Bolt|Protosynthesis|[silent]\n|\n|-weather|RainDance|[upkeep]\n|upkeep\n|\n|t:|1783561361\n|switch|p1a: Reuniclus|Reuniclus, L88, M|100/100\n|turn|5\n|inactive|Time left: 300 sec this turn | 300 sec total\n|\n|t:|1783561362\n|switch|p2a: Iron Crown|Iron Crown, L78|268/268\n|move|p1a: Reuniclus|Psychic|p2a: Iron Crown\n|-resisted|p2a: Iron Crown\n|-damage|p2a: Iron Crown|228/268\n|\n|-weather|none\n|upkeep\n|turn|6\n|inactive|Time left: 300 sec this turn | 300 sec total\n|\n|t:|1783561364\n|move|p2a: Iron Crown|Tachyon Cutter|p1a: Reuniclus\n|-damage|p1a: Reuniclus|74/100\n|-damage|p1a: Reuniclus|49/100\n|-hitcount|p1a: Reuniclus|2\n|move|p1a: Reuniclus|Calm Mind|p1a: Reuniclus\n|-boost|p1a: Reuniclus|spa|1\n|-boost|p1a: Reuniclus|spd|1\n|\n|upkeep\n|turn|7\n|inactive|Time left: 300 sec this turn | 300 sec total\n|\n|t:|1783561364\n|move|p2a: Iron Crown|Tachyon Cutter|p1a: Reuniclus\n|-damage|p1a: Reuniclus|31/100\n|-damage|p1a: Reuniclus|15/100\n|-hitcount|p1a: Reuniclus|2\n|move|p1a: Reuniclus|Recover|p1a: Reuniclus\n|-heal|p1a: Reuniclus|65/100\n|\n|upkeep\n|turn|8\n|inactive|Time left: 300 sec this turn | 300 sec total\n|\n|t:|1783561365\n|move|p2a: Iron Crown|Tachyon Cutter|p1a: Reuniclus\n|-damage|p1a: Reuniclus|49/100\n|-crit|p1a: Reuniclus\n|-damage|p1a: Reuniclus|9/100\n|-hitcount|p1a: Reuniclus|2\n|move|p1a: Reuniclus|Recover|p1a: Reuniclus\n|-heal|p1a: Reuniclus|60/100\n|\n|upkeep\n|turn|9\n|inactive|Time left: 300 sec this turn | 300 sec total\n|\n|t:|1783561366\n|move|p2a: Iron Crown|Tachyon Cutter|p1a: Reuniclus\n|-damage|p1a: Reuniclus|42/100\n|-damage|p1a: Reuniclus|27/100\n|-hitcount|p1a: Reuniclus|2\n|move|p1a: Reuniclus|Recover|p1a: Reuniclus\n|-heal|p1a: Reuniclus|77/100\n|\n|upkeep\n|turn|10\n|inactive|Time left: 300 sec this turn | 300 sec total\n|\n|t:|1783561367\n|move|p2a: Iron Crown|Tachyon Cutter|p1a: Reuniclus\n|-damage|p1a: Reuniclus|60/100\n|-damage|p1a: Reuniclus|44/100\n|-hitcount|p1a: Reuniclus|2\n|move|p1a: Reuniclus|Psychic|p2a: Iron Crown\n|-resisted|p2a: Iron Crown\n|-damage|p2a: Iron Crown|173/268\n|\n|upkeep\n|turn|11\n|inactive|Time left: 300 sec this turn | 300 sec total\n|\n|t:|1783561368\n|move|p2a: Iron Crown|Tachyon Cutter|p1a: Reuniclus\n|-damage|p1a: Reuniclus|28/100\n|-damage|p1a: Reuniclus|13/100\n|-hitcount|p1a: Reuniclus|2\n|move|p1a: Reuniclus|Recover|p1a: Reuniclus\n|-heal|p1a: Reuniclus|63/100\n|\n|upkeep\n|turn|12\n|inactive|Time left: 300 sec this turn | 300 sec total\n|\n|t:|1783561369\n|move|p2a: Iron Crown|Tachyon Cutter|p1a: Reuniclus\n|-damage|p1a: Reuniclus|48/100\n|-damage|p1a: Reuniclus|32/100\n|-hitcount|p1a: Reuniclus|2\n|move|p1a: Reuniclus|Recover|p1a: Reuniclus\n|-heal|p1a: Reuniclus|82/100\n|\n|upkeep\n|turn|13\n|inactive|Time left: 300 sec this turn | 300 sec total\n|\n|t:|1783561370\n|move|p2a: Iron Crown|Tachyon Cutter|p1a: Reuniclus\n|-damage|p1a: Reuniclus|65/100\n|-damage|p1a: Reuniclus|49/100\n|-hitcount|p1a: Reuniclus|2\n|move|p1a: Reuniclus|Focus Blast|p2a: Iron Crown\n|-damage|p2a: Iron Crown|0 fnt\n|faint|p2a: Iron Crown\n|-end|p2a: Iron Crown|Quark Drive|[silent]\n|\n|upkeep\n|inactive|Time left: 300 sec this turn | 300 sec total | 5 sec grace\n|\n|t:|1783561371\n|switch|p2a: Spectrier|Spectrier, L75|274/274\n|turn|14\n|inactive|Time left: 300 sec this turn | 300 sec total\n|\n|t:|1783561372\n|move|p2a: Spectrier|Shadow Ball|p1a: Reuniclus\n|-supereffective|p1a: Reuniclus\n|-damage|p1a: Reuniclus|3/100\n|-damage|p2a: Spectrier|247/274|[from] item: Life Orb\n|move|p1a: Reuniclus|Psychic|p2a: Spectrier\n|-damage|p2a: Spectrier|0 fnt\n|faint|p2a: Spectrier\n|\n|upkeep\n|inactive|Time left: 300 sec this turn | 300 sec total | 5 sec grace\n|\n|t:|1783561373\n|switch|p2a: Tatsugiri|Tatsugiri, L87, F|260/260\n|turn|15\n|inactive|Time left: 300 sec this turn | 300 sec total\n|\n|t:|1783561374\n|switch|p1a: Mienshao|Mienshao, L83, F|100/100\n|move|p2a: Tatsugiri|Rapid Spin|p1a: Mienshao\n|-damage|p1a: Mienshao|87/100\n|-boost|p2a: Tatsugiri|spe|1\n|\n|upkeep\n|turn|16\n|inactive|Time left: 300 sec this turn | 300 sec total\n|\n|t:|1783561375\n|move|p1a: Mienshao|Fake Out|p2a: Tatsugiri\n|-damage|p2a: Tatsugiri|218/260\n|cant|p2a: Tatsugiri|flinch\n|\n|upkeep\n|turn|17\n|inactive|Time left: 300 sec this turn | 300 sec total\n|\n|t:|1783561376\n|move|p2a: Tatsugiri|Nasty Plot|p2a: Tatsugiri\n|-boost|p2a: Tatsugiri|spa|2\n|move|p1a: Mienshao|Close Combat|p2a: Tatsugiri\n|-damage|p2a: Tatsugiri|26/260\n|-unboost|p1a: Mienshao|def|1\n|-unboost|p1a: Mienshao|spd|1\n|\n|upkeep\n|turn|18\n|inactive|Time left: 300 sec this turn | 300 sec total\n|\n|t:|1783561377\n|switch|p1a: Reuniclus|Reuniclus, L88, M|3/100\n|move|p2a: Tatsugiri|Hydro Pump|p1a: Reuniclus\n|-damage|p1a: Reuniclus|0 fnt\n|faint|p1a: Reuniclus\n|\n|upkeep\n|\n|t:|1783561378\n|switch|p1a: Regieleki|Regieleki, L79|100/100\n|turn|19\n|inactive|Time left: 300 sec this turn | 300 sec total\n|\n|t:|1783561379\n|switch|p2a: Misdreavus|Misdreavus, L90, M|254/254\n|move|p1a: Regieleki|Volt Switch|p2a: Misdreavus\n|-damage|p2a: Misdreavus|182/254\n|\n|t:|1783561380\n|switch|p1a: Politoed|Politoed, L88, M|60/100|[from] Volt Switch\n|-weather|RainDance|[from] ability: Drizzle|[of] p1a: Politoed\n|\n|-weather|RainDance|[upkeep]\n|upkeep\n|turn|20\n|inactive|Time left: 300 sec this turn | 300 sec total\n|\n|t:|1783561381\n|move|p2a: Misdreavus|Calm Mind|p2a: Misdreavus\n|-boost|p2a: Misdreavus|spa|1\n|-boost|p2a: Misdreavus|spd|1\n|move|p1a: Politoed|Weather Ball|p2a: Misdreavus\n|-damage|p2a: Misdreavus|73/254\n|\n|-weather|RainDance|[upkeep]\n|upkeep\n|turn|21\n|inactive|Time left: 300 sec this turn | 300 sec total\n|\n|t:|1783561382\n|switch|p2a: Tatsugiri|Tatsugiri, L87, F|26/260\n|move|p1a: Politoed|Weather Ball|p2a: Tatsugiri\n|-ability|p2a: Tatsugiri|Storm Drain|boost\n|-boost|p2a: Tatsugiri|spa|1\n|\n|-weather|RainDance|[upkeep]\n|upkeep\n|turn|22\n|inactive|Time left: 300 sec this turn | 300 sec total\n|\n|t:|1783561383\n|switch|p1a: Mienshao|Mienshao, L83, F|100/100\n|move|p2a: Tatsugiri|Hydro Pump|p1a: Mienshao\n|-damage|p1a: Mienshao|0 fnt\n|faint|p1a: Mienshao\n|\n|-weather|RainDance|[upkeep]\n|upkeep\n|\n|t:|1783561384\n|switch|p1a: Regieleki|Regieleki, L79|100/100\n|turn|23\n|inactive|Time left: 300 sec this turn | 300 sec total\n|\n|t:|1783561385\n|move|p1a: Regieleki|Thunderbolt|p2a: Tatsugiri\n|-damage|p2a: Tatsugiri|0 fnt\n|faint|p2a: Tatsugiri\n|\n|-weather|none\n|upkeep\n|inactive|Time left: 300 sec this turn | 300 sec total | 5 sec grace\n|\n|t:|1783561386\n|switch|p2a: Talonflame|Talonflame, L83, M|224/265\n|turn|24\n|inactive|Time left: 300 sec this turn | 300 sec total\n|\n|t:|1783561387\n|-terastallize|p2a: Talonflame|Ground\n|move|p1a: Regieleki|Volt Switch|p2a: Talonflame\n|-immune|p2a: Talonflame\n|move|p2a: Talonflame|Swords Dance|p2a: Talonflame\n|-boost|p2a: Talonflame|atk|2\n|\n|upkeep\n|turn|25\n|inactive|Time left: 300 sec this turn | 300 sec total\n|\n|t:|1783561388\n|-terastallize|p1a: Regieleki|Ice\n|move|p1a: Regieleki|Tera Blast|p2a: Talonflame|[anim] Tera Blast Ice\n|-supereffective|p2a: Talonflame\n|-damage|p2a: Talonflame|36/265\n|move|p2a: Talonflame|Tera Blast|p1a: Regieleki|[anim] Tera Blast Ground\n|-damage|p1a: Regieleki|4/100\n|\n|upkeep\n|turn|26\n|inactive|Time left: 300 sec this turn | 300 sec total\n|\n|t:|1783561389\n|move|p1a: Regieleki|Tera Blast|p2a: Talonflame|[anim] Tera Blast Ice\n|-supereffective|p2a: Talonflame\n|-damage|p2a: Talonflame|0 fnt\n|faint|p2a: Talonflame\n|\n|upkeep\n|inactive|Time left: 300 sec this turn | 300 sec total | 5 sec grace\n|\n|t:|1783561390\n|switch|p2a: Milotic|Milotic, L83, M|293/293\n|turn|27\n|inactive|Time left: 300 sec this turn | 300 sec total\n|\n|t:|1783561391\n|move|p1a: Regieleki|Thunderbolt|p2a: Milotic\n|-supereffective|p2a: Milotic\n|-damage|p2a: Milotic|99/293\n|move|p2a: Milotic|Scald|p1a: Regieleki\n|-damage|p1a: Regieleki|0 fnt\n|faint|p1a: Regieleki\n|\n|-heal|p2a: Milotic|117/293|[from] item: Leftovers\n|upkeep\n|\n|t:|1783561392\n|switch|p1a: Mudsdale|Mudsdale, L83, F|100/100\n|turn|28\n|inactive|Time left: 300 sec this turn | 300 sec total\n|\n|t:|1783561393\n|move|p2a: Milotic|Recover|p2a: Milotic\n|-heal|p2a: Milotic|264/293\n|move|p1a: Mudsdale|Earthquake|p2a: Milotic\n|-damage|p2a: Milotic|135/293\n|\n|-heal|p2a: Milotic|153/293|[from] item: Leftovers\n|upkeep\n|turn|29\n|inactive|Time left: 300 sec this turn | 300 sec total\n|\n|t:|1783561394\n|move|p2a: Milotic|Scald|p1a: Mudsdale\n|-supereffective|p1a: Mudsdale\n|-damage|p1a: Mudsdale|36/100\n|-ability|p1a: Mudsdale|Stamina|boost\n|-boost|p1a: Mudsdale|def|1\n|move|p1a: Mudsdale|Earthquake|p2a: Milotic\n|-crit|p2a: Milotic\n|-damage|p2a: Milotic|0 fnt\n|faint|p2a: Milotic\n|\n|-heal|p1a: Mudsdale|42/100|[from] item: Leftovers\n|upkeep\n|inactive|Time left: 300 sec this turn | 300 sec total | 5 sec grace\n|\n|t:|1783561395\n|switch|p2a: Misdreavus|Misdreavus, L90, M|73/254\n|turn|30\n|inactive|Time left: 300 sec this turn | 300 sec total\n|\n|t:|1783561395\n|move|p2a: Misdreavus|Will-O-Wisp|p1a: Mudsdale|[miss]\n|-miss|p2a: Misdreavus|p1a: Mudsdale\n|move|p1a: Mudsdale|Heavy Slam|p2a: Misdreavus\n|-damage|p2a: Misdreavus|0 fnt\n|faint|p2a: Misdreavus\n|\n|win|p0x191138f3", "uploadtime": 1783561395, "views": 0, "rating": 0, "private": 0, "password": null, "_winner": "p0x191138f3", "_our_name": "p0y1911e545"}