{"id": "battle-gen9randombattle-28", "formatid": "gen9randombattle", "format": "[Gen 9] Random Battle", "players": ["p0x028ae18", "p0y028bc07"], "log": "|init|battle\n|title|p0x028ae18 vs. p0y028bc07\n|j|\u2606p0x028ae18\n|j|\u2606p0y028bc07\n|t:|1783534137\n|gametype|singles\n|player|p1|p0x028ae18|265|\n|player|p2|p0y028bc07|2|\n|gen|9\n|tier|[Gen 9] Random Battle\n|rule|Species Clause: Limit one of each Pok\u00e9mon\n|rule|HP Percentage Mod: HP is shown in percentages\n|rule|Sleep Clause Mod: Limit one foe put to sleep\n|rule|Illusion Level Mod: Illusion disguises the Pok\u00e9mon's true level\n|\n|t:|1783534137\n|teamsize|p1|6\n|teamsize|p2|6\n|start\n|switch|p1a: Latios|Latios, L78, M|253/253\n|switch|p2a: Houndoom|Houndoom, L87, F|100/100\n|turn|1\n|inactive|Battle timer is ON: inactive players will automatically lose when time's up. (requested by p0y028bc07)\n|inactive|Time left: 300 sec this turn | 300 sec total | 60 sec grace\n|inactive|p0x028ae18 also wants the timer to be on.\n|\n|t:|1783534139\n|move|p1a: Latios|Draco Meteor|p2a: Houndoom\n|-damage|p2a: Houndoom|17/100\n|-unboost|p1a: Latios|spa|2\n|move|p2a: Houndoom|Nasty Plot|p2a: Houndoom\n|-boost|p2a: Houndoom|spa|2\n|\n|upkeep\n|turn|2\n|inactive|Time left: 300 sec this turn | 300 sec total\n|\n|t:|1783534140\n|move|p1a: Latios|Draco Meteor|p2a: Houndoom|[miss]\n|-miss|p1a: Latios|p2a: Houndoom\n|move|p2a: Houndoom|Dark Pulse|p1a: Latios\n|-supereffective|p1a: Latios\n|-damage|p1a: Latios|0 fnt\n|faint|p1a: Latios\n|\n|upkeep\n|inactive|Time left: 300 sec this turn | 300 sec total | 5 sec grace\n|\n|t:|1783534141\n|switch|p1a: Mimikyu|Mimikyu, L79, M|216/216\n|turn|3\n|inactive|Time left: 300 sec this turn | 300 sec total\n|\n|t:|1783534143\n|move|p2a: Houndoom|Fire Blast|p1a: Mimikyu\n|-activate|p1a: Mimikyu|ability: Disguise\n|-damage|p1a: Mimikyu|216/216\n|-status|p1a: Mimikyu|brn\n|detailschange|p1a: Mimikyu|Mimikyu-Busted, L79, M\n|-damage|p1a: Mimikyu|189/216 brn|[from] pokemon: Mimikyu-Busted\n|move|p1a: Mimikyu|Play Rough|p2a: Houndoom|[miss]\n|-miss|p1a: Mimikyu|p2a: Houndoom\n|\n|-damage|p1a: Mimikyu|176/216 brn|[from] brn\n|upkeep\n|turn|4\n|inactive|Time left: 300 sec this turn | 300 sec total\n|\n|t:|1783534144\n|move|p2a: Houndoom|Fire Blast|p1a: Mimikyu\n|-damage|p1a: Mimikyu|0 fnt\n|faint|p1a: Mimikyu\n|\n|upkeep\n|inactive|Time left: 300 sec this turn | 300 sec total | 5 sec grace\n|\n|t:|1783534145\n|switch|p1a: Talonflame|Talonflame, L83, F|265/265\n|turn|5\n|inactive|Time left: 300 sec this turn | 300 sec total\n|\n|t:|1783534146\n|move|p1a: Talonflame|Brave Bird|p2a: Houndoom\n|-damage|p2a: Houndoom|0 fnt\n|faint|p2a: Houndoom\n|-damage|p1a: Talonflame|250/265|[from] Recoil\n|\n|upkeep\n|\n|t:|1783534147\n|switch|p2a: Ampharos|Ampharos, L88, M|100/100\n|turn|6\n|inactive|Time left: 300 sec this turn | 300 sec total\n|\n|t:|1783534148\n|switch|p1a: Abomasnow|Abomasnow, L84, F|287/287\n|-weather|Snowscape|[from] ability: Snow Warning|[of] p1a: Abomasnow\n|move|p2a: Ampharos|Thunderbolt|p1a: Abomasnow\n|-resisted|p1a: Abomasnow\n|-damage|p1a: Abomasnow|200/287\n|\n|-weather|Snowscape|[upkeep]\n|upkeep\n|turn|7\n|inactive|Time left: 300 sec this turn | 300 sec total\n|\n|t:|1783534149\n|move|p1a: Abomasnow|Aurora Veil|p1a: Abomasnow\n|-sidestart|p1: p0x028ae18|move: Aurora Veil\n|move|p2a: Ampharos|Thunderbolt|p1a: Abomasnow\n|-resisted|p1a: Abomasnow\n|-damage|p1a: Abomasnow|157/287\n|\n|-weather|Snowscape|[upkeep]\n|upkeep\n|turn|8\n|inactive|Time left: 300 sec this turn | 300 sec total\n|\n|t:|1783534150\n|move|p1a: Abomasnow|Blizzard|p2a: Ampharos\n|-damage|p2a: Ampharos|67/100\n|move|p2a: Ampharos|Thunderbolt|p1a: Abomasnow\n|-resisted|p1a: Abomasnow\n|-damage|p1a: Abomasnow|113/287\n|\n|-weather|Snowscape|[upkeep]\n|upkeep\n|turn|9\n|inactive|Time left: 300 sec this turn | 300 sec total\n|\n|t:|1783534152\n|switch|p1a: Sandy Shocks|Sandy Shocks, L80|267/267\n|move|p2a: Ampharos|Thunderbolt|p1a: Sandy Shocks\n|-immune|p1a: Sandy Shocks\n|\n|-weather|Snowscape|[upkeep]\n|upkeep\n|turn|10\n|inactive|Time left: 300 sec this turn | 300 sec total\n|\n|t:|1783534153\n|switch|p2a: Hariyama|Hariyama, L87, M|100/100\n|move|p1a: Sandy Shocks|Thunderbolt|p2a: Hariyama\n|-damage|p2a: Hariyama|77/100\n|\n|-weather|none\n|upkeep\n|turn|11\n|inactive|Time left: 300 sec this turn | 300 sec total\n|\n|t:|1783534154\n|move|p1a: Sandy Shocks|Earth Power|p2a: Hariyama\n|-damage|p2a: Hariyama|56/100\n|move|p2a: Hariyama|Knock Off|p1a: Sandy Shocks\n|-damage|p1a: Sandy Shocks|223/267\n|-enditem|p1a: Sandy Shocks|Heavy-Duty Boots|[from] move: Knock Off|[of] p2a: Hariyama\n|\n|upkeep\n|turn|12\n|inactive|Time left: 300 sec this turn | 300 sec total\n|\n|t:|1783534155\n|move|p1a: Sandy Shocks|Thunderbolt|p2a: Hariyama\n|-damage|p2a: Hariyama|33/100\n|move|p2a: Hariyama|Close Combat|p1a: Sandy Shocks\n|-damage|p1a: Sandy Shocks|150/267\n|-unboost|p2a: Hariyama|def|1\n|-unboost|p2a: Hariyama|spd|1\n|\n|upkeep\n|turn|13\n|inactive|Time left: 300 sec this turn | 300 sec total\n|\n|t:|1783534156\n|switch|p2a: Mightyena|Mightyena, L96, F|100/100\n|-ability|p2a: Mightyena|Intimidate|boost\n|-unboost|p1a: Sandy Shocks|atk|1\n|move|p1a: Sandy Shocks|Earth Power|p2a: Mightyena\n|-damage|p2a: Mightyena|62/100\n|\n|-heal|p2a: Mightyena|68/100|[from] item: Leftovers\n|upkeep\n|turn|14\n|inactive|Time left: 300 sec this turn | 300 sec total\n|\n|t:|1783534157\n|move|p1a: Sandy Shocks|Earth Power|p2a: Mightyena\n|-damage|p2a: Mightyena|27/100\n|move|p2a: Mightyena|Crunch|p1a: Sandy Shocks\n|-crit|p1a: Sandy Shocks\n|-damage|p1a: Sandy Shocks|0 fnt\n|faint|p1a: Sandy Shocks\n|-end|p1a: Sandy Shocks|Protosynthesis|[silent]\n|\n|-heal|p2a: Mightyena|33/100|[from] item: Leftovers\n|-sideend|p1: p0x028ae18|move: Aurora Veil\n|upkeep\n|inactive|Time left: 300 sec this turn | 300 sec total | 5 sec grace\n|\n|t:|1783534158\n|switch|p1a: Abomasnow|Abomasnow, L84, F|113/287\n|-weather|Snowscape|[from] ability: Snow Warning|[of] p1a: Abomasnow\n|turn|15\n|inactive|Time left: 300 sec this turn | 300 sec total\n|\n|t:|1783534159\n|move|p2a: Mightyena|Taunt|p1a: Abomasnow\n|-start|p1a: Abomasnow|move: Taunt\n|cant|p1a: Abomasnow|move: Taunt|Aurora Veil\n|\n|-weather|Snowscape|[upkeep]\n|-heal|p2a: Mightyena|39/100|[from] item: Leftovers\n|upkeep\n|turn|16\n|inactive|Time left: 300 sec this turn | 300 sec total\n|\n|t:|1783534160\n|move|p2a: Mightyena|Crunch|p1a: Abomasnow\n|-damage|p1a: Abomasnow|29/287\n|move|p1a: Abomasnow|Blizzard|p2a: Mightyena\n|-damage|p2a: Mightyena|0 fnt\n|faint|p2a: Mightyena\n|\n|-weather|Snowscape|[upkeep]\n|upkeep\n|\n|t:|1783534161\n|switch|p2a: Blaziken|Blaziken, L76, F|100/100\n|turn|17\n|inactive|Time left: 300 sec this turn | 300 sec total\n|\n|t:|1783534161\n|switch|p1a: Talonflame|Talonflame, L83, F|250/265\n|move|p2a: Blaziken|Swords Dance|p2a: Blaziken\n|-boost|p2a: Blaziken|atk|2\n|\n|-weather|Snowscape|[upkeep]\n|-ability|p2a: Blaziken|Speed Boost|boost\n|-boost|p2a: Blaziken|spe|1\n|upkeep\n|turn|18\n|inactive|Time left: 300 sec this turn | 300 sec total\n|\n|t:|1783534162\n|switch|p2a: Ampharos|Ampharos, L88, M|67/100\n|move|p1a: Talonflame|Brave Bird|p2a: Ampharos\n|-resisted|p2a: Ampharos\n|-damage|p2a: Ampharos|49/100\n|-damage|p1a: Talonflame|233/265|[from] Recoil\n|\n|-weather|Snowscape|[upkeep]\n|upkeep\n|turn|19\n|inactive|Time left: 300 sec this turn | 300 sec total\n|\n|t:|1783534163\n|switch|p1a: Latias|Latias, L79, F|256/256\n|move|p2a: Ampharos|Volt Switch|p1a: Latias\n|-resisted|p1a: Latias\n|-damage|p1a: Latias|202/256\n|\n|t:|1783534164\n|switch|p2a: Hariyama|Hariyama, L87, M|33/100|[from] Volt Switch\n|\n|-weather|none\n|upkeep\n|turn|20\n|inactive|Time left: 300 sec this turn | 300 sec total\n|\n|t:|1783534165\n|-terastallize|p2a: Hariyama|Steel\n|move|p1a: Latias|Psyshock|p2a: Hariyama\n|-resisted|p2a: Hariyama\n|-damage|p2a: Hariyama|17/100\n|move|p2a: Hariyama|Knock Off|p1a: Latias\n|-supereffective|p1a: Latias\n|-damage|p1a: Latias|36/256\n|-enditem|p1a: Latias|Soul Dew|[from] move: Knock Off|[of] p2a: Hariyama\n|\n|upkeep\n|turn|21\n|inactive|Time left: 300 sec this turn | 300 sec total\n|\n|t:|1783534166\n|move|p1a: Latias|Psyshock|p2a: Hariyama\n|-resisted|p2a: Hariyama\n|-damage|p2a: Hariyama|4/100\n|move|p2a: Hariyama|Heavy Slam|p1a: Latias\n|-crit|p1a: Latias\n|-damage|p1a: Latias|0 fnt\n|faint|p1a: Latias\n|\n|upkeep\n|inactive|Time left: 300 sec this turn | 300 sec total | 5 sec grace\n|\n|t:|1783534167\n|switch|p1a: Abomasnow|Abomasnow, L84, F|29/287\n|-weather|Snowscape|[from] ability: Snow Warning|[of] p1a: Abomasnow\n|turn|22\n|inactive|Time left: 300 sec this turn | 300 sec total\n|\n|t:|1783534168\n|move|p2a: Hariyama|Bullet Punch|p1a: Abomasnow\n|-supereffective|p1a: Abomasnow\n|-damage|p1a: Abomasnow|0 fnt\n|faint|p1a: Abomasnow\n|\n|-weather|Snowscape|[upkeep]\n|upkeep\n|inactive|Time left: 300 sec this turn | 300 sec total | 5 sec grace\n|\n|t:|1783534168\n|switch|p1a: Talonflame|Talonflame, L83, F|233/265\n|turn|23\n|inactive|Time left: 300 sec this turn | 300 sec total\n|\n|t:|1783534169\n|switch|p2a: Walking Wake|Walking Wake, L79|100/100\n|move|p1a: Talonflame|Brave Bird|p2a: Walking Wake\n|-damage|p2a: Walking Wake|59/100\n|-damage|p1a: Talonflame|193/265|[from] Recoil\n|\n|-weather|Snowscape|[upkeep]\n|upkeep\n|turn|24\n|inactive|Time left: 300 sec this turn | 300 sec total\n|\n|t:|1783534170\n|move|p1a: Talonflame|Brave Bird|p2a: Walking Wake\n|-damage|p2a: Walking Wake|17/100\n|-damage|p1a: Talonflame|153/265|[from] Recoil\n|move|p2a: Walking Wake|Hydro Steam|p1a: Talonflame\n|-supereffective|p1a: Talonflame\n|-damage|p1a: Talonflame|0 fnt\n|faint|p1a: Talonflame\n|-damage|p2a: Walking Wake|7/100|[from] item: Life Orb\n|\n|win|p0y028bc07", "uploadtime": 1783534170, "views": 0, "rating": 0, "private": 0, "password": null, "_winner": "p0y028bc07", "_our_name": "p0x028ae18"}