{"id": "battle-gen9randombattle-1933", "formatid": "gen9randombattle", "format": "[Gen 9] Random Battle", "players": ["p0x19339d6b", "p0y19337a1a"], "log": "|init|battle\n|title|p0x19339d6b vs. p0y19337a1a\n|j|\u2606p0x19339d6b\n|j|\u2606p0y19337a1a\n|t:|1783562351\n|gametype|singles\n|player|p1|p0x19339d6b|266|\n|player|p2|p0y19337a1a|2|\n|gen|9\n|tier|[Gen 9] Random Battle\n|rule|Species Clause: Limit one of each Pok\u00e9mon\n|rule|HP Percentage Mod: HP is shown in percentages\n|rule|Sleep Clause Mod: Limit one foe put to sleep\n|rule|Illusion Level Mod: Illusion disguises the Pok\u00e9mon's true level\n|\n|t:|1783562351\n|teamsize|p1|6\n|teamsize|p2|6\n|start\n|switch|p1a: Bruxish|Bruxish, L85, M|100/100\n|switch|p2a: Lugia|Lugia, L73|275/275\n|turn|1\n|inactive|Battle timer is ON: inactive players will automatically lose when time's up. (requested by p0y19337a1a)\n|inactive|p0x19339d6b also wants the timer to be on.\n|\n|t:|1783562352\n|move|p1a: Bruxish|Crunch|p2a: Lugia\n|-supereffective|p2a: Lugia\n|-damage|p2a: Lugia|155/275\n|move|p2a: Lugia|Aeroblast|p1a: Bruxish\n|-damage|p1a: Bruxish|66/100\n|\n|upkeep\n|turn|2\n|inactive|Time left: 300 sec this turn | 300 sec total\n|\n|t:|1783562353\n|switch|p2a: Ursaluna|Ursaluna-Bloodmoon, L79, M|308/308\n|move|p1a: Bruxish|Crunch|p2a: Ursaluna\n|-damage|p2a: Ursaluna|185/308\n|-unboost|p2a: Ursaluna|def|1\n|\n|-heal|p2a: Ursaluna|204/308|[from] item: Leftovers\n|upkeep\n|turn|3\n|inactive|Time left: 300 sec this turn | 300 sec total\n|\n|t:|1783562355\n|move|p1a: Bruxish|Crunch|p2a: Ursaluna\n|-damage|p2a: Ursaluna|41/308\n|move|p2a: Ursaluna|Blood Moon|p1a: Bruxish\n|-damage|p1a: Bruxish|0 fnt\n|faint|p1a: Bruxish\n|\n|-heal|p2a: Ursaluna|60/308|[from] item: Leftovers\n|upkeep\n|\n|t:|1783562356\n|switch|p1a: Lapras|Lapras, L87, M|100/100\n|turn|4\n|inactive|Time left: 300 sec this turn | 300 sec total\n|\n|t:|1783562356\n|switch|p2a: Ariados|Ariados, L95, M|287/287\n|move|p1a: Lapras|Ice Beam|p2a: Ariados\n|-damage|p2a: Ariados|145/287\n|\n|upkeep\n|turn|5\n|inactive|Time left: 300 sec this turn | 300 sec total\n|\n|t:|1783562357\n|switch|p2a: Piloswine|Piloswine, L85, M|309/309\n|move|p1a: Lapras|Ice Beam|p2a: Piloswine\n|-crit|p2a: Piloswine\n|-damage|p2a: Piloswine|218/309\n|\n|upkeep\n|turn|6\n|inactive|Time left: 300 sec this turn | 300 sec total\n|\n|t:|1783562358\n|move|p1a: Lapras|Ice Beam|p2a: Piloswine\n|-damage|p2a: Piloswine|152/309\n|move|p2a: Piloswine|Stealth Rock|p1a: Lapras\n|-sidestart|p1: p0x19339d6b|move: Stealth Rock\n|\n|upkeep\n|turn|7\n|inactive|Time left: 300 sec this turn | 300 sec total\n|\n|t:|1783562359\n|move|p1a: Lapras|Ice Beam|p2a: Piloswine\n|-damage|p2a: Piloswine|95/309\n|move|p2a: Piloswine|Earthquake|p1a: Lapras\n|-damage|p1a: Lapras|69/100\n|\n|upkeep\n|turn|8\n|inactive|Time left: 300 sec this turn | 300 sec total\n|\n|t:|1783562360\n|move|p1a: Lapras|Ice Beam|p2a: Piloswine\n|-damage|p2a: Piloswine|31/309\n|move|p2a: Piloswine|Earthquake|p1a: Lapras\n|-damage|p1a: Lapras|34/100\n|\n|upkeep\n|turn|9\n|inactive|Time left: 300 sec this turn | 300 sec total\n|\n|t:|1783562361\n|move|p1a: Lapras|Ice Beam|p2a: Piloswine\n|-damage|p2a: Piloswine|0 fnt\n|faint|p2a: Piloswine\n|\n|upkeep\n|inactive|Time left: 300 sec this turn | 300 sec total | 5 sec grace\n|\n|t:|1783562362\n|switch|p2a: Dragonite|Dragonite, L74, M|257/257\n|turn|10\n|inactive|Time left: 300 sec this turn | 300 sec total\n|\n|t:|1783562363\n|move|p2a: Dragonite|Outrage|p1a: Lapras\n|-damage|p1a: Lapras|0 fnt\n|faint|p1a: Lapras\n|\n|upkeep\n|\n|t:|1783562364\n|switch|p1a: Meowscarada|Meowscarada, L78, M|100/100\n|-damage|p1a: Meowscarada|88/100|[from] Stealth Rock\n|turn|11\n|inactive|Time left: 300 sec this turn | 300 sec total\n|\n|t:|1783562365\n|move|p1a: Meowscarada|Triple Axel|p2a: Dragonite\n|-start|p1a: Meowscarada|typechange|Ice|[from] ability: Protean\n|-supereffective|p2a: Dragonite\n|-damage|p2a: Dragonite|200/257\n|-supereffective|p2a: Dragonite\n|-damage|p2a: Dragonite|0 fnt\n|faint|p2a: Dragonite\n|-hitcount|p2: Dragonite|2\n|-damage|p1a: Meowscarada|79/100|[from] item: Life Orb\n|\n|upkeep\n|inactive|Time left: 300 sec this turn | 300 sec total | 5 sec grace\n|\n|t:|1783562366\n|switch|p2a: Banette|Banette, L93, M|270/270\n|turn|12\n|inactive|Time left: 300 sec this turn | 300 sec total\n|\n|t:|1783562367\n|-terastallize|p1a: Meowscarada|Dark\n|move|p1a: Meowscarada|Knock Off|p2a: Banette\n|-supereffective|p2a: Banette\n|-damage|p2a: Banette|0 fnt\n|-enditem|p2a: Banette|Life Orb|[from] move: Knock Off|[of] p1a: Meowscarada\n|faint|p2a: Banette\n|-damage|p1a: Meowscarada|69/100|[from] item: Life Orb\n|\n|upkeep\n|inactive|Time left: 300 sec this turn | 300 sec total | 5 sec grace\n|\n|t:|1783562368\n|switch|p2a: Ariados|Ariados, L95, M|145/287\n|turn|13\n|inactive|Time left: 300 sec this turn | 300 sec total\n|\n|t:|1783562369\n|move|p1a: Meowscarada|Triple Axel|p2a: Ariados\n|-damage|p2a: Ariados|116/287\n|-damage|p2a: Ariados|58/287\n|-damage|p2a: Ariados|0 fnt\n|faint|p2a: Ariados\n|-hitcount|p2: Ariados|3\n|-damage|p1a: Meowscarada|59/100|[from] item: Life Orb\n|\n|upkeep\n|inactive|Time left: 300 sec this turn | 300 sec total | 5 sec grace\n|\n|t:|1783562370\n|switch|p2a: Ursaluna|Ursaluna-Bloodmoon, L79, M|60/308\n|turn|14\n|inactive|Time left: 300 sec this turn | 300 sec total\n|\n|t:|1783562371\n|move|p1a: Meowscarada|Knock Off|p2a: Ursaluna\n|-damage|p2a: Ursaluna|0 fnt\n|-enditem|p2a: Ursaluna|Leftovers|[from] move: Knock Off|[of] p1a: Meowscarada\n|faint|p2a: Ursaluna\n|-damage|p1a: Meowscarada|49/100|[from] item: Life Orb\n|\n|upkeep\n|inactive|Time left: 300 sec this turn | 300 sec total | 5 sec grace\n|\n|t:|1783562372\n|switch|p2a: Lugia|Lugia, L73|155/275\n|turn|15\n|inactive|Time left: 300 sec this turn | 300 sec total\n|\n|t:|1783562373\n|-terastallize|p2a: Lugia|Ground\n|move|p1a: Meowscarada|Knock Off|p2a: Lugia\n|-damage|p2a: Lugia|54/275\n|-enditem|p2a: Lugia|Heavy-Duty Boots|[from] move: Knock Off|[of] p1a: Meowscarada\n|-damage|p1a: Meowscarada|40/100|[from] item: Life Orb\n|move|p2a: Lugia|Recover|p2a: Lugia\n|-heal|p2a: Lugia|192/275\n|\n|upkeep\n|turn|16\n|inactive|Time left: 300 sec this turn | 300 sec total\n|\n|t:|1783562374\n|move|p1a: Meowscarada|Triple Axel|p2a: Lugia\n|-supereffective|p2a: Lugia\n|-damage|p2a: Lugia|143/275\n|-supereffective|p2a: Lugia\n|-damage|p2a: Lugia|55/275\n|-supereffective|p2a: Lugia\n|-damage|p2a: Lugia|0 fnt\n|faint|p2a: Lugia\n|-hitcount|p2: Lugia|3\n|-damage|p1a: Meowscarada|30/100|[from] item: Life Orb\n|\n|win|p0x19339d6b", "uploadtime": 1783562374, "views": 0, "rating": 0, "private": 0, "password": null, "_winner": "p0x19339d6b", "_our_name": "p0y19337a1a"}