{"id": "battle-gen9randombattle-1988", "formatid": "gen9randombattle", "format": "[Gen 9] Random Battle", "players": ["p0x19887ce6", "p0y198818f3"], "log": "|init|battle\n|title|p0x19887ce6 vs. p0y198818f3\n|j|\u2606p0x19887ce6\n|j|\u2606p0y198818f3\n|t:|1783563009\n|gametype|singles\n|player|p1|p0x19887ce6|2|\n|player|p2|p0y198818f3|169|\n|gen|9\n|tier|[Gen 9] Random Battle\n|rule|Species Clause: Limit one of each Pok\u00e9mon\n|rule|HP Percentage Mod: HP is shown in percentages\n|rule|Sleep Clause Mod: Limit one foe put to sleep\n|rule|Illusion Level Mod: Illusion disguises the Pok\u00e9mon's true level\n|\n|t:|1783563009\n|teamsize|p1|6\n|teamsize|p2|6\n|start\n|switch|p1a: Pyroar|Pyroar, L88, F|295/295\n|switch|p2a: Veluza|Veluza, L85, F|100/100\n|-ability|p1a: Pyroar|Unnerve\n|turn|1\n|inactive|Battle timer is ON: inactive players will automatically lose when time's up. (requested by p0x19887ce6)\n|inactive|p0y198818f3 also wants the timer to be on.\n|\n|t:|1783563010\n|move|p1a: Pyroar|Will-O-Wisp|p2a: Veluza\n|-status|p2a: Veluza|brn\n|move|p2a: Veluza|Aqua Cutter|p1a: Pyroar\n|-supereffective|p1a: Pyroar\n|-damage|p1a: Pyroar|168/295\n|\n|-damage|p2a: Veluza|94/100 brn|[from] brn\n|upkeep\n|turn|2\n|inactive|Time left: 300 sec this turn | 300 sec total\n|\n|t:|1783563011\n|switch|p1a: Drednaw|Drednaw, L81, F|278/278\n|move|p2a: Veluza|Aqua Cutter|p1a: Drednaw\n|-crit|p1a: Drednaw\n|-damage|p1a: Drednaw|193/278\n|\n|-damage|p2a: Veluza|88/100 brn|[from] brn\n|upkeep\n|turn|3\n|inactive|Time left: 300 sec this turn | 300 sec total\n|\n|t:|1783563012\n|switch|p2a: Hitmonchan|Hitmonchan, L87, M|100/100\n|move|p1a: Drednaw|Shell Smash|p1a: Drednaw\n|-unboost|p1a: Drednaw|def|1\n|-unboost|p1a: Drednaw|spd|1\n|-boost|p1a: Drednaw|atk|2\n|-boost|p1a: Drednaw|spa|2\n|-boost|p1a: Drednaw|spe|2\n|-enditem|p1a: Drednaw|White Herb\n|-clearnegativeboost|p1a: Drednaw|[silent]\n|\n|upkeep\n|turn|4\n|inactive|Time left: 300 sec this turn | 300 sec total\n|\n|t:|1783563014\n|move|p1a: Drednaw|Liquidation|p2a: Hitmonchan\n|-damage|p2a: Hitmonchan|5/100\n|move|p2a: Hitmonchan|Drain Punch|p1a: Drednaw\n|-supereffective|p1a: Drednaw\n|-damage|p1a: Drednaw|0 fnt\n|-heal|p2a: Hitmonchan|47/100|[from] drain|[of] p1a: Drednaw\n|faint|p1a: Drednaw\n|-damage|p2a: Hitmonchan|38/100|[from] item: Life Orb\n|\n|upkeep\n|inactive|Time left: 300 sec this turn | 300 sec total | 5 sec grace\n|\n|t:|1783563015\n|switch|p1a: Giratina|Giratina-Origin, L72|219/219\n|turn|5\n|inactive|Time left: 300 sec this turn | 300 sec total\n|\n|t:|1783563016\n|move|p1a: Giratina|Bitter Malice|p2a: Hitmonchan\n|-damage|p2a: Hitmonchan|0 fnt\n|faint|p2a: Hitmonchan\n|\n|upkeep\n|\n|t:|1783563017\n|switch|p2a: Bisharp|Bisharp, L79, F|100/100\n|turn|6\n|inactive|Time left: 300 sec this turn | 300 sec total\n|\n|t:|1783563018\n|switch|p1a: Pyroar|Pyroar, L88, F|168/295\n|-ability|p1a: Pyroar|Unnerve\n|move|p2a: Bisharp|Throat Chop|p1a: Pyroar\n|-damage|p1a: Pyroar|75/295\n|-start|p1a: Pyroar|Throat Chop|[silent]\n|\n|upkeep\n|turn|7\n|inactive|Time left: 300 sec this turn | 300 sec total\n|\n|t:|1783563019\n|move|p2a: Bisharp|Sucker Punch||[still]\n|-fail|p2a: Bisharp\n|move|p1a: Pyroar|Will-O-Wisp|p2a: Bisharp\n|-status|p2a: Bisharp|brn\n|\n|-damage|p2a: Bisharp|94/100 brn|[from] brn\n|-end|p1a: Pyroar|Throat Chop|[silent]\n|upkeep\n|turn|8\n|inactive|Time left: 300 sec this turn | 300 sec total\n|\n|t:|1783563020\n|move|p1a: Pyroar|Fire Blast|p2a: Bisharp\n|-supereffective|p2a: Bisharp\n|-damage|p2a: Bisharp|0 fnt\n|faint|p2a: Bisharp\n|\n|upkeep\n|\n|t:|1783563021\n|switch|p2a: Veluza|Veluza, L85, F|88/100 brn\n|turn|9\n|inactive|Time left: 300 sec this turn | 300 sec total\n|\n|t:|1783563022\n|switch|p1a: Salamence|Salamence, L77, F|273/273\n|-ability|p1a: Salamence|Intimidate|boost\n|-unboost|p2a: Veluza|atk|1\n|move|p2a: Veluza|Aqua Cutter|p1a: Salamence\n|-resisted|p1a: Salamence\n|-damage|p1a: Salamence|250/273\n|\n|-damage|p2a: Veluza|82/100 brn|[from] brn\n|upkeep\n|turn|10\n|inactive|Time left: 300 sec this turn | 300 sec total\n|\n|t:|1783563023\n|move|p1a: Salamence|Dragon Dance|p1a: Salamence\n|-boost|p1a: Salamence|atk|1\n|-boost|p1a: Salamence|spe|1\n|move|p2a: Veluza|Night Slash|p1a: Salamence\n|-damage|p1a: Salamence|220/273\n|\n|-damage|p2a: Veluza|76/100 brn|[from] brn\n|upkeep\n|turn|11\n|inactive|Time left: 300 sec this turn | 300 sec total\n|\n|t:|1783563024\n|move|p1a: Salamence|Dragon Dance|p1a: Salamence\n|-boost|p1a: Salamence|atk|1\n|-boost|p1a: Salamence|spe|1\n|move|p2a: Veluza|Psycho Cut|p1a: Salamence\n|-crit|p1a: Salamence\n|-damage|p1a: Salamence|111/273\n|\n|-damage|p2a: Veluza|70/100 brn|[from] brn\n|upkeep\n|turn|12\n|inactive|Time left: 300 sec this turn | 300 sec total\n|\n|t:|1783563025\n|move|p1a: Salamence|Dragon Dance|p1a: Salamence\n|-boost|p1a: Salamence|atk|1\n|-boost|p1a: Salamence|spe|1\n|move|p2a: Veluza|Psycho Cut|p1a: Salamence\n|-damage|p1a: Salamence|67/273\n|\n|-damage|p2a: Veluza|64/100 brn|[from] brn\n|upkeep\n|turn|13\n|inactive|Time left: 300 sec this turn | 300 sec total\n|\n|t:|1783563027\n|move|p1a: Salamence|Outrage|p2a: Veluza\n|-damage|p2a: Veluza|0 fnt\n|faint|p2a: Veluza\n|\n|upkeep\n|\n|t:|1783563028\n|switch|p2a: Arbok|Arbok, L87, F|100/100\n|-ability|p2a: Arbok|Intimidate|boost\n|-unboost|p1a: Salamence|atk|1\n|turn|14\n|inactive|Time left: 300 sec this turn | 300 sec total\n|\n|t:|1783563029\n|move|p2a: Arbok|Sucker Punch|p1a: Salamence\n|-damage|p1a: Salamence|0 fnt\n|faint|p1a: Salamence\n|-damage|p2a: Arbok|91/100|[from] item: Life Orb\n|\n|upkeep\n|inactive|Time left: 300 sec this turn | 300 sec total | 5 sec grace\n|\n|t:|1783563029\n|switch|p1a: Giratina|Giratina-Origin, L72|219/219\n|turn|15\n|inactive|Time left: 300 sec this turn | 300 sec total\n|\n|t:|1783563030\n|move|p1a: Giratina|Bitter Malice|p2a: Arbok\n|-damage|p2a: Arbok|31/100\n|-unboost|p2a: Arbok|atk|1\n|move|p2a: Arbok|Gunk Shot|p1a: Giratina\n|-resisted|p1a: Giratina\n|-damage|p1a: Giratina|138/219\n|replace|p1a: Zoroark|Zoroark-Hisui, L80, M\n|-end|p1a: Zoroark|Illusion\n|-hint|Illusion Level Mod is active, so this Pok\u00e9mon's true level was hidden.\n|-damage|p2a: Arbok|21/100|[from] item: Life Orb\n|\n|upkeep\n|turn|16\n|inactive|Time left: 300 sec this turn | 300 sec total\n|\n|t:|1783563031\n|move|p2a: Arbok|Sucker Punch|p1a: Zoroark\n|-supereffective|p1a: Zoroark\n|-damage|p1a: Zoroark|11/219\n|-damage|p2a: Arbok|11/100|[from] item: Life Orb\n|move|p1a: Zoroark|Bitter Malice|p2a: Arbok\n|-damage|p2a: Arbok|0 fnt\n|faint|p2a: Arbok\n|\n|upkeep\n|\n|t:|1783563032\n|switch|p2a: Lilligant|Lilligant-Hisui, L79, F|100/100\n|turn|17\n|inactive|Time left: 300 sec this turn | 300 sec total\n|\n|t:|1783563033\n|move|p1a: Zoroark|Bitter Malice|p2a: Lilligant\n|-damage|p2a: Lilligant|37/100\n|-unboost|p2a: Lilligant|atk|1\n|move|p2a: Lilligant|Victory Dance|p2a: Lilligant\n|-boost|p2a: Lilligant|atk|1\n|-boost|p2a: Lilligant|def|1\n|-boost|p2a: Lilligant|spe|1\n|\n|upkeep\n|turn|18\n|inactive|Time left: 300 sec this turn | 300 sec total\n|\n|t:|1783563034\n|move|p2a: Lilligant|Leaf Blade|p1a: Zoroark\n|-damage|p1a: Zoroark|0 fnt\n|faint|p1a: Zoroark\n|\n|upkeep\n|inactive|Time left: 300 sec this turn | 300 sec total | 5 sec grace\n|\n|t:|1783563035\n|switch|p1a: Alcremie|Alcremie-Ruby-Cream, L90, F|263/263\n|turn|19\n|inactive|Time left: 300 sec this turn | 300 sec total\n|\n|t:|1783563035\n|move|p2a: Lilligant|Sleep Powder|p1a: Alcremie\n|-status|p1a: Alcremie|slp|[from] move: Sleep Powder\n|cant|p1a: Alcremie|slp\n|\n|upkeep\n|turn|20\n|inactive|Time left: 300 sec this turn | 300 sec total\n|\n|t:|1783563036\n|switch|p1a: Giratina|Giratina-Origin, L72|335/335\n|-terastallize|p2a: Lilligant|Steel\n|move|p2a: Lilligant|Victory Dance|p2a: Lilligant\n|-boost|p2a: Lilligant|atk|1\n|-boost|p2a: Lilligant|def|1\n|-boost|p2a: Lilligant|spe|1\n|\n|upkeep\n|turn|21\n|inactive|Time left: 300 sec this turn | 300 sec total\n|\n|t:|1783563037\n|move|p2a: Lilligant|Leaf Blade|p1a: Giratina\n|-resisted|p1a: Giratina\n|-crit|p1a: Giratina\n|-damage|p1a: Giratina|169/335\n|move|p1a: Giratina|Poltergeist|p2a: Lilligant\n|-activate|p2a: Lilligant|move: Poltergeist|Wide Lens\n|-damage|p2a: Lilligant|7/100\n|\n|upkeep\n|turn|22\n|inactive|Time left: 300 sec this turn | 300 sec total\n|\n|t:|1783563037\n|move|p1a: Giratina|Shadow Sneak|p2a: Lilligant\n|-damage|p2a: Lilligant|0 fnt\n|faint|p2a: Lilligant\n|\n|upkeep\n|\n|t:|1783563038\n|switch|p2a: Ogerpon|Ogerpon-Hearthflame, L74, F|100/100\n|-ability|p2a: Ogerpon|Mold Breaker\n|turn|23\n|inactive|Time left: 300 sec this turn | 300 sec total\n|\n|t:|1783563039\n|-terastallize|p1a: Giratina|Dragon\n|move|p2a: Ogerpon|Ivy Cudgel|p1a: Giratina|[anim] Ivy Cudgel Fire\n|-resisted|p1a: Giratina\n|-crit|p1a: Giratina\n|-damage|p1a: Giratina|76/335\n|move|p1a: Giratina|Draco Meteor|p2a: Ogerpon\n|-damage|p2a: Ogerpon|19/100\n|-unboost|p1a: Giratina|spa|2\n|\n|upkeep\n|turn|24\n|inactive|Time left: 300 sec this turn | 300 sec total\n|\n|t:|1783563039\n|move|p1a: Giratina|Shadow Sneak|p2a: Ogerpon\n|-damage|p2a: Ogerpon|0 fnt\n|faint|p2a: Ogerpon\n|\n|win|p0x19887ce6", "uploadtime": 1783563039, "views": 0, "rating": 0, "private": 0, "password": null, "_winner": "p0x19887ce6", "_our_name": "p0x19887ce6"}