{"id": "battle-gen9randombattle-1165", "formatid": "gen9randombattle", "format": "[Gen 9] Random Battle", "players": ["p0x11665ad5", "p0y11665ebe"], "log": "|init|battle\n|title|p0x11665ad5 vs. p0y11665ebe\n|j|\u2606p0x11665ad5\n|j|\u2606p0y11665ebe\n|t:|1783553503\n|gametype|singles\n|player|p1|p0x11665ad5|170|\n|player|p2|p0y11665ebe|265|\n|gen|9\n|tier|[Gen 9] Random Battle\n|rule|Species Clause: Limit one of each Pok\u00e9mon\n|rule|HP Percentage Mod: HP is shown in percentages\n|rule|Sleep Clause Mod: Limit one foe put to sleep\n|rule|Illusion Level Mod: Illusion disguises the Pok\u00e9mon's true level\n|\n|t:|1783553503\n|teamsize|p1|6\n|teamsize|p2|6\n|start\n|switch|p1a: Raichu|Raichu-Alola, L87, M|246/246\n|switch|p2a: Reshiram|Reshiram, L76|100/100\n|-ability|p2a: Reshiram|Turboblaze\n|turn|1\n|inactive|Battle timer is ON: inactive players will automatically lose when time's up. (requested by p0y11665ebe)\n|inactive|Time left: 300 sec this turn | 300 sec total | 60 sec grace\n|inactive|p0x11665ad5 also wants the timer to be on.\n|\n|t:|1783553505\n|move|p1a: Raichu|Nasty Plot|p1a: Raichu\n|-boost|p1a: Raichu|spa|2\n|move|p2a: Reshiram|Dragon Dance|p2a: Reshiram\n|-boost|p2a: Reshiram|atk|1\n|-boost|p2a: Reshiram|spe|1\n|\n|upkeep\n|turn|2\n|inactive|Time left: 300 sec this turn | 300 sec total\n|\n|t:|1783553506\n|switch|p1a: Registeel|Registeel, L81|262/262\n|move|p2a: Reshiram|Flare Blitz|p1a: Registeel\n|-supereffective|p1a: Registeel\n|-damage|p1a: Registeel|14/262\n|-damage|p2a: Reshiram|71/100|[from] Recoil\n|\n|upkeep\n|turn|3\n|inactive|Time left: 300 sec this turn | 300 sec total\n|\n|t:|1783553507\n|move|p2a: Reshiram|Outrage|p1a: Registeel\n|-resisted|p1a: Registeel\n|-damage|p1a: Registeel|0 fnt\n|faint|p1a: Registeel\n|\n|upkeep\n|inactive|Time left: 300 sec this turn | 300 sec total | 5 sec grace\n|\n|t:|1783553508\n|switch|p1a: Ogerpon|Ogerpon-Cornerstone, L76, F|247/247\n|turn|4\n|inactive|Time left: 300 sec this turn | 300 sec total\n|\n|t:|1783553510\n|move|p2a: Reshiram|Outrage|p1a: Ogerpon|[from] lockedmove\n|-damage|p1a: Ogerpon|46/247\n|-start|p2a: Reshiram|confusion|[fatigue]\n|move|p1a: Ogerpon|Ivy Cudgel|p2a: Reshiram|[anim] Ivy Cudgel Rock\n|-supereffective|p2a: Reshiram\n|-damage|p2a: Reshiram|0 fnt\n|faint|p2a: Reshiram\n|\n|upkeep\n|\n|t:|1783553511\n|switch|p2a: Lucario|Lucario, L84, F|100/100\n|turn|5\n|inactive|Time left: 300 sec this turn | 300 sec total\n|\n|t:|1783553512\n|switch|p1a: Keldeo|Keldeo-Resolute, L79|273/273\n|move|p2a: Lucario|Vacuum Wave|p1a: Keldeo\n|-damage|p1a: Keldeo|205/273\n|-damage|p2a: Lucario|91/100|[from] item: Life Orb\n|\n|upkeep\n|turn|6\n|inactive|Time left: 300 sec this turn | 300 sec total\n|\n|t:|1783553513\n|switch|p2a: Suicune|Suicune, L82|100/100\n|-ability|p2a: Suicune|Pressure\n|move|p1a: Keldeo|Secret Sword|p2a: Suicune\n|-damage|p2a: Suicune|56/100\n|\n|-heal|p2a: Suicune|62/100|[from] item: Leftovers\n|upkeep\n|turn|7\n|inactive|Time left: 300 sec this turn | 300 sec total\n|\n|t:|1783553514\n|move|p1a: Keldeo|Secret Sword|p2a: Suicune\n|-damage|p2a: Suicune|24/100\n|move|p2a: Suicune|Scald|p1a: Keldeo\n|-resisted|p1a: Keldeo\n|-damage|p1a: Keldeo|163/273\n|-status|p1a: Keldeo|brn\n|\n|-heal|p2a: Suicune|30/100|[from] item: Leftovers\n|-damage|p1a: Keldeo|146/273 brn|[from] brn\n|upkeep\n|turn|8\n|inactive|Time left: 300 sec this turn | 300 sec total\n|\n|t:|1783553515\n|switch|p2a: Donphan|Donphan, L84, M|100/100\n|move|p1a: Keldeo|Secret Sword|p2a: Donphan\n|-damage|p2a: Donphan|62/100\n|\n|-damage|p1a: Keldeo|129/273 brn|[from] brn\n|upkeep\n|turn|9\n|inactive|Time left: 300 sec this turn | 300 sec total\n|\n|t:|1783553516\n|move|p1a: Keldeo|Secret Sword|p2a: Donphan\n|-damage|p2a: Donphan|20/100\n|move|p2a: Donphan|Earthquake|p1a: Keldeo\n|-damage|p1a: Keldeo|2/273 brn\n|\n|-damage|p1a: Keldeo|0 fnt|[from] brn\n|faint|p1a: Keldeo\n|upkeep\n|inactive|Time left: 300 sec this turn | 300 sec total | 5 sec grace\n|\n|t:|1783553517\n|switch|p1a: Brambleghast|Brambleghast, L88, F|240/240\n|turn|10\n|inactive|Time left: 300 sec this turn | 300 sec total\n|\n|t:|1783553518\n|switch|p2a: Regigigas|Regigigas, L84|100/100\n|-start|p2a: Regigigas|ability: Slow Start\n|move|p1a: Brambleghast|Poltergeist|p2a: Regigigas\n|-immune|p2a: Regigigas\n|\n|upkeep\n|turn|11\n|inactive|Time left: 300 sec this turn | 300 sec total\n|\n|t:|1783553520\n|move|p1a: Brambleghast|Power Whip|p2a: Regigigas\n|-damage|p2a: Regigigas|55/100\n|move|p2a: Regigigas|Knock Off|p1a: Brambleghast\n|-supereffective|p1a: Brambleghast\n|-damage|p1a: Brambleghast|130/240\n|-enditem|p1a: Brambleghast|Leftovers|[from] move: Knock Off|[of] p2a: Regigigas\n|\n|-heal|p2a: Regigigas|61/100|[from] item: Leftovers\n|upkeep\n|turn|12\n|inactive|Time left: 300 sec this turn | 300 sec total\n|\n|t:|1783553521\n|move|p1a: Brambleghast|Strength Sap|p2a: Regigigas\n|-unboost|p2a: Regigigas|atk|1\n|-heal|p1a: Brambleghast|240/240\n|move|p2a: Regigigas|Knock Off|p1a: Brambleghast\n|-supereffective|p1a: Brambleghast\n|-damage|p1a: Brambleghast|192/240\n|\n|-heal|p2a: Regigigas|67/100|[from] item: Leftovers\n|upkeep\n|turn|13\n|inactive|Time left: 300 sec this turn | 300 sec total\n|\n|t:|1783553522\n|move|p1a: Brambleghast|Spikes|p2a: Regigigas\n|-sidestart|p2: p0y11665ebe|Spikes\n|move|p2a: Regigigas|Knock Off|p1a: Brambleghast\n|-supereffective|p1a: Brambleghast\n|-damage|p1a: Brambleghast|138/240\n|\n|-heal|p2a: Regigigas|73/100|[from] item: Leftovers\n|upkeep\n|turn|14\n|inactive|Time left: 300 sec this turn | 300 sec total\n|\n|t:|1783553523\n|move|p1a: Brambleghast|Strength Sap|p2a: Regigigas\n|-unboost|p2a: Regigigas|atk|1\n|-heal|p1a: Brambleghast|240/240\n|move|p2a: Regigigas|Knock Off|p1a: Brambleghast\n|-supereffective|p1a: Brambleghast\n|-damage|p1a: Brambleghast|198/240\n|\n|-heal|p2a: Regigigas|80/100|[from] item: Leftovers\n|upkeep\n|turn|15\n|inactive|Time left: 300 sec this turn | 300 sec total\n|\n|t:|1783553524\n|switch|p2a: Lucario|Lucario, L84, F|91/100\n|-damage|p2a: Lucario|79/100|[from] Spikes\n|move|p1a: Brambleghast|Spikes|p2a: Lucario\n|-sidestart|p2: p0y11665ebe|Spikes\n|\n|upkeep\n|turn|16\n|inactive|Time left: 300 sec this turn | 300 sec total\n|\n|t:|1783553525\n|switch|p2a: Regigigas|Regigigas, L84|80/100\n|-damage|p2a: Regigigas|63/100|[from] Spikes\n|-start|p2a: Regigigas|ability: Slow Start\n|move|p1a: Brambleghast|Poltergeist|p2a: Regigigas\n|-immune|p2a: Regigigas\n|\n|-heal|p2a: Regigigas|69/100|[from] item: Leftovers\n|upkeep\n|turn|17\n|inactive|Time left: 300 sec this turn | 300 sec total\n|\n|t:|1783553526\n|move|p1a: Brambleghast|Power Whip|p2a: Regigigas\n|-damage|p2a: Regigigas|25/100\n|move|p2a: Regigigas|Knock Off|p1a: Brambleghast\n|-supereffective|p1a: Brambleghast\n|-damage|p1a: Brambleghast|112/240\n|\n|-heal|p2a: Regigigas|32/100|[from] item: Leftovers\n|upkeep\n|turn|18\n|inactive|Time left: 300 sec this turn | 300 sec total\n|\n|t:|1783553527\n|move|p1a: Brambleghast|Power Whip|p2a: Regigigas\n|-damage|p2a: Regigigas|0 fnt\n|faint|p2a: Regigigas\n|-end|p2a: Regigigas|Slow Start|[silent]\n|\n|upkeep\n|\n|t:|1783553528\n|switch|p2a: Vaporeon|Vaporeon, L86, M|100/100\n|-damage|p2a: Vaporeon|84/100|[from] Spikes\n|turn|19\n|inactive|Time left: 300 sec this turn | 300 sec total\n|\n|t:|1783553529\n|move|p2a: Vaporeon|Protect|p2a: Vaporeon\n|-singleturn|p2a: Vaporeon|Protect\n|move|p1a: Brambleghast|Power Whip|p2a: Vaporeon\n|-activate|p2a: Vaporeon|move: Protect\n|\n|-heal|p2a: Vaporeon|90/100|[from] item: Leftovers\n|upkeep\n|turn|20\n|inactive|Time left: 300 sec this turn | 300 sec total\n|\n|t:|1783553530\n|move|p2a: Vaporeon|Protect||[still]\n|-fail|p2a: Vaporeon\n|move|p1a: Brambleghast|Power Whip|p2a: Vaporeon\n|-supereffective|p2a: Vaporeon\n|-damage|p2a: Vaporeon|0 fnt\n|faint|p2a: Vaporeon\n|\n|upkeep\n|\n|t:|1783553531\n|switch|p2a: Suicune|Suicune, L82|30/100\n|-damage|p2a: Suicune|13/100|[from] Spikes\n|-ability|p2a: Suicune|Pressure\n|turn|21\n|inactive|Time left: 300 sec this turn | 300 sec total\n|\n|t:|1783553531\n|move|p1a: Brambleghast|Poltergeist|p2a: Suicune\n|-activate|p2a: Suicune|move: Poltergeist|Leftovers\n|-damage|p2a: Suicune|0 fnt\n|faint|p2a: Suicune\n|\n|upkeep\n|\n|t:|1783553532\n|switch|p2a: Lucario|Lucario, L84, F|79/100\n|-damage|p2a: Lucario|62/100|[from] Spikes\n|turn|22\n|inactive|Time left: 300 sec this turn | 300 sec total\n|\n|t:|1783553533\n|switch|p2a: Donphan|Donphan, L84, M|20/100\n|-damage|p2a: Donphan|3/100|[from] Spikes\n|move|p1a: Brambleghast|Poltergeist|p2a: Donphan\n|-activate|p2a: Donphan|move: Poltergeist|Assault Vest\n|-damage|p2a: Donphan|0 fnt\n|faint|p2a: Donphan\n|\n|upkeep\n|\n|t:|1783553534\n|switch|p2a: Lucario|Lucario, L84, F|62/100\n|-damage|p2a: Lucario|46/100|[from] Spikes\n|turn|23\n|inactive|Time left: 300 sec this turn | 300 sec total\n|\n|t:|1783553535\n|move|p2a: Lucario|Vacuum Wave|p1a: Brambleghast\n|-immune|p1a: Brambleghast\n|move|p1a: Brambleghast|Poltergeist|p2a: Lucario\n|-activate|p2a: Lucario|move: Poltergeist|Life Orb\n|-damage|p2a: Lucario|0 fnt\n|faint|p2a: Lucario\n|\n|win|p0x11665ad5", "uploadtime": 1783553535, "views": 0, "rating": 0, "private": 0, "password": null, "_winner": "p0x11665ad5", "_our_name": "p0x11665ad5"}