{"id": "battle-gen9randombattle-2903", "formatid": "gen9randombattle", "format": "[Gen 9] Random Battle", "players": ["p0x2903080f", "p0y2903f6e6"], "log": "|init|battle\n|title|p0x2903080f vs. p0y2903f6e6\n|j|\u2606p0x2903080f\n|j|\u2606p0y2903f6e6\n|t:|1783573433\n|gametype|singles\n|player|p1|p0x2903080f|1|\n|player|p2|p0y2903f6e6|2|\n|gen|9\n|tier|[Gen 9] Random Battle\n|rule|Species Clause: Limit one of each Pok\u00e9mon\n|rule|HP Percentage Mod: HP is shown in percentages\n|rule|Sleep Clause Mod: Limit one foe put to sleep\n|rule|Illusion Level Mod: Illusion disguises the Pok\u00e9mon's true level\n|\n|t:|1783573433\n|teamsize|p1|6\n|teamsize|p2|6\n|start\n|switch|p1a: Clodsire|Clodsire, L81, F|100/100\n|switch|p2a: Dunsparce|Dunsparce, L86, M|312/312\n|turn|1\n|inactive|Battle timer is ON: inactive players will automatically lose when time's up. (requested by p0x2903080f)\n|inactive|Time left: 300 sec this turn | 300 sec total | 60 sec grace\n|inactive|p0y2903f6e6 also wants the timer to be on.\n|\n|t:|1783573434\n|move|p2a: Dunsparce|Coil|p2a: Dunsparce\n|-boost|p2a: Dunsparce|atk|1\n|-boost|p2a: Dunsparce|def|1\n|-boost|p2a: Dunsparce|accuracy|1\n|move|p1a: Clodsire|Toxic|p2a: Dunsparce\n|-status|p2a: Dunsparce|tox\n|\n|-damage|p2a: Dunsparce|293/312 tox|[from] psn\n|upkeep\n|turn|2\n|inactive|Time left: 300 sec this turn | 300 sec total\n|\n|t:|1783573436\n|switch|p1a: Wyrdeer|Wyrdeer, L87, F|100/100\n|-ability|p1a: Wyrdeer|Intimidate|boost\n|-unboost|p2a: Dunsparce|atk|1\n|move|p2a: Dunsparce|Body Slam|p1a: Wyrdeer\n|-damage|p1a: Wyrdeer|76/100\n|\n|-damage|p2a: Dunsparce|255/312 tox|[from] psn\n|upkeep\n|turn|3\n|inactive|Time left: 300 sec this turn | 300 sec total\n|\n|t:|1783573437\n|move|p1a: Wyrdeer|Psychic Noise|p2a: Dunsparce\n|-crit|p2a: Dunsparce\n|-damage|p2a: Dunsparce|143/312 tox\n|-start|p2a: Dunsparce|move: Heal Block\n|move|p2a: Dunsparce|Body Slam|p1a: Wyrdeer\n|-damage|p1a: Wyrdeer|48/100\n|\n|-damage|p2a: Dunsparce|86/312 tox|[from] psn\n|upkeep\n|turn|4\n|inactive|Time left: 300 sec this turn | 300 sec total\n|\n|t:|1783573438\n|move|p1a: Wyrdeer|Body Slam|p2a: Dunsparce\n|-damage|p2a: Dunsparce|28/312 tox\n|move|p2a: Dunsparce|Body Slam|p1a: Wyrdeer\n|-damage|p1a: Wyrdeer|22/100\n|-status|p1a: Wyrdeer|par\n|\n|-damage|p2a: Dunsparce|0 fnt|[from] psn\n|faint|p2a: Dunsparce\n|upkeep\n|inactive|Time left: 300 sec this turn | 300 sec total | 5 sec grace\n|\n|t:|1783573439\n|switch|p2a: Zarude|Zarude-Dada, L77|288/288\n|turn|5\n|inactive|Time left: 300 sec this turn | 300 sec total\n|\n|t:|1783573440\n|move|p2a: Zarude|Knock Off|p1a: Wyrdeer\n|-supereffective|p1a: Wyrdeer\n|-damage|p1a: Wyrdeer|0 fnt\n|-enditem|p1a: Wyrdeer|Assault Vest|[from] move: Knock Off|[of] p2a: Zarude\n|faint|p1a: Wyrdeer\n|\n|upkeep\n|\n|t:|1783573441\n|switch|p1a: Walking Wake|Walking Wake, L79|100/100\n|turn|6\n|inactive|Time left: 300 sec this turn | 300 sec total\n|\n|t:|1783573442\n|move|p1a: Walking Wake|Flamethrower|p2a: Zarude\n|-supereffective|p2a: Zarude\n|-damage|p2a: Zarude|94/288\n|move|p2a: Zarude|Knock Off|p1a: Walking Wake\n|-damage|p1a: Walking Wake|62/100\n|-enditem|p1a: Walking Wake|Choice Specs|[from] move: Knock Off|[of] p2a: Zarude\n|\n|-heal|p2a: Zarude|112/288|[from] item: Leftovers\n|upkeep\n|turn|7\n|inactive|Time left: 300 sec this turn | 300 sec total\n|\n|t:|1783573443\n|switch|p2a: Comfey|Comfey, L85, M|225/225\n|move|p1a: Walking Wake|Flamethrower|p2a: Comfey\n|-damage|p2a: Comfey|167/225\n|\n|-heal|p2a: Comfey|181/225|[from] item: Leftovers\n|upkeep\n|turn|8\n|inactive|Time left: 300 sec this turn | 300 sec total\n|\n|t:|1783573444\n|move|p2a: Comfey|Calm Mind|p2a: Comfey\n|-boost|p2a: Comfey|spa|1\n|-boost|p2a: Comfey|spd|1\n|move|p1a: Walking Wake|Flip Turn|p2a: Comfey\n|-damage|p2a: Comfey|127/225\n|\n|t:|1783573445\n|-end|p1a: Walking Wake|Protosynthesis|[silent]\n|switch|p1a: Dialga|Dialga, L73|100/100|[from] Flip Turn\n|-ability|p1a: Dialga|Pressure\n|\n|-heal|p2a: Comfey|141/225|[from] item: Leftovers\n|upkeep\n|turn|9\n|inactive|Time left: 300 sec this turn | 300 sec total\n|\n|t:|1783573446\n|switch|p2a: Flamigo|Flamigo, L82, F|269/269\n|move|p1a: Dialga|Heavy Slam|p2a: Flamigo\n|-damage|p2a: Flamigo|128/269\n|\n|upkeep\n|turn|10\n|inactive|Time left: 300 sec this turn | 300 sec total\n|\n|t:|1783573447\n|-terastallize|p1a: Dialga|Flying\n|move|p2a: Flamigo|Close Combat|p1a: Dialga\n|-resisted|p1a: Dialga\n|-damage|p1a: Dialga|69/100\n|-unboost|p2a: Flamigo|def|1\n|-unboost|p2a: Flamigo|spd|1\n|move|p1a: Dialga|Heavy Slam|p2a: Flamigo\n|-damage|p2a: Flamigo|0 fnt\n|faint|p2a: Flamigo\n|\n|-heal|p1a: Dialga|75/100|[from] item: Leftovers\n|upkeep\n|inactive|Time left: 300 sec this turn | 300 sec total | 5 sec grace\n|\n|t:|1783573447\n|switch|p2a: Zarude|Zarude-Dada, L77|112/288\n|turn|11\n|inactive|Time left: 300 sec this turn | 300 sec total\n|\n|t:|1783573448\n|move|p2a: Zarude|Synthesis|p2a: Zarude\n|-heal|p2a: Zarude|256/288\n|move|p1a: Dialga|Fire Blast|p2a: Zarude\n|-supereffective|p2a: Zarude\n|-damage|p2a: Zarude|92/288\n|\n|-heal|p2a: Zarude|110/288|[from] item: Leftovers\n|-heal|p1a: Dialga|81/100|[from] item: Leftovers\n|upkeep\n|turn|12\n|inactive|Time left: 300 sec this turn | 300 sec total\n|\n|t:|1783573449\n|move|p2a: Zarude|Synthesis|p2a: Zarude\n|-heal|p2a: Zarude|254/288\n|move|p1a: Dialga|Fire Blast|p2a: Zarude|[miss]\n|-miss|p1a: Dialga|p2a: Zarude\n|\n|-heal|p2a: Zarude|272/288|[from] item: Leftovers\n|-heal|p1a: Dialga|87/100|[from] item: Leftovers\n|upkeep\n|turn|13\n|inactive|Time left: 300 sec this turn | 300 sec total\n|\n|t:|1783573449\n|move|p2a: Zarude|Knock Off|p1a: Dialga\n|-damage|p1a: Dialga|54/100\n|-enditem|p1a: Dialga|Leftovers|[from] move: Knock Off|[of] p2a: Zarude\n|move|p1a: Dialga|Fire Blast|p2a: Zarude\n|-supereffective|p2a: Zarude\n|-damage|p2a: Zarude|94/288\n|\n|-heal|p2a: Zarude|112/288|[from] item: Leftovers\n|upkeep\n|turn|14\n|inactive|Time left: 300 sec this turn | 300 sec total\n|\n|t:|1783573450\n|move|p2a: Zarude|Synthesis|p2a: Zarude\n|-heal|p2a: Zarude|256/288\n|move|p1a: Dialga|Fire Blast|p2a: Zarude\n|-supereffective|p2a: Zarude\n|-damage|p2a: Zarude|68/288\n|\n|-heal|p2a: Zarude|86/288|[from] item: Leftovers\n|upkeep\n|turn|15\n|inactive|Time left: 300 sec this turn | 300 sec total\n|\n|t:|1783573451\n|move|p2a: Zarude|Synthesis|p2a: Zarude\n|-heal|p2a: Zarude|230/288\n|move|p1a: Dialga|Fire Blast|p2a: Zarude\n|-supereffective|p2a: Zarude\n|-damage|p2a: Zarude|56/288\n|\n|-heal|p2a: Zarude|74/288|[from] item: Leftovers\n|upkeep\n|turn|16\n|inactive|Time left: 300 sec this turn | 300 sec total\n|\n|t:|1783573452\n|move|p2a: Zarude|Synthesis|p2a: Zarude\n|-heal|p2a: Zarude|218/288\n|move|p1a: Dialga|Heavy Slam|p2a: Zarude\n|-damage|p2a: Zarude|107/288\n|\n|-heal|p2a: Zarude|125/288|[from] item: Leftovers\n|upkeep\n|turn|17\n|inactive|Time left: 300 sec this turn | 300 sec total\n|\n|t:|1783573453\n|move|p2a: Zarude|Synthesis|p2a: Zarude\n|-heal|p2a: Zarude|269/288\n|move|p1a: Dialga|Fire Blast|p2a: Zarude|[miss]\n|-miss|p1a: Dialga|p2a: Zarude\n|\n|-heal|p2a: Zarude|287/288|[from] item: Leftovers\n|upkeep\n|turn|18\n|inactive|Time left: 300 sec this turn | 300 sec total\n|\n|t:|1783573454\n|move|p2a: Zarude|Swords Dance|p2a: Zarude\n|-boost|p2a: Zarude|atk|2\n|move|p1a: Dialga|Fire Blast|p2a: Zarude\n|-supereffective|p2a: Zarude\n|-damage|p2a: Zarude|123/288\n|\n|-heal|p2a: Zarude|141/288|[from] item: Leftovers\n|upkeep\n|turn|19\n|inactive|Time left: 300 sec this turn | 300 sec total\n|\n|t:|1783573455\n|move|p2a: Zarude|Synthesis|p2a: Zarude\n|-heal|p2a: Zarude|285/288\n|move|p1a: Dialga|Draco Meteor|p2a: Zarude\n|-damage|p2a: Zarude|120/288\n|-unboost|p1a: Dialga|spa|2\n|\n|-heal|p2a: Zarude|138/288|[from] item: Leftovers\n|upkeep\n|turn|20\n|inactive|Time left: 300 sec this turn | 300 sec total\n|\n|t:|1783573456\n|move|p2a: Zarude|Knock Off|p1a: Dialga\n|-damage|p1a: Dialga|7/100\n|move|p1a: Dialga|Heavy Slam|p2a: Zarude\n|-damage|p2a: Zarude|32/288\n|\n|-heal|p2a: Zarude|50/288|[from] item: Leftovers\n|upkeep\n|turn|21\n|inactive|Time left: 300 sec this turn | 300 sec total\n|\n|t:|1783573457\n|move|p2a: Zarude|Synthesis|p2a: Zarude\n|-heal|p2a: Zarude|194/288\n|move|p1a: Dialga|Heavy Slam|p2a: Zarude\n|-damage|p2a: Zarude|77/288\n|\n|-heal|p2a: Zarude|95/288|[from] item: Leftovers\n|upkeep\n|turn|22\n|inactive|Time left: 300 sec this turn | 300 sec total\n|\n|t:|1783573458\n|move|p2a: Zarude|Knock Off|p1a: Dialga\n|-damage|p1a: Dialga|0 fnt\n|faint|p1a: Dialga\n|\n|-heal|p2a: Zarude|113/288|[from] item: Leftovers\n|upkeep\n|\n|t:|1783573459\n|switch|p1a: Rampardos|Rampardos, L90, F|100/100\n|turn|23\n|inactive|Time left: 300 sec this turn | 300 sec total\n|\n|t:|1783573460\n|move|p1a: Rampardos|Fire Punch|p2a: Zarude\n|-supereffective|p2a: Zarude\n|-damage|p2a: Zarude|0 fnt\n|faint|p2a: Zarude\n|\n|upkeep\n|inactive|Time left: 300 sec this turn | 300 sec total | 5 sec grace\n|\n|t:|1783573460\n|switch|p2a: Swalot|Swalot, L90, F|326/326\n|turn|24\n|inactive|Time left: 300 sec this turn | 300 sec total\n|\n|t:|1783573462\n|move|p1a: Rampardos|Fire Punch|p2a: Swalot\n|-damage|p2a: Swalot|200/326\n|move|p2a: Swalot|Earthquake|p1a: Rampardos\n|-supereffective|p1a: Rampardos\n|-damage|p1a: Rampardos|52/100\n|\n|-heal|p2a: Swalot|220/326|[from] item: Leftovers\n|upkeep\n|turn|25\n|inactive|Time left: 300 sec this turn | 300 sec total\n|\n|t:|1783573463\n|move|p1a: Rampardos|Fire Punch|p2a: Swalot\n|-damage|p2a: Swalot|105/326\n|move|p2a: Swalot|Earthquake|p1a: Rampardos\n|-supereffective|p1a: Rampardos\n|-crit|p1a: Rampardos\n|-damage|p1a: Rampardos|0 fnt\n|faint|p1a: Rampardos\n|\n|-heal|p2a: Swalot|125/326|[from] item: Leftovers\n|upkeep\n|\n|t:|1783573464\n|switch|p1a: Barraskewda|Barraskewda, L81, M|100/100\n|turn|26\n|inactive|Time left: 300 sec this turn | 300 sec total\n|\n|t:|1783573465\n|move|p2a: Swalot|Protect|p2a: Swalot\n|-singleturn|p2a: Swalot|Protect\n|move|p1a: Barraskewda|Waterfall|p2a: Swalot\n|-activate|p2a: Swalot|move: Protect\n|\n|-heal|p2a: Swalot|145/326|[from] item: Leftovers\n|upkeep\n|turn|27\n|inactive|Time left: 300 sec this turn | 300 sec total\n|\n|t:|1783573466\n|move|p1a: Barraskewda|Waterfall|p2a: Swalot\n|-damage|p2a: Swalot|0 fnt\n|faint|p2a: Swalot\n|\n|upkeep\n|inactive|Time left: 300 sec this turn | 300 sec total | 5 sec grace\n|\n|t:|1783573467\n|switch|p2a: Jumpluff|Jumpluff, L87, M|271/271\n|turn|28\n|inactive|Time left: 300 sec this turn | 300 sec total\n|\n|t:|1783573468\n|move|p1a: Barraskewda|Waterfall|p2a: Jumpluff\n|-resisted|p2a: Jumpluff\n|-damage|p2a: Jumpluff|190/271\n|move|p2a: Jumpluff|Acrobatics|p1a: Barraskewda\n|-damage|p1a: Barraskewda|51/100\n|\n|upkeep\n|turn|29\n|inactive|Time left: 300 sec this turn | 300 sec total\n|\n|t:|1783573469\n|move|p1a: Barraskewda|Waterfall|p2a: Jumpluff\n|-resisted|p2a: Jumpluff\n|-damage|p2a: Jumpluff|115/271\n|cant|p2a: Jumpluff|flinch\n|\n|upkeep\n|turn|30\n|inactive|Time left: 300 sec this turn | 300 sec total\n|\n|t:|1783573470\n|move|p1a: Barraskewda|Waterfall|p2a: Jumpluff\n|-resisted|p2a: Jumpluff\n|-damage|p2a: Jumpluff|39/271\n|move|p2a: Jumpluff|Strength Sap|p1a: Barraskewda\n|-unboost|p1a: Barraskewda|atk|1\n|-heal|p2a: Jumpluff|271/271\n|\n|upkeep\n|turn|31\n|inactive|Time left: 300 sec this turn | 300 sec total\n|\n|t:|1783573471\n|switch|p1a: Clodsire|Clodsire, L81, F|100/100\n|move|p2a: Jumpluff|Acrobatics|p1a: Clodsire\n|-damage|p1a: Clodsire|71/100\n|\n|-heal|p1a: Clodsire|77/100|[from] item: Leftovers\n|upkeep\n|turn|32\n|inactive|Time left: 300 sec this turn | 300 sec total\n|\n|t:|1783573472\n|move|p2a: Jumpluff|Sleep Powder|p1a: Clodsire\n|-status|p1a: Clodsire|slp|[from] move: Sleep Powder\n|cant|p1a: Clodsire|slp\n|\n|-heal|p1a: Clodsire|83/100 slp|[from] item: Leftovers\n|upkeep\n|turn|33\n|inactive|Time left: 300 sec this turn | 300 sec total\n|\n|t:|1783573473\n|move|p2a: Jumpluff|Acrobatics|p1a: Clodsire\n|-damage|p1a: Clodsire|52/100 slp\n|cant|p1a: Clodsire|slp\n|\n|-heal|p1a: Clodsire|59/100 slp|[from] item: Leftovers\n|upkeep\n|turn|34\n|inactive|Time left: 300 sec this turn | 300 sec total\n|\n|t:|1783573474\n|move|p2a: Jumpluff|Acrobatics|p1a: Clodsire\n|-damage|p1a: Clodsire|24/100 slp\n|-curestatus|p1a: Clodsire|slp|[msg]\n|move|p1a: Clodsire|Toxic|p2a: Jumpluff\n|-status|p2a: Jumpluff|tox\n|\n|-heal|p1a: Clodsire|30/100|[from] item: Leftovers\n|-damage|p2a: Jumpluff|255/271 tox|[from] psn\n|upkeep\n|turn|35\n|inactive|Time left: 300 sec this turn | 300 sec total\n|\n|t:|1783573475\n|switch|p1a: Walking Wake|Walking Wake, L79|62/100\n|move|p2a: Jumpluff|Acrobatics|p1a: Walking Wake\n|-damage|p1a: Walking Wake|33/100\n|\n|-damage|p2a: Jumpluff|223/271 tox|[from] psn\n|upkeep\n|turn|36\n|inactive|Time left: 300 sec this turn | 300 sec total\n|\n|t:|1783573476\n|move|p2a: Jumpluff|Sleep Powder|p1a: Walking Wake\n|-status|p1a: Walking Wake|slp|[from] move: Sleep Powder\n|cant|p1a: Walking Wake|slp\n|\n|-damage|p2a: Jumpluff|175/271 tox|[from] psn\n|upkeep\n|turn|37\n|inactive|Time left: 300 sec this turn | 300 sec total\n|\n|t:|1783573477\n|move|p2a: Jumpluff|Acrobatics|p1a: Walking Wake\n|-damage|p1a: Walking Wake|4/100 slp\n|cant|p1a: Walking Wake|slp\n|\n|-damage|p2a: Jumpluff|111/271 tox|[from] psn\n|upkeep\n|turn|38\n|inactive|Time left: 300 sec this turn | 300 sec total\n|\n|t:|1783573478\n|move|p2a: Jumpluff|Strength Sap|p1a: Walking Wake\n|-unboost|p1a: Walking Wake|atk|1\n|-heal|p2a: Jumpluff|271/271 tox\n|cant|p1a: Walking Wake|slp\n|\n|-damage|p2a: Jumpluff|191/271 tox|[from] psn\n|upkeep\n|turn|39\n|inactive|Time left: 300 sec this turn | 300 sec total\n|\n|t:|1783573479\n|move|p2a: Jumpluff|Acrobatics|p1a: Walking Wake\n|-damage|p1a: Walking Wake|0 fnt\n|faint|p1a: Walking Wake\n|-end|p1a: Walking Wake|Protosynthesis|[silent]\n|\n|-damage|p2a: Jumpluff|95/271 tox|[from] psn\n|upkeep\n|\n|t:|1783573480\n|switch|p1a: Barraskewda|Barraskewda, L81, M|51/100\n|turn|40\n|inactive|Time left: 300 sec this turn | 300 sec total\n|\n|t:|1783573481\n|move|p1a: Barraskewda|Throat Chop|p2a: Jumpluff\n|-damage|p2a: Jumpluff|0 fnt\n|faint|p2a: Jumpluff\n|\n|upkeep\n|inactive|Time left: 300 sec this turn | 300 sec total | 5 sec grace\n|\n|t:|1783573482\n|switch|p2a: Comfey|Comfey, L85, M|141/225\n|turn|41\n|inactive|Time left: 300 sec this turn | 300 sec total\n|\n|t:|1783573483\n|switch|p1a: Clodsire|Clodsire, L81, F|30/100\n|-terastallize|p2a: Comfey|Fairy\n|move|p2a: Comfey|Calm Mind|p2a: Comfey\n|-boost|p2a: Comfey|spa|1\n|-boost|p2a: Comfey|spd|1\n|\n|-heal|p2a: Comfey|155/225|[from] item: Leftovers\n|-heal|p1a: Clodsire|36/100|[from] item: Leftovers\n|upkeep\n|turn|42\n|inactive|Time left: 300 sec this turn | 300 sec total\n|\n|t:|1783573484\n|move|p2a: Comfey|Calm Mind|p2a: Comfey\n|-boost|p2a: Comfey|spa|1\n|-boost|p2a: Comfey|spd|1\n|move|p1a: Clodsire|Recover|p1a: Clodsire\n|-heal|p1a: Clodsire|86/100\n|\n|-heal|p2a: Comfey|169/225|[from] item: Leftovers\n|-heal|p1a: Clodsire|92/100|[from] item: Leftovers\n|upkeep\n|turn|43\n|inactive|Time left: 300 sec this turn | 300 sec total\n|\n|t:|1783573485\n|move|p2a: Comfey|Stored Power|p1a: Clodsire\n|-supereffective|p1a: Clodsire\n|-damage|p1a: Clodsire|19/100\n|move|p1a: Clodsire|Recover|p1a: Clodsire\n|-heal|p1a: Clodsire|69/100\n|\n|-heal|p2a: Comfey|183/225|[from] item: Leftovers\n|-heal|p1a: Clodsire|75/100|[from] item: Leftovers\n|upkeep\n|turn|44\n|inactive|Time left: 300 sec this turn | 300 sec total\n|\n|t:|1783573485\n|move|p2a: Comfey|Stored Power|p1a: Clodsire\n|-supereffective|p1a: Clodsire\n|-damage|p1a: Clodsire|10/100\n|move|p1a: Clodsire|Earthquake|p2a: Comfey\n|-damage|p2a: Comfey|107/225\n|\n|-heal|p2a: Comfey|121/225|[from] item: Leftovers\n|-heal|p1a: Clodsire|16/100|[from] item: Leftovers\n|upkeep\n|turn|45\n|inactive|Time left: 300 sec this turn | 300 sec total\n|\n|t:|1783573486\n|move|p2a: Comfey|Stored Power|p1a: Clodsire\n|-supereffective|p1a: Clodsire\n|-damage|p1a: Clodsire|0 fnt\n|faint|p1a: Clodsire\n|\n|-heal|p2a: Comfey|135/225|[from] item: Leftovers\n|upkeep\n|\n|t:|1783573487\n|switch|p1a: Barraskewda|Barraskewda, L81, M|51/100\n|turn|46\n|inactive|Time left: 300 sec this turn | 300 sec total\n|\n|t:|1783573488\n|move|p2a: Comfey|Giga Drain|p1a: Barraskewda\n|-supereffective|p1a: Barraskewda\n|-damage|p1a: Barraskewda|0 fnt\n|-heal|p2a: Comfey|194/225|[from] drain|[of] p1a: Barraskewda\n|faint|p1a: Barraskewda\n|\n|win|p0y2903f6e6", "uploadtime": 1783573488, "views": 0, "rating": 0, "private": 0, "password": null, "_winner": "p0y2903f6e6", "_our_name": "p0y2903f6e6"}