{"id": "battle-gen9randombattle-26", "formatid": "gen9randombattle", "format": "[Gen 9] Random Battle", "players": ["p0x0266e28", "p0y026cfaa"], "log": "|init|battle\n|title|p0x0266e28 vs. p0y026cfaa\n|j|\u2606p0x0266e28\n|j|\u2606p0y026cfaa\n|t:|1783539724\n|gametype|singles\n|player|p1|p0x0266e28|170|\n|player|p2|p0y026cfaa|101|\n|gen|9\n|tier|[Gen 9] Random Battle\n|rule|Species Clause: Limit one of each Pok\u00e9mon\n|rule|HP Percentage Mod: HP is shown in percentages\n|rule|Sleep Clause Mod: Limit one foe put to sleep\n|rule|Illusion Level Mod: Illusion disguises the Pok\u00e9mon's true level\n|\n|t:|1783539725\n|teamsize|p1|6\n|teamsize|p2|6\n|start\n|switch|p1a: Iron Boulder|Iron Boulder, L77|265/265\n|switch|p2a: Ursaluna|Ursaluna-Bloodmoon, L79, M|100/100\n|turn|1\n|inactive|Battle timer is ON: inactive players will automatically lose when time's up. (requested by p0x0266e28)\n|inactive|p0y026cfaa also wants the timer to be on.\n|\n|t:|1783539726\n|move|p1a: Iron Boulder|Swords Dance|p1a: Iron Boulder\n|-boost|p1a: Iron Boulder|atk|2\n|move|p2a: Ursaluna|Blood Moon|p1a: Iron Boulder\n|-resisted|p1a: Iron Boulder\n|-damage|p1a: Iron Boulder|188/265\n|\n|upkeep\n|turn|2\n|inactive|Time left: 300 sec this turn | 300 sec total\n|\n|t:|1783539728\n|switch|p2a: Mew|Mew, L82|100/100\n|move|p1a: Iron Boulder|Close Combat|p2a: Mew\n|-resisted|p2a: Mew\n|-damage|p2a: Mew|66/100\n|-unboost|p1a: Iron Boulder|def|1\n|-unboost|p1a: Iron Boulder|spd|1\n|-damage|p1a: Iron Boulder|162/265|[from] item: Life Orb\n|\n|upkeep\n|turn|3\n|inactive|Time left: 300 sec this turn | 300 sec total\n|\n|t:|1783539730\n|move|p1a: Iron Boulder|Mighty Cleave|p2a: Mew\n|-damage|p2a: Mew|0 fnt\n|faint|p2a: Mew\n|-damage|p1a: Iron Boulder|136/265|[from] item: Life Orb\n|\n|upkeep\n|\n|t:|1783539731\n|switch|p2a: Breloom|Breloom, L83, F|100/100\n|turn|4\n|inactive|Time left: 300 sec this turn | 300 sec total\n|\n|t:|1783539732\n|move|p2a: Breloom|Mach Punch|p1a: Iron Boulder\n|-damage|p1a: Iron Boulder|0 fnt\n|faint|p1a: Iron Boulder\n|-end|p1a: Iron Boulder|Quark Drive|[silent]\n|-damage|p2a: Breloom|91/100|[from] item: Life Orb\n|\n|upkeep\n|inactive|Time left: 300 sec this turn | 300 sec total | 5 sec grace\n|\n|t:|1783539733\n|switch|p1a: Toxtricity|Toxtricity, L82, F|257/257\n|turn|5\n|inactive|Time left: 300 sec this turn | 300 sec total\n|\n|t:|1783539734\n|switch|p2a: Clodsire|Clodsire, L81, F|100/100\n|move|p1a: Toxtricity|Boomburst|p2a: Clodsire\n|-damage|p2a: Clodsire|46/100\n|\n|-heal|p2a: Clodsire|52/100|[from] item: Leftovers\n|upkeep\n|turn|6\n|inactive|Time left: 300 sec this turn | 300 sec total\n|\n|t:|1783539735\n|switch|p2a: Basculegion|Basculegion, L80, M|100/100\n|move|p1a: Toxtricity|Boomburst|p2a: Basculegion\n|-immune|p2a: Basculegion\n|\n|upkeep\n|turn|7\n|inactive|Time left: 300 sec this turn | 300 sec total\n|\n|t:|1783539736\n|move|p2a: Basculegion|Wave Crash|p1a: Toxtricity\n|-damage|p1a: Toxtricity|63/257\n|-damage|p2a: Basculegion|81/100|[from] Recoil\n|move|p1a: Toxtricity|Boomburst|p2a: Basculegion\n|-immune|p2a: Basculegion\n|\n|upkeep\n|turn|8\n|inactive|Time left: 300 sec this turn | 300 sec total\n|\n|t:|1783539738\n|switch|p1a: Baxcalibur|Baxcalibur, L75, F|295/295\n|move|p2a: Basculegion|Flip Turn|p1a: Baxcalibur\n|-resisted|p1a: Baxcalibur\n|-damage|p1a: Baxcalibur|243/295\n|\n|t:|1783539739\n|switch|p2a: Ursaluna|Ursaluna-Bloodmoon, L79, M|100/100|[from] Flip Turn\n|\n|upkeep\n|turn|9\n|inactive|Time left: 300 sec this turn | 300 sec total\n|\n|t:|1783539740\n|move|p1a: Baxcalibur|Icicle Spear|p2a: Ursaluna\n|-supereffective|p2a: Ursaluna\n|-damage|p2a: Ursaluna|84/100\n|-supereffective|p2a: Ursaluna\n|-damage|p2a: Ursaluna|67/100\n|-supereffective|p2a: Ursaluna\n|-damage|p2a: Ursaluna|50/100\n|-supereffective|p2a: Ursaluna\n|-damage|p2a: Ursaluna|33/100\n|-supereffective|p2a: Ursaluna\n|-damage|p2a: Ursaluna|15/100\n|-hitcount|p2a: Ursaluna|5\n|move|p2a: Ursaluna|Blood Moon|p1a: Baxcalibur\n|-damage|p1a: Baxcalibur|62/295\n|\n|-heal|p2a: Ursaluna|22/100|[from] item: Leftovers\n|upkeep\n|turn|10\n|inactive|Time left: 300 sec this turn | 300 sec total\n|\n|t:|1783539741\n|move|p2a: Ursaluna|Vacuum Wave|p1a: Baxcalibur\n|-supereffective|p1a: Baxcalibur\n|-damage|p1a: Baxcalibur|0 fnt\n|faint|p1a: Baxcalibur\n|\n|-heal|p2a: Ursaluna|28/100|[from] item: Leftovers\n|upkeep\n|inactive|Time left: 300 sec this turn | 300 sec total | 5 sec grace\n|\n|t:|1783539742\n|switch|p1a: Meloetta|Meloetta, L82|298/298\n|turn|11\n|inactive|Time left: 300 sec this turn | 300 sec total\n|\n|t:|1783539743\n|switch|p2a: Skarmory|Skarmory, L80, M|100/100\n|move|p1a: Meloetta|Psyshock|p2a: Skarmory\n|-resisted|p2a: Skarmory\n|-damage|p2a: Skarmory|79/100\n|\n|-heal|p2a: Skarmory|85/100|[from] item: Leftovers\n|upkeep\n|turn|12\n|inactive|Time left: 300 sec this turn | 300 sec total\n|\n|t:|1783539744\n|move|p1a: Meloetta|Psyshock|p2a: Skarmory\n|-resisted|p2a: Skarmory\n|-damage|p2a: Skarmory|63/100\n|move|p2a: Skarmory|Brave Bird|p1a: Meloetta\n|-damage|p1a: Meloetta|190/298\n|-damage|p2a: Skarmory|48/100|[from] Recoil\n|\n|-heal|p2a: Skarmory|54/100|[from] item: Leftovers\n|upkeep\n|turn|13\n|inactive|Time left: 300 sec this turn | 300 sec total\n|\n|t:|1783539745\n|move|p1a: Meloetta|Psyshock|p2a: Skarmory\n|-resisted|p2a: Skarmory\n|-damage|p2a: Skarmory|30/100\n|move|p2a: Skarmory|Roost|p2a: Skarmory\n|-heal|p2a: Skarmory|80/100\n|-singleturn|p2a: Skarmory|move: Roost\n|\n|-heal|p2a: Skarmory|86/100|[from] item: Leftovers\n|upkeep\n|turn|14\n|inactive|Time left: 300 sec this turn | 300 sec total\n|\n|t:|1783539746\n|move|p1a: Meloetta|Psyshock|p2a: Skarmory\n|-resisted|p2a: Skarmory\n|-damage|p2a: Skarmory|63/100\n|move|p2a: Skarmory|Body Press|p1a: Meloetta\n|-damage|p1a: Meloetta|109/298\n|\n|-heal|p2a: Skarmory|69/100|[from] item: Leftovers\n|upkeep\n|turn|15\n|inactive|Time left: 300 sec this turn | 300 sec total\n|\n|t:|1783539747\n|move|p1a: Meloetta|Psyshock|p2a: Skarmory\n|-resisted|p2a: Skarmory\n|-damage|p2a: Skarmory|46/100\n|move|p2a: Skarmory|Brave Bird|p1a: Meloetta\n|-damage|p1a: Meloetta|0 fnt\n|faint|p1a: Meloetta\n|-damage|p2a: Skarmory|30/100|[from] Recoil\n|\n|-heal|p2a: Skarmory|36/100|[from] item: Leftovers\n|upkeep\n|inactive|Time left: 300 sec this turn | 300 sec total | 5 sec grace\n|\n|t:|1783539748\n|switch|p1a: Toxtricity|Toxtricity, L82, F|63/257\n|turn|16\n|inactive|Time left: 300 sec this turn | 300 sec total\n|\n|t:|1783539749\n|switch|p2a: Basculegion|Basculegion, L80, M|81/100\n|move|p1a: Toxtricity|Boomburst|p2a: Basculegion\n|-immune|p2a: Basculegion\n|\n|upkeep\n|turn|17\n|inactive|Time left: 300 sec this turn | 300 sec total\n|\n|t:|1783539750\n|switch|p1a: Greedent|Greedent, L86, F|347/347\n|move|p2a: Basculegion|Flip Turn|p1a: Greedent\n|-damage|p1a: Greedent|261/347\n|\n|t:|1783539751\n|switch|p2a: Breloom|Breloom, L83, F|91/100|[from] Flip Turn\n|\n|upkeep\n|turn|18\n|inactive|Time left: 300 sec this turn | 300 sec total\n|\n|t:|1783539752\n|move|p2a: Breloom|Swords Dance|p2a: Breloom\n|-boost|p2a: Breloom|atk|2\n|move|p1a: Greedent|Double-Edge|p2a: Breloom\n|-damage|p2a: Breloom|32/100\n|-damage|p1a: Greedent|215/347|[from] Recoil\n|\n|upkeep\n|turn|19\n|inactive|Time left: 300 sec this turn | 300 sec total\n|\n|t:|1783539753\n|move|p2a: Breloom|Bullet Seed|p1a: Greedent\n|-damage|p1a: Greedent|106/347\n|-enditem|p1a: Greedent|Sitrus Berry|[eat]\n|-heal|p1a: Greedent|192/347|[from] item: Sitrus Berry\n|-heal|p1a: Greedent|307/347|[from] ability: Cheek Pouch\n|-damage|p1a: Greedent|185/347\n|-damage|p1a: Greedent|63/347\n|-damage|p1a: Greedent|0 fnt\n|faint|p1a: Greedent\n|-hitcount|p1: Greedent|4\n|-damage|p2a: Breloom|22/100|[from] item: Life Orb\n|\n|upkeep\n|inactive|Time left: 300 sec this turn | 300 sec total | 5 sec grace\n|\n|t:|1783539754\n|switch|p1a: Pachirisu|Pachirisu, L96, F|271/271\n|turn|20\n|inactive|Time left: 300 sec this turn | 300 sec total\n|\n|t:|1783539755\n|move|p1a: Pachirisu|U-turn|p2a: Breloom\n|-damage|p2a: Breloom|5/100\n|inactive|Time left: 300 sec this turn | 300 sec total | 5 sec grace\n|\n|t:|1783539756\n|switch|p1a: Toxtricity|Toxtricity, L82, F|63/257|[from] U-turn\n|move|p2a: Breloom|Bullet Seed|p1a: Toxtricity\n|-resisted|p1a: Toxtricity\n|-damage|p1a: Toxtricity|0 fnt\n|faint|p1a: Toxtricity\n|-hitcount|p1: Toxtricity|1\n|-damage|p2a: Breloom|0 fnt|[from] item: Life Orb\n|faint|p2a: Breloom\n|\n|upkeep\n|inactive|Time left: 300 sec this turn | 300 sec total | 10 sec grace\n|\n|t:|1783539757\n|switch|p1a: Pachirisu|Pachirisu, L96, F|271/271\n|switch|p2a: Ursaluna|Ursaluna-Bloodmoon, L79, M|28/100\n|turn|21\n|inactive|Time left: 300 sec this turn | 300 sec total\n|\n|t:|1783539758\n|move|p1a: Pachirisu|Super Fang|p2a: Ursaluna\n|-damage|p2a: Ursaluna|14/100\n|move|p2a: Ursaluna|Blood Moon|p1a: Pachirisu\n|-damage|p1a: Pachirisu|111/271\n|\n|-heal|p2a: Ursaluna|20/100|[from] item: Leftovers\n|upkeep\n|turn|22\n|inactive|Time left: 300 sec this turn | 300 sec total\n|\n|t:|1783539759\n|move|p1a: Pachirisu|Discharge|p2a: Ursaluna\n|-immune|p2a: Ursaluna\n|move|p2a: Ursaluna|Calm Mind|p2a: Ursaluna\n|-boost|p2a: Ursaluna|spa|1\n|-boost|p2a: Ursaluna|spd|1\n|\n|-heal|p2a: Ursaluna|26/100|[from] item: Leftovers\n|upkeep\n|turn|23\n|inactive|Time left: 300 sec this turn | 300 sec total\n|\n|t:|1783539760\n|switch|p2a: Basculegion|Basculegion, L80, M|81/100\n|-terastallize|p1a: Pachirisu|Flying\n|move|p1a: Pachirisu|Encore||[still]\n|-fail|p1a: Pachirisu\n|\n|upkeep\n|turn|24\n|inactive|Time left: 300 sec this turn | 300 sec total\n|\n|t:|1783539760\n|-terastallize|p2a: Basculegion|Water\n|move|p1a: Pachirisu|Discharge|p2a: Basculegion\n|-supereffective|p2a: Basculegion\n|-damage|p2a: Basculegion|47/100\n|-status|p2a: Basculegion|par\n|move|p2a: Basculegion|Wave Crash|p1a: Pachirisu\n|-damage|p1a: Pachirisu|0 fnt\n|faint|p1a: Pachirisu\n|-damage|p2a: Basculegion|36/100 par|[from] Recoil\n|\n|win|p0y026cfaa", "uploadtime": 1783539761, "views": 0, "rating": 0, "private": 0, "password": null, "_winner": "p0y026cfaa", "_our_name": "p0x0266e28"}