{"id": "battle-gen9randombattle-508", "formatid": "gen9randombattle", "format": "[Gen 9] Random Battle", "players": ["p0x508864e", "p0y5089070"], "log": "|init|battle\n|title|p0x508864e vs. p0y5089070\n|j|\u2606p0x508864e\n|j|\u2606p0y5089070\n|t:|1783545657\n|gametype|singles\n|player|p1|p0x508864e|102|\n|player|p2|p0y5089070|101|\n|gen|9\n|tier|[Gen 9] Random Battle\n|rule|Species Clause: Limit one of each Pok\u00e9mon\n|rule|HP Percentage Mod: HP is shown in percentages\n|rule|Sleep Clause Mod: Limit one foe put to sleep\n|rule|Illusion Level Mod: Illusion disguises the Pok\u00e9mon's true level\n|\n|t:|1783545657\n|teamsize|p1|6\n|teamsize|p2|6\n|start\n|switch|p1a: Emboar|Emboar, L84, M|100/100\n|switch|p2a: Gogoat|Gogoat, L88, F|360/360\n|turn|1\n|inactive|Battle timer is ON: inactive players will automatically lose when time's up. (requested by p0y5089070)\n|inactive|p0x508864e also wants the timer to be on.\n|\n|t:|1783545658\n|move|p1a: Emboar|Flare Blitz|p2a: Gogoat\n|-supereffective|p2a: Gogoat\n|-damage|p2a: Gogoat|0 fnt\n|faint|p2a: Gogoat\n|-damage|p1a: Emboar|64/100|[from] Recoil\n|\n|upkeep\n|inactive|Time left: 300 sec this turn | 300 sec total | 65 sec grace\n|\n|t:|1783545659\n|switch|p2a: Quagsire|Quagsire, L84, F|297/297\n|turn|2\n|inactive|Time left: 300 sec this turn | 300 sec total\n|\n|t:|1783545660\n|switch|p1a: Iron Leaves|Iron Leaves, L80|100/100\n|move|p2a: Quagsire|Earthquake|p1a: Iron Leaves\n|-resisted|p1a: Iron Leaves\n|-damage|p1a: Iron Leaves|82/100\n|\n|upkeep\n|turn|3\n|inactive|Time left: 300 sec this turn | 300 sec total\n|\n|t:|1783545661\n|switch|p2a: Zacian|Zacian, L69|241/241\n|-ability|p2a: Zacian|Intrepid Sword|boost\n|-boost|p2a: Zacian|atk|1\n|move|p1a: Iron Leaves|Leaf Blade|p2a: Zacian\n|-damage|p2a: Zacian|85/241\n|-damage|p1a: Iron Leaves|72/100|[from] item: Life Orb\n|\n|upkeep\n|turn|4\n|inactive|Time left: 300 sec this turn | 300 sec total\n|\n|t:|1783545662\n|move|p2a: Zacian|Play Rough|p1a: Iron Leaves\n|-damage|p1a: Iron Leaves|19/100\n|-damage|p2a: Zacian|61/241|[from] item: Life Orb\n|move|p1a: Iron Leaves|Psyblade|p2a: Zacian\n|-damage|p2a: Zacian|0 fnt\n|faint|p2a: Zacian\n|-damage|p1a: Iron Leaves|9/100|[from] item: Life Orb\n|\n|upkeep\n|inactive|Time left: 300 sec this turn | 300 sec total | 5 sec grace\n|\n|t:|1783545663\n|switch|p2a: Hawlucha|Hawlucha, L80, F|256/256\n|turn|5\n|inactive|Time left: 300 sec this turn | 300 sec total\n|\n|t:|1783545664\n|-end|p1a: Iron Leaves|Quark Drive|[silent]\n|switch|p1a: Vespiquen|Vespiquen, L99, F|100/100\n|-ability|p1a: Vespiquen|Pressure\n|move|p2a: Hawlucha|Brave Bird|p1a: Vespiquen\n|-supereffective|p1a: Vespiquen\n|-damage|p1a: Vespiquen|46/100\n|-damage|p2a: Hawlucha|203/256|[from] Recoil\n|\n|upkeep\n|turn|6\n|inactive|Time left: 300 sec this turn | 300 sec total\n|\n|t:|1783545665\n|-terastallize|p1a: Vespiquen|Steel\n|move|p2a: Hawlucha|Brave Bird|p1a: Vespiquen\n|-resisted|p1a: Vespiquen\n|-damage|p1a: Vespiquen|33/100\n|-damage|p2a: Hawlucha|189/256|[from] Recoil\n|move|p1a: Vespiquen|Air Slash|p2a: Hawlucha\n|-supereffective|p2a: Hawlucha\n|-damage|p2a: Hawlucha|0 fnt\n|faint|p2a: Hawlucha\n|\n|upkeep\n|inactive|Time left: 300 sec this turn | 300 sec total | 5 sec grace\n|\n|t:|1783545665\n|switch|p2a: Hitmonchan|Hitmonchan, L87, M|229/229\n|turn|7\n|inactive|Time left: 300 sec this turn | 300 sec total\n|\n|t:|1783545666\n|move|p2a: Hitmonchan|Drain Punch|p1a: Vespiquen\n|-supereffective|p1a: Vespiquen\n|-damage|p1a: Vespiquen|0 fnt\n|faint|p1a: Vespiquen\n|\n|upkeep\n|\n|t:|1783545667\n|switch|p1a: Iron Leaves|Iron Leaves, L80|9/100\n|turn|8\n|inactive|Time left: 300 sec this turn | 300 sec total\n|\n|t:|1783545668\n|move|p1a: Iron Leaves|Psyblade|p2a: Hitmonchan\n|-supereffective|p2a: Hitmonchan\n|-damage|p2a: Hitmonchan|0 fnt\n|faint|p2a: Hitmonchan\n|-damage|p1a: Iron Leaves|0 fnt|[from] item: Life Orb\n|faint|p1a: Iron Leaves\n|-end|p1a: Iron Leaves|Quark Drive|[silent]\n|\n|upkeep\n|inactive|Time left: 300 sec this turn | 300 sec total | 5 sec grace\n|\n|t:|1783545669\n|switch|p1a: Tatsugiri|Tatsugiri, L87, F|100/100\n|switch|p2a: Quagsire|Quagsire, L84, F|297/297\n|turn|9\n|inactive|Time left: 300 sec this turn | 300 sec total\n|\n|t:|1783545670\n|move|p1a: Tatsugiri|Surf|p2a: Quagsire\n|-damage|p2a: Quagsire|149/297\n|move|p2a: Quagsire|Earthquake|p1a: Tatsugiri\n|-damage|p1a: Tatsugiri|58/100\n|\n|-heal|p2a: Quagsire|167/297|[from] item: Leftovers\n|upkeep\n|turn|10\n|inactive|Time left: 300 sec this turn | 300 sec total\n|\n|t:|1783545671\n|switch|p2a: Snorlax|Snorlax, L82, M|397/397\n|move|p1a: Tatsugiri|Draco Meteor|p2a: Snorlax\n|-damage|p2a: Snorlax|241/397\n|-unboost|p1a: Tatsugiri|spa|2\n|\n|-heal|p2a: Snorlax|265/397|[from] item: Leftovers\n|upkeep\n|turn|11\n|inactive|Time left: 300 sec this turn | 300 sec total\n|\n|t:|1783545672\n|switch|p1a: Copperajah|Copperajah, L86, M|100/100\n|move|p2a: Snorlax|Body Slam|p1a: Copperajah\n|-resisted|p1a: Copperajah\n|-damage|p1a: Copperajah|83/100\n|\n|-heal|p2a: Snorlax|289/397|[from] item: Leftovers\n|upkeep\n|turn|12\n|inactive|Time left: 300 sec this turn | 300 sec total\n|\n|t:|1783545673\n|switch|p2a: Quagsire|Quagsire, L84, F|167/297\n|move|p1a: Copperajah|Iron Head|p2a: Quagsire\n|-resisted|p2a: Quagsire\n|-damage|p2a: Quagsire|66/297\n|\n|-heal|p2a: Quagsire|84/297|[from] item: Leftovers\n|upkeep\n|turn|13\n|inactive|Time left: 300 sec this turn | 300 sec total\n|\n|t:|1783545674\n|move|p2a: Quagsire|Recover|p2a: Quagsire\n|-heal|p2a: Quagsire|233/297\n|move|p1a: Copperajah|Play Rough|p2a: Quagsire\n|-damage|p2a: Quagsire|91/297\n|\n|-heal|p2a: Quagsire|109/297|[from] item: Leftovers\n|upkeep\n|turn|14\n|inactive|Time left: 300 sec this turn | 300 sec total\n|\n|t:|1783545675\n|move|p2a: Quagsire|Recover|p2a: Quagsire\n|-heal|p2a: Quagsire|258/297\n|move|p1a: Copperajah|Play Rough|p2a: Quagsire\n|-crit|p2a: Quagsire\n|-damage|p2a: Quagsire|23/297\n|\n|-heal|p2a: Quagsire|41/297|[from] item: Leftovers\n|upkeep\n|turn|15\n|inactive|Time left: 300 sec this turn | 300 sec total\n|\n|t:|1783545676\n|move|p2a: Quagsire|Recover|p2a: Quagsire\n|-heal|p2a: Quagsire|190/297\n|move|p1a: Copperajah|Play Rough|p2a: Quagsire\n|-damage|p2a: Quagsire|51/297\n|\n|-heal|p2a: Quagsire|69/297|[from] item: Leftovers\n|upkeep\n|turn|16\n|inactive|Time left: 300 sec this turn | 300 sec total\n|\n|t:|1783545677\n|move|p2a: Quagsire|Recover|p2a: Quagsire\n|-heal|p2a: Quagsire|218/297\n|move|p1a: Copperajah|Iron Head|p2a: Quagsire\n|-resisted|p2a: Quagsire\n|-damage|p2a: Quagsire|124/297\n|\n|-heal|p2a: Quagsire|142/297|[from] item: Leftovers\n|upkeep\n|turn|17\n|inactive|Time left: 300 sec this turn | 300 sec total\n|\n|t:|1783545678\n|move|p2a: Quagsire|Recover|p2a: Quagsire\n|-heal|p2a: Quagsire|291/297\n|move|p1a: Copperajah|Play Rough|p2a: Quagsire\n|-damage|p2a: Quagsire|135/297\n|\n|-heal|p2a: Quagsire|153/297|[from] item: Leftovers\n|upkeep\n|turn|18\n|inactive|Time left: 300 sec this turn | 300 sec total\n|\n|t:|1783545680\n|move|p2a: Quagsire|Earthquake|p1a: Copperajah\n|-supereffective|p1a: Copperajah\n|-crit|p1a: Copperajah\n|-damage|p1a: Copperajah|0 fnt\n|faint|p1a: Copperajah\n|\n|-heal|p2a: Quagsire|171/297|[from] item: Leftovers\n|upkeep\n|\n|t:|1783545680\n|switch|p1a: Tatsugiri|Tatsugiri, L87, F|58/100\n|turn|19\n|inactive|Time left: 300 sec this turn | 300 sec total\n|\n|t:|1783545682\n|switch|p2a: Snorlax|Snorlax, L82, M|289/397\n|move|p1a: Tatsugiri|Draco Meteor|p2a: Snorlax\n|-damage|p2a: Snorlax|127/397\n|-unboost|p1a: Tatsugiri|spa|2\n|\n|-heal|p2a: Snorlax|151/397|[from] item: Leftovers\n|upkeep\n|turn|20\n|inactive|Time left: 300 sec this turn | 300 sec total\n|\n|t:|1783545683\n|switch|p1a: Emboar|Emboar, L84, M|64/100\n|move|p2a: Snorlax|Body Slam|p1a: Emboar\n|-damage|p1a: Emboar|27/100\n|\n|-heal|p2a: Snorlax|175/397|[from] item: Leftovers\n|upkeep\n|turn|21\n|inactive|Time left: 300 sec this turn | 300 sec total\n|\n|t:|1783545684\n|-terastallize|p2a: Snorlax|Fairy\n|move|p1a: Emboar|Close Combat|p2a: Snorlax\n|-resisted|p2a: Snorlax\n|-damage|p2a: Snorlax|85/397\n|-unboost|p1a: Emboar|def|1\n|-unboost|p1a: Emboar|spd|1\n|move|p2a: Snorlax|Rest|p2a: Snorlax\n|-status|p2a: Snorlax|slp|[from] move: Rest\n|-heal|p2a: Snorlax|397/397 slp|[silent]\n|\n|upkeep\n|turn|22\n|inactive|Time left: 300 sec this turn | 300 sec total\n|\n|t:|1783545685\n|switch|p1a: Tatsugiri|Tatsugiri, L87, F|58/100\n|cant|p2a: Snorlax|slp\n|move|p2a: Snorlax|Sleep Talk|p2a: Snorlax\n|move|p2a: Snorlax|Body Slam|p1a: Tatsugiri|[from] move: Sleep Talk\n|-damage|p1a: Tatsugiri|8/100\n|-status|p1a: Tatsugiri|par\n|\n|upkeep\n|turn|23\n|inactive|Time left: 300 sec this turn | 300 sec total\n|\n|t:|1783545686\n|move|p1a: Tatsugiri|Surf|p2a: Snorlax\n|-crit|p2a: Snorlax\n|-damage|p2a: Snorlax|253/397 slp\n|cant|p2a: Snorlax|slp\n|move|p2a: Snorlax|Sleep Talk|p2a: Snorlax\n|move|p2a: Snorlax|Body Slam|p1a: Tatsugiri|[from] move: Sleep Talk\n|-crit|p1a: Tatsugiri\n|-damage|p1a: Tatsugiri|0 fnt\n|faint|p1a: Tatsugiri\n|\n|-heal|p2a: Snorlax|277/397 slp|[from] item: Leftovers\n|upkeep\n|\n|t:|1783545687\n|switch|p1a: Emboar|Emboar, L84, M|27/100\n|turn|24\n|inactive|Time left: 300 sec this turn | 300 sec total\n|\n|t:|1783545688\n|move|p1a: Emboar|Close Combat|p2a: Snorlax\n|-resisted|p2a: Snorlax\n|-damage|p2a: Snorlax|172/397 slp\n|-unboost|p1a: Emboar|def|1\n|-unboost|p1a: Emboar|spd|1\n|-curestatus|p2a: Snorlax|slp|[msg]\n|move|p2a: Snorlax|Curse|p2a: Snorlax\n|-unboost|p2a: Snorlax|spe|1\n|-boost|p2a: Snorlax|atk|1\n|-boost|p2a: Snorlax|def|1\n|\n|-heal|p2a: Snorlax|196/397|[from] item: Leftovers\n|upkeep\n|turn|25\n|inactive|Time left: 300 sec this turn | 300 sec total\n|\n|t:|1783545689\n|move|p1a: Emboar|Close Combat|p2a: Snorlax\n|-resisted|p2a: Snorlax\n|-damage|p2a: Snorlax|129/397\n|-unboost|p1a: Emboar|def|1\n|-unboost|p1a: Emboar|spd|1\n|move|p2a: Snorlax|Body Slam|p1a: Emboar\n|-damage|p1a: Emboar|0 fnt\n|faint|p1a: Emboar\n|\n|-heal|p2a: Snorlax|153/397|[from] item: Leftovers\n|upkeep\n|\n|t:|1783545690\n|switch|p1a: Smeargle|Smeargle, L95, M|100/100\n|turn|26\n|inactive|Time left: 300 sec this turn | 300 sec total\n|\n|t:|1783545691\n|move|p1a: Smeargle|Spore|p2a: Snorlax\n|-status|p2a: Snorlax|slp|[from] move: Spore\n|cant|p2a: Snorlax|slp\n|\n|-heal|p2a: Snorlax|177/397 slp|[from] item: Leftovers\n|upkeep\n|turn|27\n|inactive|Time left: 300 sec this turn | 300 sec total\n|\n|t:|1783545692\n|move|p1a: Smeargle|Sticky Web|p2a: Snorlax\n|-sidestart|p2: p0y5089070|move: Sticky Web\n|cant|p2a: Snorlax|slp\n|\n|-heal|p2a: Snorlax|201/397 slp|[from] item: Leftovers\n|upkeep\n|turn|28\n|inactive|Time left: 300 sec this turn | 300 sec total\n|\n|t:|1783545692\n|move|p1a: Smeargle|Ceaseless Edge|p2a: Snorlax\n|-resisted|p2a: Snorlax\n|-damage|p2a: Snorlax|191/397 slp\n|-sidestart|p2: p0y5089070|Spikes\n|-curestatus|p2a: Snorlax|slp|[msg]\n|move|p2a: Snorlax|Body Slam|p1a: Smeargle\n|-damage|p1a: Smeargle|10/100\n|-status|p1a: Smeargle|par\n|\n|-heal|p2a: Snorlax|215/397|[from] item: Leftovers\n|upkeep\n|turn|29\n|inactive|Time left: 300 sec this turn | 300 sec total\n|\n|t:|1783545693\n|move|p1a: Smeargle|Spore|p2a: Snorlax\n|-status|p2a: Snorlax|slp|[from] move: Spore\n|cant|p2a: Snorlax|slp\n|\n|-heal|p2a: Snorlax|239/397 slp|[from] item: Leftovers\n|upkeep\n|turn|30\n|inactive|Time left: 300 sec this turn | 300 sec total\n|\n|t:|1783545694\n|move|p1a: Smeargle|Ceaseless Edge|p2a: Snorlax\n|-resisted|p2a: Snorlax\n|-damage|p2a: Snorlax|229/397 slp\n|-sidestart|p2: p0y5089070|Spikes\n|cant|p2a: Snorlax|slp\n|\n|-heal|p2a: Snorlax|253/397 slp|[from] item: Leftovers\n|upkeep\n|turn|31\n|inactive|Time left: 300 sec this turn | 300 sec total\n|\n|t:|1783545695\n|-curestatus|p2a: Snorlax|slp|[msg]\n|move|p2a: Snorlax|Body Slam|p1a: Smeargle\n|-damage|p1a: Smeargle|0 fnt\n|faint|p1a: Smeargle\n|\n|win|p0y5089070", "uploadtime": 1783545695, "views": 0, "rating": 0, "private": 0, "password": null, "_winner": "p0y5089070", "_our_name": "p0y5089070"}