{"id": "battle-gen9randombattle-374", "formatid": "gen9randombattle", "format": "[Gen 9] Random Battle", "players": ["p0x374b740", "p0y3747a30"], "log": "|init|battle\n|title|p0x374b740 vs. p0y3747a30\n|j|\u2606p0x374b740\n|j|\u2606p0y3747a30\n|t:|1783543455\n|gametype|singles\n|player|p1|p0x374b740|101|\n|player|p2|p0y3747a30|102|\n|gen|9\n|tier|[Gen 9] Random Battle\n|rule|Species Clause: Limit one of each Pok\u00e9mon\n|rule|HP Percentage Mod: HP is shown in percentages\n|rule|Sleep Clause Mod: Limit one foe put to sleep\n|rule|Illusion Level Mod: Illusion disguises the Pok\u00e9mon's true level\n|\n|t:|1783543455\n|teamsize|p1|6\n|teamsize|p2|6\n|start\n|switch|p1a: Conkeldurr|Conkeldurr, L80, M|100/100\n|switch|p2a: Weezing|Weezing, L88, M|258/258\n|turn|1\n|inactive|Battle timer is ON: inactive players will automatically lose when time's up. (requested by p0x374b740)\n|inactive|Time left: 300 sec this turn | 300 sec total | 60 sec grace\n|\n|t:|1783543456\n|move|p2a: Weezing|Sludge Bomb|p1a: Conkeldurr\n|-damage|p1a: Conkeldurr|57/100\n|move|p1a: Conkeldurr|Knock Off|p2a: Weezing\n|-damage|p2a: Weezing|188/258\n|-enditem|p2a: Weezing|Leftovers|[from] move: Knock Off|[of] p1a: Conkeldurr\n|\n|-status|p1a: Conkeldurr|brn|[from] item: Flame Orb\n|upkeep\n|turn|2\n|inactive|Time left: 300 sec this turn | 300 sec total\n|inactive|p0y3747a30 also wants the timer to be on.\n|\n|t:|1783543457\n|move|p2a: Weezing|Sludge Bomb|p1a: Conkeldurr\n|-damage|p1a: Conkeldurr|13/100 brn\n|move|p1a: Conkeldurr|Facade|p2a: Weezing\n|-damage|p2a: Weezing|42/258\n|\n|-damage|p1a: Conkeldurr|7/100 brn|[from] brn\n|upkeep\n|turn|3\n|inactive|Time left: 300 sec this turn | 300 sec total\n|\n|t:|1783543458\n|switch|p1a: Cresselia|Cresselia, L80, F|100/100\n|move|p2a: Weezing|Pain Split|p1a: Cresselia\n|-sethp|p1a: Cresselia|57/100|[from] move: Pain Split|[silent]\n|-sethp|p2a: Weezing|182/258|[from] move: Pain Split\n|\n|-heal|p1a: Cresselia|63/100|[from] item: Leftovers\n|upkeep\n|turn|4\n|inactive|Time left: 300 sec this turn | 300 sec total\n|\n|t:|1783543458\n|switch|p2a: Hariyama|Hariyama, L87, M|392/392\n|move|p1a: Cresselia|Calm Mind|p1a: Cresselia\n|-boost|p1a: Cresselia|spa|1\n|-boost|p1a: Cresselia|spd|1\n|\n|-heal|p1a: Cresselia|69/100|[from] item: Leftovers\n|-status|p2a: Hariyama|brn|[from] item: Flame Orb\n|upkeep\n|turn|5\n|inactive|Time left: 300 sec this turn | 300 sec total\n|\n|t:|1783543459\n|-terastallize|p2a: Hariyama|Normal\n|move|p1a: Cresselia|Moonlight|p1a: Cresselia\n|-heal|p1a: Cresselia|100/100\n|move|p2a: Hariyama|Facade|p1a: Cresselia\n|-damage|p1a: Cresselia|26/100\n|\n|-heal|p1a: Cresselia|32/100|[from] item: Leftovers\n|-damage|p2a: Hariyama|368/392 brn|[from] brn\n|upkeep\n|turn|6\n|inactive|Time left: 300 sec this turn | 300 sec total\n|\n|t:|1783543460\n|move|p1a: Cresselia|Moonlight|p1a: Cresselia\n|-heal|p1a: Cresselia|82/100\n|move|p2a: Hariyama|Facade|p1a: Cresselia\n|-damage|p1a: Cresselia|1/100\n|\n|-heal|p1a: Cresselia|7/100|[from] item: Leftovers\n|-damage|p2a: Hariyama|344/392 brn|[from] brn\n|upkeep\n|turn|7\n|inactive|Time left: 300 sec this turn | 300 sec total\n|\n|t:|1783543461\n|move|p1a: Cresselia|Psyshock|p2a: Hariyama\n|-damage|p2a: Hariyama|215/392 brn\n|move|p2a: Hariyama|Facade|p1a: Cresselia\n|-damage|p1a: Cresselia|0 fnt\n|faint|p1a: Cresselia\n|\n|-damage|p2a: Hariyama|191/392 brn|[from] brn\n|upkeep\n|\n|t:|1783543462\n|switch|p1a: Shiftry|Shiftry, L89, F|100/100\n|turn|8\n|inactive|Time left: 300 sec this turn | 300 sec total\n|\n|t:|1783543463\n|switch|p2a: Weezing|Weezing, L88, M|182/258\n|move|p1a: Shiftry|Knock Off|p2a: Weezing\n|-damage|p2a: Weezing|104/258\n|-damage|p1a: Shiftry|91/100|[from] item: Life Orb\n|\n|upkeep\n|turn|9\n|inactive|Time left: 300 sec this turn | 300 sec total\n|\n|t:|1783543464\n|switch|p1a: Azelf|Azelf, L82|100/100\n|move|p2a: Weezing|Pain Split|p1a: Azelf\n|-sethp|p1a: Azelf|71/100|[from] move: Pain Split|[silent]\n|-sethp|p2a: Weezing|180/258|[from] move: Pain Split\n|\n|upkeep\n|turn|10\n|inactive|Time left: 300 sec this turn | 300 sec total\n|\n|t:|1783543465\n|switch|p2a: Armarouge|Armarouge, L80, F|267/267\n|move|p1a: Azelf|Psyshock|p2a: Armarouge\n|-resisted|p2a: Armarouge\n|-damage|p2a: Armarouge|198/267\n|\n|upkeep\n|turn|11\n|inactive|Time left: 300 sec this turn | 300 sec total\n|\n|t:|1783543466\n|move|p1a: Azelf|Psyshock|p2a: Armarouge\n|-resisted|p2a: Armarouge\n|-damage|p2a: Armarouge|134/267\n|move|p2a: Armarouge|Armor Cannon|p1a: Azelf\n|-damage|p1a: Azelf|0 fnt\n|-unboost|p2a: Armarouge|def|1\n|-unboost|p2a: Armarouge|spd|1\n|faint|p1a: Azelf\n|\n|upkeep\n|\n|t:|1783543467\n|switch|p1a: Maushold|Maushold, L76|100/100\n|turn|12\n|inactive|Time left: 300 sec this turn | 300 sec total\n|\n|t:|1783543468\n|switch|p2a: Drednaw|Drednaw, L81, F|278/278\n|move|p1a: Maushold|Population Bomb|p2a: Drednaw\n|-resisted|p2a: Drednaw\n|-damage|p2a: Drednaw|267/278\n|-resisted|p2a: Drednaw\n|-damage|p2a: Drednaw|255/278\n|-resisted|p2a: Drednaw\n|-damage|p2a: Drednaw|245/278\n|-resisted|p2a: Drednaw\n|-damage|p2a: Drednaw|233/278\n|-resisted|p2a: Drednaw\n|-damage|p2a: Drednaw|221/278\n|-resisted|p2a: Drednaw\n|-damage|p2a: Drednaw|209/278\n|-resisted|p2a: Drednaw\n|-damage|p2a: Drednaw|198/278\n|-resisted|p2a: Drednaw\n|-damage|p2a: Drednaw|186/278\n|-resisted|p2a: Drednaw\n|-damage|p2a: Drednaw|176/278\n|-resisted|p2a: Drednaw\n|-damage|p2a: Drednaw|166/278\n|-hitcount|p2a: Drednaw|10\n|\n|upkeep\n|turn|13\n|inactive|Time left: 300 sec this turn | 300 sec total\n|\n|t:|1783543469\n|switch|p1a: Shiftry|Shiftry, L89, F|91/100\n|move|p2a: Drednaw|Shell Smash|p2a: Drednaw\n|-unboost|p2a: Drednaw|def|1\n|-unboost|p2a: Drednaw|spd|1\n|-boost|p2a: Drednaw|atk|2\n|-boost|p2a: Drednaw|spa|2\n|-boost|p2a: Drednaw|spe|2\n|-enditem|p2a: Drednaw|White Herb\n|-clearnegativeboost|p2a: Drednaw|[silent]\n|\n|upkeep\n|turn|14\n|inactive|Time left: 300 sec this turn | 300 sec total\n|\n|t:|1783543470\n|-terastallize|p1a: Shiftry|Fighting\n|move|p2a: Drednaw|Stone Edge|p1a: Shiftry\n|-resisted|p1a: Shiftry\n|-damage|p1a: Shiftry|42/100\n|move|p1a: Shiftry|Leaf Blade|p2a: Drednaw\n|-supereffective|p2a: Drednaw\n|-damage|p2a: Drednaw|0 fnt\n|faint|p2a: Drednaw\n|-damage|p1a: Shiftry|33/100|[from] item: Life Orb\n|\n|upkeep\n|inactive|Time left: 300 sec this turn | 300 sec total | 5 sec grace\n|\n|t:|1783543471\n|switch|p2a: Weezing|Weezing, L88, M|180/258\n|turn|15\n|inactive|Time left: 300 sec this turn | 300 sec total\n|\n|t:|1783543472\n|move|p1a: Shiftry|Knock Off|p2a: Weezing\n|-damage|p2a: Weezing|105/258\n|-damage|p1a: Shiftry|23/100|[from] item: Life Orb\n|move|p2a: Weezing|Sludge Bomb|p1a: Shiftry\n|-damage|p1a: Shiftry|0 fnt\n|faint|p1a: Shiftry\n|\n|upkeep\n|\n|t:|1783543473\n|switch|p1a: Maushold|Maushold, L76|100/100\n|turn|16\n|inactive|Time left: 300 sec this turn | 300 sec total\n|\n|t:|1783543474\n|move|p1a: Maushold|Population Bomb|p2a: Weezing\n|-damage|p2a: Weezing|87/258\n|-damage|p2a: Weezing|69/258\n|-damage|p2a: Weezing|51/258\n|-damage|p2a: Weezing|33/258\n|-damage|p2a: Weezing|15/258\n|-crit|p2a: Weezing\n|-damage|p2a: Weezing|0 fnt\n|faint|p2a: Weezing\n|-hitcount|p2: Weezing|6\n|\n|upkeep\n|inactive|Time left: 300 sec this turn | 300 sec total | 5 sec grace\n|\n|t:|1783543475\n|switch|p2a: Samurott|Samurott, L88, M|310/310\n|turn|17\n|inactive|Time left: 300 sec this turn | 300 sec total\n|\n|t:|1783543476\n|move|p1a: Maushold|Population Bomb|p2a: Samurott\n|-damage|p2a: Samurott|289/310\n|-damage|p2a: Samurott|267/310\n|-damage|p2a: Samurott|246/310\n|-damage|p2a: Samurott|225/310\n|-damage|p2a: Samurott|203/310\n|-damage|p2a: Samurott|181/310\n|-damage|p2a: Samurott|160/310\n|-damage|p2a: Samurott|138/310\n|-damage|p2a: Samurott|116/310\n|-damage|p2a: Samurott|95/310\n|-hitcount|p2a: Samurott|10\n|move|p2a: Samurott|Liquidation|p1a: Maushold\n|-damage|p1a: Maushold|0 fnt\n|faint|p1a: Maushold\n|-damage|p2a: Samurott|64/310|[from] item: Life Orb\n|\n|upkeep\n|\n|t:|1783543477\n|switch|p1a: Hitmonchan|Hitmonchan, L87, M|100/100\n|turn|18\n|inactive|Time left: 300 sec this turn | 300 sec total\n|\n|t:|1783543478\n|move|p2a: Samurott|Aqua Jet|p1a: Hitmonchan\n|-damage|p1a: Hitmonchan|56/100\n|-damage|p2a: Samurott|33/310|[from] item: Life Orb\n|move|p1a: Hitmonchan|Knock Off|p2a: Samurott\n|-damage|p2a: Samurott|0 fnt\n|-enditem|p2a: Samurott|Life Orb|[from] move: Knock Off|[of] p1a: Hitmonchan\n|faint|p2a: Samurott\n|\n|upkeep\n|inactive|Time left: 300 sec this turn | 300 sec total | 5 sec grace\n|\n|t:|1783543478\n|switch|p2a: Weavile|Weavile, L79, M|240/240\n|turn|19\n|inactive|Time left: 300 sec this turn | 300 sec total\n|\n|t:|1783543479\n|switch|p1a: Conkeldurr|Conkeldurr, L80, M|7/100 brn\n|move|p2a: Weavile|Triple Axel|p1a: Conkeldurr\n|-damage|p1a: Conkeldurr|0 fnt\n|faint|p1a: Conkeldurr\n|-hitcount|p1: Conkeldurr|1\n|\n|upkeep\n|\n|t:|1783543480\n|switch|p1a: Hitmonchan|Hitmonchan, L87, M|56/100\n|turn|20\n|inactive|Time left: 300 sec this turn | 300 sec total\n|\n|t:|1783543481\n|move|p2a: Weavile|Triple Axel|p1a: Hitmonchan\n|-damage|p1a: Hitmonchan|45/100\n|-damage|p1a: Hitmonchan|25/100\n|-hitcount|p1a: Hitmonchan|2\n|move|p1a: Hitmonchan|Drain Punch|p2a: Weavile\n|-supereffective|p2a: Weavile\n|-damage|p2a: Weavile|0 fnt\n|-heal|p1a: Hitmonchan|77/100|[from] drain|[of] p2a: Weavile\n|faint|p2a: Weavile\n|\n|upkeep\n|inactive|Time left: 300 sec this turn | 300 sec total | 5 sec grace\n|\n|t:|1783543482\n|switch|p2a: Hariyama|Hariyama, L87, M, tera:Normal|191/392 brn\n|turn|21\n|inactive|Time left: 300 sec this turn | 300 sec total\n|\n|t:|1783543483\n|switch|p2a: Armarouge|Armarouge, L80, F|134/267\n|move|p1a: Hitmonchan|Drain Punch|p2a: Armarouge\n|-resisted|p2a: Armarouge\n|-damage|p2a: Armarouge|84/267\n|-heal|p1a: Hitmonchan|88/100|[from] drain|[of] p2a: Armarouge\n|-ability|p2a: Armarouge|Weak Armor|boost\n|-unboost|p2a: Armarouge|def|1\n|-boost|p2a: Armarouge|spe|2\n|\n|upkeep\n|turn|22\n|inactive|Time left: 300 sec this turn | 300 sec total\n|\n|t:|1783543483\n|move|p2a: Armarouge|Psyshock|p1a: Hitmonchan\n|-supereffective|p1a: Hitmonchan\n|-damage|p1a: Hitmonchan|0 fnt\n|faint|p1a: Hitmonchan\n|\n|win|p0y3747a30", "uploadtime": 1783543483, "views": 0, "rating": 0, "private": 0, "password": null, "_winner": "p0y3747a30", "_our_name": "p0y3747a30"}