{"id": "battle-gen9randombattle-1416", "formatid": "gen9randombattle", "format": "[Gen 9] Random Battle", "players": ["p0x1416d035", "p0y1416f58d"], "log": "|init|battle\n|title|p0x1416d035 vs. p0y1416f58d\n|j|\u2606p0x1416d035\n|j|\u2606p0y1416f58d\n|t:|1783555525\n|gametype|singles\n|player|p1|p0x1416d035|2|\n|player|p2|p0y1416f58d|102|\n|gen|9\n|tier|[Gen 9] Random Battle\n|rule|Species Clause: Limit one of each Pok\u00e9mon\n|rule|HP Percentage Mod: HP is shown in percentages\n|rule|Sleep Clause Mod: Limit one foe put to sleep\n|rule|Illusion Level Mod: Illusion disguises the Pok\u00e9mon's true level\n|\n|t:|1783555525\n|teamsize|p1|6\n|teamsize|p2|6\n|start\n|switch|p1a: Abomasnow|Abomasnow, L84, M|287/287\n|switch|p2a: Urshifu|Urshifu-Rapid-Strike, L75, M|100/100\n|-weather|Snowscape|[from] ability: Snow Warning|[of] p1a: Abomasnow\n|turn|1\n|inactive|Battle timer is ON: inactive players will automatically lose when time's up. (requested by p0y1416f58d)\n|inactive|Time left: 300 sec this turn | 300 sec total | 60 sec grace\n|inactive|p0x1416d035 also wants the timer to be on.\n|\n|t:|1783555526\n|move|p2a: Urshifu|Close Combat|p1a: Abomasnow\n|-supereffective|p1a: Abomasnow\n|-damage|p1a: Abomasnow|19/287\n|-unboost|p2a: Urshifu|def|1\n|-unboost|p2a: Urshifu|spd|1\n|-damage|p2a: Urshifu|91/100|[from] item: Life Orb\n|move|p1a: Abomasnow|Aurora Veil|p1a: Abomasnow\n|-sidestart|p1: p0x1416d035|move: Aurora Veil\n|\n|-weather|Snowscape|[upkeep]\n|upkeep\n|turn|2\n|inactive|Time left: 300 sec this turn | 300 sec total\n|\n|t:|1783555527\n|switch|p2a: Espathra|Espathra, L80, M|100/100\n|switch|p1a: Gastrodon|Gastrodon, L86, F, shiny|331/331\n|\n|-weather|Snowscape|[upkeep]\n|upkeep\n|turn|3\n|inactive|Time left: 300 sec this turn | 300 sec total\n|\n|t:|1783555529\n|move|p2a: Espathra|Calm Mind|p2a: Espathra\n|-boost|p2a: Espathra|spa|1\n|-boost|p2a: Espathra|spd|1\n|move|p1a: Gastrodon|Surf|p2a: Espathra\n|-crit|p2a: Espathra\n|-damage|p2a: Espathra|27/100\n|\n|-weather|Snowscape|[upkeep]\n|-heal|p2a: Espathra|33/100|[from] item: Leftovers\n|-ability|p2a: Espathra|Speed Boost|boost\n|-boost|p2a: Espathra|spe|1\n|upkeep\n|turn|4\n|inactive|Time left: 300 sec this turn | 300 sec total\n|\n|t:|1783555530\n|move|p2a: Espathra|Substitute|p2a: Espathra\n|-start|p2a: Espathra|Substitute\n|-damage|p2a: Espathra|8/100\n|move|p1a: Gastrodon|Earthquake|p2a: Espathra\n|-end|p2a: Espathra|Substitute\n|\n|-weather|Snowscape|[upkeep]\n|-heal|p2a: Espathra|14/100|[from] item: Leftovers\n|-ability|p2a: Espathra|Speed Boost|boost\n|-boost|p2a: Espathra|spe|1\n|upkeep\n|turn|5\n|inactive|Time left: 300 sec this turn | 300 sec total\n|\n|t:|1783555531\n|switch|p2a: Gogoat|Gogoat, L88, M|100/100\n|move|p1a: Gastrodon|Earthquake|p2a: Gogoat\n|-resisted|p2a: Gogoat\n|-crit|p2a: Gogoat\n|-damage|p2a: Gogoat|74/100\n|\n|-weather|none\n|-heal|p2a: Gogoat|80/100|[from] item: Leftovers\n|upkeep\n|turn|6\n|inactive|Time left: 300 sec this turn | 300 sec total\n|\n|t:|1783555532\n|move|p2a: Gogoat|Bulk Up|p2a: Gogoat\n|-boost|p2a: Gogoat|atk|1\n|-boost|p2a: Gogoat|def|1\n|move|p1a: Gastrodon|Sludge Bomb|p2a: Gogoat\n|-supereffective|p2a: Gogoat\n|-damage|p2a: Gogoat|43/100\n|-status|p2a: Gogoat|psn\n|\n|-heal|p2a: Gogoat|49/100 psn|[from] item: Leftovers\n|-damage|p2a: Gogoat|37/100 psn|[from] psn\n|upkeep\n|turn|7\n|inactive|Time left: 300 sec this turn | 300 sec total\n|\n|t:|1783555533\n|-terastallize|p1a: Gastrodon|Poison\n|move|p2a: Gogoat|Milk Drink|p2a: Gogoat\n|-heal|p2a: Gogoat|87/100 psn\n|move|p1a: Gastrodon|Sludge Bomb|p2a: Gogoat\n|-supereffective|p2a: Gogoat\n|-damage|p2a: Gogoat|34/100 psn\n|\n|-heal|p2a: Gogoat|40/100 psn|[from] item: Leftovers\n|-damage|p2a: Gogoat|27/100 psn|[from] psn\n|upkeep\n|turn|8\n|inactive|Time left: 300 sec this turn | 300 sec total\n|\n|t:|1783555534\n|move|p2a: Gogoat|Milk Drink|p2a: Gogoat\n|-heal|p2a: Gogoat|77/100 psn\n|move|p1a: Gastrodon|Sludge Bomb|p2a: Gogoat\n|-supereffective|p2a: Gogoat\n|-damage|p2a: Gogoat|24/100 psn\n|\n|-heal|p2a: Gogoat|30/100 psn|[from] item: Leftovers\n|-damage|p2a: Gogoat|17/100 psn|[from] psn\n|-sideend|p1: p0x1416d035|move: Aurora Veil\n|upkeep\n|turn|9\n|inactive|Time left: 300 sec this turn | 300 sec total\n|\n|t:|1783555535\n|move|p2a: Gogoat|Earthquake|p1a: Gastrodon\n|-supereffective|p1a: Gastrodon\n|-damage|p1a: Gastrodon|33/331\n|move|p1a: Gastrodon|Sludge Bomb|p2a: Gogoat\n|-supereffective|p2a: Gogoat\n|-crit|p2a: Gogoat\n|-damage|p2a: Gogoat|0 fnt\n|faint|p2a: Gogoat\n|\n|-heal|p1a: Gastrodon|53/331|[from] item: Leftovers\n|upkeep\n|\n|t:|1783555535\n|switch|p2a: Blaziken|Blaziken, L76, M|100/100\n|turn|10\n|inactive|Time left: 300 sec this turn | 300 sec total\n|\n|t:|1783555536\n|switch|p1a: Suicune|Suicune, L82|298/298\n|-ability|p1a: Suicune|Pressure\n|move|p2a: Blaziken|Knock Off|p1a: Suicune\n|-damage|p1a: Suicune|224/298\n|-enditem|p1a: Suicune|Leftovers|[from] move: Knock Off|[of] p2a: Blaziken\n|-damage|p2a: Blaziken|91/100|[from] item: Life Orb\n|\n|-ability|p2a: Blaziken|Speed Boost|boost\n|-boost|p2a: Blaziken|spe|1\n|upkeep\n|turn|11\n|inactive|Time left: 300 sec this turn | 300 sec total\n|\n|t:|1783555537\n|-terastallize|p2a: Blaziken|Dark\n|move|p2a: Blaziken|Swords Dance|p2a: Blaziken\n|-boost|p2a: Blaziken|atk|2\n|move|p1a: Suicune|Scald|p2a: Blaziken\n|-damage|p2a: Blaziken|53/100\n|-status|p2a: Blaziken|brn\n|\n|-damage|p2a: Blaziken|47/100 brn|[from] brn\n|-ability|p2a: Blaziken|Speed Boost|boost\n|-boost|p2a: Blaziken|spe|1\n|upkeep\n|turn|12\n|inactive|Time left: 300 sec this turn | 300 sec total\n|\n|t:|1783555538\n|move|p2a: Blaziken|Close Combat|p1a: Suicune\n|-damage|p1a: Suicune|82/298\n|-unboost|p2a: Blaziken|def|1\n|-unboost|p2a: Blaziken|spd|1\n|-damage|p2a: Blaziken|37/100 brn|[from] item: Life Orb\n|move|p1a: Suicune|Scald|p2a: Blaziken\n|-damage|p2a: Blaziken|0 fnt\n|faint|p2a: Blaziken\n|\n|upkeep\n|\n|t:|1783555539\n|switch|p2a: Urshifu|Urshifu-Rapid-Strike, L75, M|91/100\n|turn|13\n|inactive|Time left: 300 sec this turn | 300 sec total\n|\n|t:|1783555540\n|move|p2a: Urshifu|Swords Dance|p2a: Urshifu\n|-boost|p2a: Urshifu|atk|2\n|move|p1a: Suicune|Scald|p2a: Urshifu\n|-resisted|p2a: Urshifu\n|-damage|p2a: Urshifu|71/100\n|\n|upkeep\n|turn|14\n|inactive|Time left: 300 sec this turn | 300 sec total\n|\n|t:|1783555541\n|switch|p1a: Gastrodon|Gastrodon, L86, F, shiny, tera:Poison|53/331\n|move|p2a: Urshifu|Surging Strikes|p1a: Gastrodon\n|-ability|p1a: Gastrodon|Storm Drain|boost\n|-boost|p1a: Gastrodon|spa|1\n|\n|-heal|p1a: Gastrodon|73/331|[from] item: Leftovers\n|upkeep\n|turn|15\n|inactive|Time left: 300 sec this turn | 300 sec total\n|\n|t:|1783555542\n|switch|p1a: Abomasnow|Abomasnow, L84, M|19/287\n|-weather|Snowscape|[from] ability: Snow Warning|[of] p1a: Abomasnow\n|move|p2a: Urshifu|Ice Spinner|p1a: Abomasnow\n|-damage|p1a: Abomasnow|0 fnt\n|faint|p1a: Abomasnow\n|-damage|p2a: Urshifu|61/100|[from] item: Life Orb\n|\n|-weather|Snowscape|[upkeep]\n|upkeep\n|inactive|Time left: 300 sec this turn | 300 sec total | 5 sec grace\n|\n|t:|1783555543\n|switch|p1a: Volbeat|Volbeat, L90, M|263/263\n|turn|16\n|inactive|Time left: 300 sec this turn | 300 sec total\n|\n|t:|1783555544\n|move|p1a: Volbeat|Encore|p2a: Urshifu\n|-start|p2a: Urshifu|Encore\n|move|p2a: Urshifu|Ice Spinner|p1a: Volbeat\n|-damage|p1a: Volbeat|93/263\n|-damage|p2a: Urshifu|51/100|[from] item: Life Orb\n|\n|-weather|Snowscape|[upkeep]\n|upkeep\n|turn|17\n|inactive|Time left: 300 sec this turn | 300 sec total\n|\n|t:|1783555545\n|switch|p1a: Orthworm|Orthworm, L88, F|266/266\n|move|p2a: Urshifu|Ice Spinner|p1a: Orthworm\n|-resisted|p1a: Orthworm\n|-damage|p1a: Orthworm|218/266\n|-damage|p2a: Urshifu|41/100|[from] item: Life Orb\n|\n|-weather|Snowscape|[upkeep]\n|-heal|p1a: Orthworm|234/266|[from] item: Leftovers\n|upkeep\n|turn|18\n|inactive|Time left: 300 sec this turn | 300 sec total\n|\n|t:|1783555546\n|switch|p2a: Wyrdeer|Wyrdeer, L87, M|100/100\n|-ability|p2a: Wyrdeer|Intimidate|boost\n|-unboost|p1a: Orthworm|atk|1\n|move|p1a: Orthworm|Body Press|p2a: Wyrdeer\n|-damage|p2a: Wyrdeer|71/100\n|\n|-weather|Snowscape|[upkeep]\n|-heal|p1a: Orthworm|250/266|[from] item: Leftovers\n|-heal|p2a: Wyrdeer|77/100|[from] item: Leftovers\n|upkeep\n|turn|19\n|inactive|Time left: 300 sec this turn | 300 sec total\n|\n|t:|1783555547\n|move|p1a: Orthworm|Body Press|p2a: Wyrdeer\n|-damage|p2a: Wyrdeer|49/100\n|move|p2a: Wyrdeer|Psychic Noise|p1a: Orthworm\n|-resisted|p1a: Orthworm\n|-damage|p1a: Orthworm|191/266\n|-start|p1a: Orthworm|move: Heal Block\n|\n|-weather|none\n|-heal|p2a: Wyrdeer|55/100|[from] item: Leftovers\n|upkeep\n|turn|20\n|inactive|Time left: 300 sec this turn | 300 sec total\n|\n|t:|1783555548\n|move|p1a: Orthworm|Body Press|p2a: Wyrdeer\n|-damage|p2a: Wyrdeer|27/100\n|move|p2a: Wyrdeer|Thunder Wave|p1a: Orthworm\n|-status|p1a: Orthworm|par\n|\n|-heal|p2a: Wyrdeer|33/100|[from] item: Leftovers\n|-end|p1a: Orthworm|move: Heal Block\n|upkeep\n|turn|21\n|inactive|Time left: 300 sec this turn | 300 sec total\n|\n|t:|1783555549\n|move|p2a: Wyrdeer|Psychic Noise|p1a: Orthworm\n|-resisted|p1a: Orthworm\n|-damage|p1a: Orthworm|137/266 par\n|-start|p1a: Orthworm|move: Heal Block\n|cant|p1a: Orthworm|par\n|\n|-heal|p2a: Wyrdeer|39/100|[from] item: Leftovers\n|upkeep\n|turn|22\n|inactive|Time left: 300 sec this turn | 300 sec total\n|\n|t:|1783555550\n|move|p2a: Wyrdeer|Psychic Noise|p1a: Orthworm\n|-resisted|p1a: Orthworm\n|-damage|p1a: Orthworm|77/266 par\n|move|p1a: Orthworm|Body Press|p2a: Wyrdeer\n|-damage|p2a: Wyrdeer|11/100\n|\n|-heal|p2a: Wyrdeer|17/100|[from] item: Leftovers\n|-end|p1a: Orthworm|move: Heal Block\n|upkeep\n|turn|23\n|inactive|Time left: 300 sec this turn | 300 sec total\n|\n|t:|1783555551\n|move|p2a: Wyrdeer|Psychic Noise|p1a: Orthworm\n|-resisted|p1a: Orthworm\n|-damage|p1a: Orthworm|22/266 par\n|-start|p1a: Orthworm|move: Heal Block\n|cant|p1a: Orthworm|par\n|\n|-heal|p2a: Wyrdeer|23/100|[from] item: Leftovers\n|upkeep\n|turn|24\n|inactive|Time left: 300 sec this turn | 300 sec total\n|\n|t:|1783555552\n|move|p2a: Wyrdeer|Psychic Noise|p1a: Orthworm\n|-resisted|p1a: Orthworm\n|-damage|p1a: Orthworm|0 fnt\n|faint|p1a: Orthworm\n|\n|-heal|p2a: Wyrdeer|29/100|[from] item: Leftovers\n|upkeep\n|inactive|Time left: 300 sec this turn | 300 sec total | 5 sec grace\n|\n|t:|1783555553\n|switch|p1a: Komala|Komala, L87, M|255/255\n|-ability|p1a: Komala|Comatose\n|turn|25\n|inactive|Time left: 300 sec this turn | 300 sec total\n|\n|t:|1783555554\n|switch|p2a: Oinkologne|Oinkologne-F, L92, F|100/100\n|move|p1a: Komala|Rapid Spin|p2a: Oinkologne\n|-damage|p2a: Oinkologne|83/100\n|-boost|p1a: Komala|spe|1\n|\n|-heal|p2a: Oinkologne|89/100|[from] item: Leftovers\n|upkeep\n|turn|26\n|inactive|Time left: 300 sec this turn | 300 sec total\n|\n|t:|1783555555\n|move|p1a: Komala|Body Slam|p2a: Oinkologne\n|-damage|p2a: Oinkologne|57/100\n|-status|p2a: Oinkologne|par\n|cant|p2a: Oinkologne|par\n|\n|-heal|p2a: Oinkologne|63/100 par|[from] item: Leftovers\n|upkeep\n|turn|27\n|inactive|Time left: 300 sec this turn | 300 sec total\n|\n|t:|1783555556\n|move|p1a: Komala|Knock Off|p2a: Oinkologne\n|-crit|p2a: Oinkologne\n|-damage|p2a: Oinkologne|23/100 par\n|-enditem|p2a: Oinkologne|Leftovers|[from] move: Knock Off|[of] p1a: Komala\n|move|p2a: Oinkologne|Body Slam|p1a: Komala\n|-damage|p1a: Komala|143/255\n|\n|upkeep\n|turn|28\n|inactive|Time left: 300 sec this turn | 300 sec total\n|\n|t:|1783555557\n|move|p1a: Komala|Body Slam|p2a: Oinkologne\n|-damage|p2a: Oinkologne|0 fnt\n|faint|p2a: Oinkologne\n|\n|upkeep\n|\n|t:|1783555558\n|switch|p2a: Urshifu|Urshifu-Rapid-Strike, L75, M|41/100\n|turn|29\n|inactive|Time left: 300 sec this turn | 300 sec total\n|\n|t:|1783555559\n|move|p1a: Komala|Body Slam|p2a: Urshifu\n|-damage|p2a: Urshifu|0 fnt\n|faint|p2a: Urshifu\n|\n|upkeep\n|\n|t:|1783555560\n|switch|p2a: Espathra|Espathra, L80, M|14/100\n|turn|30\n|inactive|Time left: 300 sec this turn | 300 sec total\n|\n|t:|1783555561\n|move|p1a: Komala|Knock Off|p2a: Espathra\n|-supereffective|p2a: Espathra\n|-damage|p2a: Espathra|0 fnt\n|-enditem|p2a: Espathra|Leftovers|[from] move: Knock Off|[of] p1a: Komala\n|faint|p2a: Espathra\n|\n|upkeep\n|\n|t:|1783555561\n|switch|p2a: Wyrdeer|Wyrdeer, L87, M|29/100\n|-ability|p2a: Wyrdeer|Intimidate|boost\n|-unboost|p1a: Komala|atk|1\n|turn|31\n|inactive|Time left: 300 sec this turn | 300 sec total\n|\n|t:|1783555562\n|move|p1a: Komala|Knock Off|p2a: Wyrdeer\n|-supereffective|p2a: Wyrdeer\n|-damage|p2a: Wyrdeer|0 fnt\n|-enditem|p2a: Wyrdeer|Leftovers|[from] move: Knock Off|[of] p1a: Komala\n|faint|p2a: Wyrdeer\n|\n|win|p0x1416d035", "uploadtime": 1783555562, "views": 0, "rating": 0, "private": 0, "password": null, "_winner": "p0x1416d035", "_our_name": "p0x1416d035"}