{"id": "battle-gen9randombattle-2030", "formatid": "gen9randombattle", "format": "[Gen 9] Random Battle", "players": ["p0x20303cbe", "p0y20307301"], "log": "|init|battle\n|title|p0x20303cbe vs. p0y20307301\n|j|\u2606p0x20303cbe\n|j|\u2606p0y20307301\n|t:|1783563512\n|gametype|singles\n|player|p1|p0x20303cbe|169|\n|player|p2|p0y20307301|102|\n|gen|9\n|tier|[Gen 9] Random Battle\n|rule|Species Clause: Limit one of each Pok\u00e9mon\n|rule|HP Percentage Mod: HP is shown in percentages\n|rule|Sleep Clause Mod: Limit one foe put to sleep\n|rule|Illusion Level Mod: Illusion disguises the Pok\u00e9mon's true level\n|\n|t:|1783563512\n|teamsize|p1|6\n|teamsize|p2|6\n|start\n|switch|p1a: Moltres|Moltres-Galar, L79|100/100\n|switch|p2a: Ursaluna|Ursaluna, L79, M|335/335\n|turn|1\n|inactive|Battle timer is ON: inactive players will automatically lose when time's up. (requested by p0y20307301)\n|inactive|p0x20303cbe also wants the timer to be on.\n|\n|t:|1783563514\n|move|p1a: Moltres|Nasty Plot|p1a: Moltres\n|-boost|p1a: Moltres|spa|2\n|move|p2a: Ursaluna|Swords Dance|p2a: Ursaluna\n|-boost|p2a: Ursaluna|atk|2\n|\n|-status|p2a: Ursaluna|brn|[from] item: Flame Orb\n|upkeep\n|turn|2\n|inactive|Time left: 300 sec this turn | 300 sec total\n|\n|t:|1783563515\n|move|p1a: Moltres|Fiery Wrath|p2a: Ursaluna\n|-damage|p2a: Ursaluna|151/335 brn\n|move|p2a: Ursaluna|Facade|p1a: Moltres\n|-damage|p1a: Moltres|0 fnt\n|faint|p1a: Moltres\n|\n|-damage|p2a: Ursaluna|131/335 brn|[from] brn\n|upkeep\n|\n|t:|1783563517\n|switch|p1a: Pelipper|Pelipper, L86, F|100/100\n|-weather|RainDance|[from] ability: Drizzle|[of] p1a: Pelipper\n|turn|3\n|inactive|Time left: 300 sec this turn | 300 sec total\n|\n|t:|1783563518\n|switch|p2a: Basculegion|Basculegion-F, L83, F|335/335\n|move|p1a: Pelipper|Weather Ball|p2a: Basculegion\n|-resisted|p2a: Basculegion\n|-damage|p2a: Basculegion|207/335\n|\n|-weather|RainDance|[upkeep]\n|upkeep\n|turn|4\n|inactive|Time left: 300 sec this turn | 300 sec total\n|\n|t:|1783563519\n|move|p2a: Basculegion|Hydro Pump|p1a: Pelipper\n|-resisted|p1a: Pelipper\n|-damage|p1a: Pelipper|16/100\n|move|p1a: Pelipper|Weather Ball|p2a: Basculegion\n|-resisted|p2a: Basculegion\n|-damage|p2a: Basculegion|66/335\n|\n|-weather|RainDance|[upkeep]\n|upkeep\n|turn|5\n|inactive|Time left: 300 sec this turn | 300 sec total\n|\n|t:|1783563520\n|move|p2a: Basculegion|Hydro Pump|p1a: Pelipper\n|-resisted|p1a: Pelipper\n|-damage|p1a: Pelipper|0 fnt\n|faint|p1a: Pelipper\n|\n|-weather|RainDance|[upkeep]\n|upkeep\n|\n|t:|1783563521\n|switch|p1a: Smeargle|Smeargle, L95, F|100/100\n|turn|6\n|inactive|Time left: 300 sec this turn | 300 sec total\n|\n|t:|1783563522\n|move|p1a: Smeargle|Sticky Web|p2a: Basculegion\n|-sidestart|p2: p0y20307301|move: Sticky Web\n|move|p2a: Basculegion|Hydro Pump|p1a: Smeargle\n|-enditem|p1a: Smeargle|Focus Sash\n|-damage|p1a: Smeargle|1/100\n|\n|-weather|RainDance|[upkeep]\n|upkeep\n|turn|7\n|inactive|Time left: 300 sec this turn | 300 sec total\n|\n|t:|1783563523\n|move|p1a: Smeargle|Stealth Rock|p2a: Basculegion\n|-sidestart|p2: p0y20307301|move: Stealth Rock\n|move|p2a: Basculegion|Hydro Pump|p1a: Smeargle\n|-damage|p1a: Smeargle|0 fnt\n|faint|p1a: Smeargle\n|\n|-weather|none\n|upkeep\n|\n|t:|1783563524\n|switch|p1a: Snorlax|Snorlax, L82, M|100/100\n|turn|8\n|inactive|Time left: 300 sec this turn | 300 sec total\n|\n|t:|1783563525\n|move|p2a: Basculegion|Hydro Pump|p1a: Snorlax\n|-damage|p1a: Snorlax|51/100\n|move|p1a: Snorlax|Earthquake|p2a: Basculegion\n|-damage|p2a: Basculegion|0 fnt\n|faint|p2a: Basculegion\n|\n|-heal|p1a: Snorlax|57/100|[from] item: Leftovers\n|upkeep\n|inactive|Time left: 300 sec this turn | 300 sec total | 5 sec grace\n|\n|t:|1783563526\n|switch|p2a: Rillaboom|Rillaboom, L79, F|288/288\n|-activate|p2a: Rillaboom|move: Sticky Web\n|-unboost|p2a: Rillaboom|spe|1\n|-damage|p2a: Rillaboom|252/288|[from] Stealth Rock\n|-fieldstart|move: Grassy Terrain|[from] ability: Grassy Surge|[of] p2a: Rillaboom\n|turn|9\n|inactive|Time left: 300 sec this turn | 300 sec total\n|\n|t:|1783563527\n|switch|p1a: Skeledirge|Skeledirge, L79, F|100/100\n|move|p2a: Rillaboom|Wood Hammer|p1a: Skeledirge\n|-resisted|p1a: Skeledirge\n|-damage|p1a: Skeledirge|58/100\n|-damage|p2a: Rillaboom|211/288|[from] Recoil\n|\n|-heal|p1a: Skeledirge|64/100|[from] Grassy Terrain\n|-heal|p2a: Rillaboom|229/288|[from] Grassy Terrain\n|upkeep\n|turn|10\n|inactive|Time left: 300 sec this turn | 300 sec total\n|\n|t:|1783563528\n|switch|p2a: Garganacl|Garganacl, L80, M|291/291\n|-activate|p2a: Garganacl|move: Sticky Web\n|-unboost|p2a: Garganacl|spe|1\n|-damage|p2a: Garganacl|255/291|[from] Stealth Rock\n|move|p1a: Skeledirge|Torch Song|p2a: Garganacl\n|-resisted|p2a: Garganacl\n|-damage|p2a: Garganacl|209/291\n|-boost|p1a: Skeledirge|spa|1\n|\n|-heal|p1a: Skeledirge|71/100|[from] Grassy Terrain\n|-heal|p2a: Garganacl|227/291|[from] Grassy Terrain\n|-heal|p2a: Garganacl|245/291|[from] item: Leftovers\n|upkeep\n|turn|11\n|inactive|Time left: 300 sec this turn | 300 sec total\n|\n|t:|1783563528\n|move|p1a: Skeledirge|Torch Song|p2a: Garganacl\n|-resisted|p2a: Garganacl\n|-damage|p2a: Garganacl|184/291\n|-boost|p1a: Skeledirge|spa|1\n|move|p2a: Garganacl|Salt Cure|p1a: Skeledirge\n|-supereffective|p1a: Skeledirge\n|-damage|p1a: Skeledirge|45/100\n|-start|p1a: Skeledirge|Salt Cure\n|\n|-heal|p1a: Skeledirge|52/100|[from] Grassy Terrain\n|-heal|p2a: Garganacl|202/291|[from] Grassy Terrain\n|-heal|p2a: Garganacl|220/291|[from] item: Leftovers\n|-damage|p1a: Skeledirge|39/100|[from] Salt Cure\n|upkeep\n|turn|12\n|inactive|Time left: 300 sec this turn | 300 sec total\n|\n|t:|1783563529\n|move|p1a: Skeledirge|Slack Off|p1a: Skeledirge\n|-heal|p1a: Skeledirge|89/100\n|move|p2a: Garganacl|Salt Cure|p1a: Skeledirge\n|-supereffective|p1a: Skeledirge\n|-damage|p1a: Skeledirge|62/100\n|\n|-heal|p1a: Skeledirge|68/100|[from] Grassy Terrain\n|-heal|p2a: Garganacl|238/291|[from] Grassy Terrain\n|-heal|p2a: Garganacl|256/291|[from] item: Leftovers\n|-damage|p1a: Skeledirge|56/100|[from] Salt Cure\n|upkeep\n|turn|13\n|inactive|Time left: 300 sec this turn | 300 sec total\n|\n|t:|1783563530\n|move|p1a: Skeledirge|Slack Off|p1a: Skeledirge\n|-heal|p1a: Skeledirge|100/100\n|move|p2a: Garganacl|Salt Cure|p1a: Skeledirge\n|-supereffective|p1a: Skeledirge\n|-damage|p1a: Skeledirge|74/100\n|\n|-heal|p1a: Skeledirge|80/100|[from] Grassy Terrain\n|-heal|p2a: Garganacl|274/291|[from] Grassy Terrain\n|-heal|p2a: Garganacl|291/291|[from] item: Leftovers\n|-damage|p1a: Skeledirge|68/100|[from] Salt Cure\n|-fieldend|move: Grassy Terrain\n|upkeep\n|turn|14\n|inactive|Time left: 300 sec this turn | 300 sec total\n|\n|t:|1783563531\n|move|p1a: Skeledirge|Torch Song|p2a: Garganacl\n|-resisted|p2a: Garganacl\n|-damage|p2a: Garganacl|207/291\n|-boost|p1a: Skeledirge|spa|1\n|move|p2a: Garganacl|Salt Cure|p1a: Skeledirge\n|-supereffective|p1a: Skeledirge\n|-damage|p1a: Skeledirge|41/100\n|\n|-heal|p2a: Garganacl|225/291|[from] item: Leftovers\n|-damage|p1a: Skeledirge|28/100|[from] Salt Cure\n|upkeep\n|turn|15\n|inactive|Time left: 300 sec this turn | 300 sec total\n|\n|t:|1783563532\n|move|p1a: Skeledirge|Slack Off|p1a: Skeledirge\n|-heal|p1a: Skeledirge|78/100\n|move|p2a: Garganacl|Salt Cure|p1a: Skeledirge\n|-supereffective|p1a: Skeledirge\n|-damage|p1a: Skeledirge|51/100\n|\n|-heal|p2a: Garganacl|243/291|[from] item: Leftovers\n|-damage|p1a: Skeledirge|39/100|[from] Salt Cure\n|upkeep\n|turn|16\n|inactive|Time left: 300 sec this turn | 300 sec total\n|\n|t:|1783563533\n|move|p1a: Skeledirge|Slack Off|p1a: Skeledirge\n|-heal|p1a: Skeledirge|89/100\n|move|p2a: Garganacl|Salt Cure|p1a: Skeledirge\n|-supereffective|p1a: Skeledirge\n|-damage|p1a: Skeledirge|60/100\n|\n|-heal|p2a: Garganacl|261/291|[from] item: Leftovers\n|-damage|p1a: Skeledirge|47/100|[from] Salt Cure\n|upkeep\n|turn|17\n|inactive|Time left: 300 sec this turn | 300 sec total\n|\n|t:|1783563534\n|move|p1a: Skeledirge|Slack Off|p1a: Skeledirge\n|-heal|p1a: Skeledirge|97/100\n|move|p2a: Garganacl|Salt Cure|p1a: Skeledirge\n|-supereffective|p1a: Skeledirge\n|-damage|p1a: Skeledirge|69/100\n|\n|-heal|p2a: Garganacl|279/291|[from] item: Leftovers\n|-damage|p1a: Skeledirge|57/100|[from] Salt Cure\n|upkeep\n|turn|18\n|inactive|Time left: 300 sec this turn | 300 sec total\n|\n|t:|1783563534\n|move|p1a: Skeledirge|Slack Off|p1a: Skeledirge\n|-heal|p1a: Skeledirge|100/100\n|move|p2a: Garganacl|Salt Cure|p1a: Skeledirge\n|-supereffective|p1a: Skeledirge\n|-damage|p1a: Skeledirge|73/100\n|\n|-heal|p2a: Garganacl|291/291|[from] item: Leftovers\n|-damage|p1a: Skeledirge|61/100|[from] Salt Cure\n|upkeep\n|turn|19\n|inactive|Time left: 300 sec this turn | 300 sec total\n|\n|t:|1783563535\n|move|p1a: Skeledirge|Slack Off|p1a: Skeledirge\n|-heal|p1a: Skeledirge|100/100\n|move|p2a: Garganacl|Salt Cure|p1a: Skeledirge\n|-supereffective|p1a: Skeledirge\n|-damage|p1a: Skeledirge|75/100\n|\n|-damage|p1a: Skeledirge|63/100|[from] Salt Cure\n|upkeep\n|turn|20\n|inactive|Time left: 300 sec this turn | 300 sec total\n|\n|t:|1783563536\n|move|p1a: Skeledirge|Slack Off|p1a: Skeledirge\n|-heal|p1a: Skeledirge|100/100\n|move|p2a: Garganacl|Salt Cure|p1a: Skeledirge\n|-supereffective|p1a: Skeledirge\n|-damage|p1a: Skeledirge|76/100\n|\n|-damage|p1a: Skeledirge|64/100|[from] Salt Cure\n|upkeep\n|turn|21\n|inactive|Time left: 300 sec this turn | 300 sec total\n|\n|t:|1783563537\n|move|p1a: Skeledirge|Torch Song|p2a: Garganacl\n|-resisted|p2a: Garganacl\n|-damage|p2a: Garganacl|177/291\n|-boost|p1a: Skeledirge|spa|1\n|move|p2a: Garganacl|Salt Cure|p1a: Skeledirge\n|-supereffective|p1a: Skeledirge\n|-damage|p1a: Skeledirge|37/100\n|\n|-heal|p2a: Garganacl|195/291|[from] item: Leftovers\n|-damage|p1a: Skeledirge|24/100|[from] Salt Cure\n|upkeep\n|turn|22\n|inactive|Time left: 300 sec this turn | 300 sec total\n|\n|t:|1783563538\n|move|p1a: Skeledirge|Torch Song|p2a: Garganacl\n|-resisted|p2a: Garganacl\n|-damage|p2a: Garganacl|62/291\n|-boost|p1a: Skeledirge|spa|1\n|move|p2a: Garganacl|Salt Cure|p1a: Skeledirge\n|-supereffective|p1a: Skeledirge\n|-damage|p1a: Skeledirge|0 fnt\n|faint|p1a: Skeledirge\n|\n|-heal|p2a: Garganacl|80/291|[from] item: Leftovers\n|upkeep\n|\n|t:|1783563539\n|switch|p1a: Snorlax|Snorlax, L82, M|57/100\n|turn|23\n|inactive|Time left: 300 sec this turn | 300 sec total\n|\n|t:|1783563540\n|move|p1a: Snorlax|Earthquake|p2a: Garganacl\n|-supereffective|p2a: Garganacl\n|-damage|p2a: Garganacl|0 fnt\n|faint|p2a: Garganacl\n|\n|-heal|p1a: Snorlax|63/100|[from] item: Leftovers\n|upkeep\n|inactive|Time left: 300 sec this turn | 300 sec total | 5 sec grace\n|\n|t:|1783563541\n|switch|p2a: Rillaboom|Rillaboom, L79, F|229/288\n|-activate|p2a: Rillaboom|move: Sticky Web\n|-unboost|p2a: Rillaboom|spe|1\n|-damage|p2a: Rillaboom|193/288|[from] Stealth Rock\n|-fieldstart|move: Grassy Terrain|[from] ability: Grassy Surge|[of] p2a: Rillaboom\n|turn|24\n|inactive|Time left: 300 sec this turn | 300 sec total\n|\n|t:|1783563542\n|-terastallize|p1a: Snorlax|Poison\n|move|p2a: Rillaboom|Wood Hammer|p1a: Snorlax\n|-resisted|p1a: Snorlax\n|-damage|p1a: Snorlax|20/100\n|-damage|p2a: Rillaboom|137/288|[from] Recoil\n|move|p1a: Snorlax|Body Slam|p2a: Rillaboom\n|-damage|p2a: Rillaboom|34/288\n|-status|p2a: Rillaboom|par\n|\n|-heal|p1a: Snorlax|26/100|[from] Grassy Terrain\n|-heal|p1a: Snorlax|32/100|[from] item: Leftovers\n|-heal|p2a: Rillaboom|52/288 par|[from] Grassy Terrain\n|upkeep\n|turn|25\n|inactive|Time left: 300 sec this turn | 300 sec total\n|\n|t:|1783563543\n|move|p1a: Snorlax|Crunch|p2a: Rillaboom\n|-damage|p2a: Rillaboom|0 fnt\n|faint|p2a: Rillaboom\n|\n|-heal|p1a: Snorlax|38/100|[from] Grassy Terrain\n|-heal|p1a: Snorlax|44/100|[from] item: Leftovers\n|upkeep\n|inactive|Time left: 300 sec this turn | 300 sec total | 5 sec grace\n|\n|t:|1783563544\n|switch|p2a: Iron Crown|Iron Crown, L78|268/268\n|-activate|p2a: Iron Crown|move: Sticky Web\n|-unboost|p2a: Iron Crown|spe|1\n|-damage|p2a: Iron Crown|252/268|[from] Stealth Rock\n|turn|26\n|inactive|Time left: 300 sec this turn | 300 sec total\n|\n|t:|1783563545\n|switch|p1a: Sableye|Sableye, L88, M|100/100\n|move|p2a: Iron Crown|Psyshock|p1a: Sableye\n|-immune|p1a: Sableye\n|\n|-heal|p2a: Iron Crown|268/268|[from] Grassy Terrain\n|upkeep\n|turn|27\n|inactive|Time left: 300 sec this turn | 300 sec total\n|\n|t:|1783563545\n|-end|p2a: Iron Crown|Quark Drive|[silent]\n|switch|p2a: Perrserker|Perrserker, L89, F|269/269\n|-activate|p2a: Perrserker|move: Sticky Web\n|-unboost|p2a: Perrserker|spe|1\n|-damage|p2a: Perrserker|253/269|[from] Stealth Rock\n|move|p1a: Sableye|Knock Off|p2a: Perrserker\n|-damage|p2a: Perrserker|171/269\n|-enditem|p2a: Perrserker|Life Orb|[from] move: Knock Off|[of] p1a: Sableye\n|\n|-heal|p2a: Perrserker|187/269|[from] Grassy Terrain\n|upkeep\n|turn|28\n|inactive|Time left: 300 sec this turn | 300 sec total\n|\n|t:|1783563546\n|switch|p2a: Ursaluna|Ursaluna, L79, M|131/335 brn\n|-activate|p2a: Ursaluna|move: Sticky Web\n|-unboost|p2a: Ursaluna|spe|1\n|-damage|p2a: Ursaluna|111/335 brn|[from] Stealth Rock\n|move|p1a: Sableye|Thunder Wave|p2a: Ursaluna\n|-immune|p2a: Ursaluna\n|\n|-heal|p2a: Ursaluna|131/335 brn|[from] Grassy Terrain\n|-damage|p2a: Ursaluna|111/335 brn|[from] brn\n|-fieldend|move: Grassy Terrain\n|upkeep\n|turn|29\n|inactive|Time left: 300 sec this turn | 300 sec total\n|\n|t:|1783563548\n|move|p1a: Sableye|Knock Off|p2a: Ursaluna\n|-damage|p2a: Ursaluna|20/335 brn\n|-enditem|p2a: Ursaluna|Flame Orb|[from] move: Knock Off|[of] p1a: Sableye\n|move|p2a: Ursaluna|Headlong Rush|p1a: Sableye\n|-damage|p1a: Sableye|3/100\n|-unboost|p2a: Ursaluna|def|1\n|-unboost|p2a: Ursaluna|spd|1\n|\n|-heal|p1a: Sableye|9/100|[from] item: Leftovers\n|-damage|p2a: Ursaluna|0 fnt|[from] brn\n|faint|p2a: Ursaluna\n|upkeep\n|inactive|Time left: 300 sec this turn | 300 sec total | 5 sec grace\n|\n|t:|1783563549\n|switch|p2a: Iron Crown|Iron Crown, L78|268/268\n|-activate|p2a: Iron Crown|move: Sticky Web\n|-unboost|p2a: Iron Crown|spe|1\n|-damage|p2a: Iron Crown|252/268|[from] Stealth Rock\n|turn|30\n|inactive|Time left: 300 sec this turn | 300 sec total\n|\n|t:|1783563550\n|move|p1a: Sableye|Thunder Wave|p2a: Iron Crown\n|-status|p2a: Iron Crown|par\n|move|p2a: Iron Crown|Tachyon Cutter|p1a: Sableye\n|-damage|p1a: Sableye|0 fnt\n|faint|p1a: Sableye\n|-hitcount|p1: Sableye|1\n|\n|upkeep\n|\n|t:|1783563550\n|switch|p1a: Snorlax|Snorlax, L82, M, tera:Poison|44/100\n|turn|31\n|inactive|Time left: 300 sec this turn | 300 sec total\n|\n|t:|1783563551\n|-terastallize|p2a: Iron Crown|Fighting\n|move|p1a: Snorlax|Earthquake|p2a: Iron Crown\n|-damage|p2a: Iron Crown|185/268 par\n|cant|p2a: Iron Crown|par\n|\n|-heal|p1a: Snorlax|50/100|[from] item: Leftovers\n|upkeep\n|turn|32\n|inactive|Time left: 300 sec this turn | 300 sec total\n|\n|t:|1783563552\n|move|p1a: Snorlax|Body Slam|p2a: Iron Crown\n|-damage|p2a: Iron Crown|85/268 par\n|move|p2a: Iron Crown|Tachyon Cutter|p1a: Snorlax\n|-damage|p1a: Snorlax|31/100\n|-damage|p1a: Snorlax|14/100\n|-hitcount|p1a: Snorlax|2\n|\n|-heal|p1a: Snorlax|20/100|[from] item: Leftovers\n|upkeep\n|turn|33\n|inactive|Time left: 300 sec this turn | 300 sec total\n|\n|t:|1783563553\n|move|p1a: Snorlax|Curse|p1a: Snorlax\n|-unboost|p1a: Snorlax|spe|1\n|-boost|p1a: Snorlax|atk|1\n|-boost|p1a: Snorlax|def|1\n|move|p2a: Iron Crown|Tachyon Cutter|p1a: Snorlax\n|-damage|p1a: Snorlax|2/100\n|-damage|p1a: Snorlax|0 fnt\n|faint|p1a: Snorlax\n|-hitcount|p1: Snorlax|2\n|\n|win|p0y20307301", "uploadtime": 1783563553, "views": 0, "rating": 0, "private": 0, "password": null, "_winner": "p0y20307301", "_our_name": "p0y20307301"}