{"id": "battle-gen9randombattle-1836", "formatid": "gen9randombattle", "format": "[Gen 9] Random Battle", "players": ["p0x1836a015", "p0y1836a65e"], "log": "|init|battle\n|title|p0x1836a015 vs. p0y1836a65e\n|j|\u2606p0x1836a015\n|j|\u2606p0y1836a65e\n|t:|1783561236\n|gametype|singles\n|player|p1|p0x1836a015|2|\n|player|p2|p0y1836a65e|2|\n|gen|9\n|tier|[Gen 9] Random Battle\n|rule|Species Clause: Limit one of each Pok\u00e9mon\n|rule|HP Percentage Mod: HP is shown in percentages\n|rule|Sleep Clause Mod: Limit one foe put to sleep\n|rule|Illusion Level Mod: Illusion disguises the Pok\u00e9mon's true level\n|\n|t:|1783561236\n|teamsize|p1|6\n|teamsize|p2|6\n|start\n|switch|p1a: Swampert|Swampert, L83, M|100/100\n|switch|p2a: Emboar|Emboar, L84, F|322/322\n|turn|1\n|inactive|Battle timer is ON: inactive players will automatically lose when time's up. (requested by p0y1836a65e)\n|inactive|p0x1836a015 also wants the timer to be on.\n|\n|t:|1783561238\n|move|p2a: Emboar|Trailblaze|p1a: Swampert\n|-supereffective|p1a: Swampert\n|-damage|p1a: Swampert|46/100\n|-boost|p2a: Emboar|spe|1\n|move|p1a: Swampert|Earthquake|p2a: Emboar\n|-supereffective|p2a: Emboar\n|-crit|p2a: Emboar\n|-damage|p2a: Emboar|0 fnt\n|faint|p2a: Emboar\n|\n|-heal|p1a: Swampert|52/100|[from] item: Leftovers\n|upkeep\n|inactive|Time left: 300 sec this turn | 300 sec total | 65 sec grace\n|\n|t:|1783561239\n|switch|p2a: Terrakion|Terrakion, L79|273/273\n|turn|2\n|inactive|Time left: 300 sec this turn | 300 sec total\n|\n|t:|1783561240\n|move|p2a: Terrakion|Close Combat|p1a: Swampert\n|-damage|p1a: Swampert|0 fnt\n|-unboost|p2a: Terrakion|def|1\n|-unboost|p2a: Terrakion|spd|1\n|faint|p1a: Swampert\n|\n|upkeep\n|\n|t:|1783561241\n|switch|p1a: Ho-Oh|Ho-Oh, L71|100/100\n|turn|3\n|inactive|Time left: 300 sec this turn | 300 sec total\n|\n|t:|1783561242\n|switch|p2a: Hippowdon|Hippowdon, L82, F|311/311\n|-weather|Sandstorm|[from] ability: Sand Stream|[of] p2a: Hippowdon\n|move|p1a: Ho-Oh|Sacred Fire|p2a: Hippowdon\n|-damage|p2a: Hippowdon|232/311\n|\n|-weather|Sandstorm|[upkeep]\n|-damage|p1a: Ho-Oh|95/100|[from] Sandstorm\n|-heal|p2a: Hippowdon|251/311|[from] item: Leftovers\n|upkeep\n|turn|4\n|inactive|Time left: 300 sec this turn | 300 sec total\n|\n|t:|1783561243\n|move|p1a: Ho-Oh|Sacred Fire|p2a: Hippowdon|[miss]\n|-miss|p1a: Ho-Oh|p2a: Hippowdon\n|move|p2a: Hippowdon|Slack Off|p2a: Hippowdon\n|-heal|p2a: Hippowdon|311/311\n|\n|-weather|Sandstorm|[upkeep]\n|-damage|p1a: Ho-Oh|89/100|[from] Sandstorm\n|upkeep\n|turn|5\n|inactive|Time left: 300 sec this turn | 300 sec total\n|\n|t:|1783561244\n|switch|p1a: Abomasnow|Abomasnow, L84, F|100/100\n|-weather|Snowscape|[from] ability: Snow Warning|[of] p1a: Abomasnow\n|move|p2a: Hippowdon|Stealth Rock|p1a: Abomasnow\n|-sidestart|p1: p0x1836a015|move: Stealth Rock\n|\n|-weather|Snowscape|[upkeep]\n|upkeep\n|turn|6\n|inactive|Time left: 300 sec this turn | 300 sec total\n|\n|t:|1783561245\n|switch|p2a: Sinistcha|Sinistcha-Masterpiece, L83|254/254\n|move|p1a: Abomasnow|Aurora Veil|p1a: Abomasnow\n|-sidestart|p1: p0x1836a015|move: Aurora Veil\n|\n|-weather|Snowscape|[upkeep]\n|upkeep\n|turn|7\n|inactive|Time left: 300 sec this turn | 300 sec total\n|\n|t:|1783561246\n|move|p2a: Sinistcha|Calm Mind|p2a: Sinistcha\n|-boost|p2a: Sinistcha|spa|1\n|-boost|p2a: Sinistcha|spd|1\n|move|p1a: Abomasnow|Blizzard|p2a: Sinistcha\n|-supereffective|p2a: Sinistcha\n|-damage|p2a: Sinistcha|92/254\n|\n|-weather|Snowscape|[upkeep]\n|-heal|p2a: Sinistcha|107/254|[from] item: Leftovers\n|upkeep\n|turn|8\n|inactive|Time left: 300 sec this turn | 300 sec total\n|\n|t:|1783561247\n|move|p2a: Sinistcha|Strength Sap|p1a: Abomasnow\n|-unboost|p1a: Abomasnow|atk|1\n|-heal|p2a: Sinistcha|254/254\n|move|p1a: Abomasnow|Blizzard|p2a: Sinistcha\n|-supereffective|p2a: Sinistcha\n|-damage|p2a: Sinistcha|104/254\n|\n|-weather|Snowscape|[upkeep]\n|-heal|p2a: Sinistcha|119/254|[from] item: Leftovers\n|upkeep\n|turn|9\n|inactive|Time left: 300 sec this turn | 300 sec total\n|\n|t:|1783561248\n|move|p2a: Sinistcha|Strength Sap|p1a: Abomasnow\n|-unboost|p1a: Abomasnow|atk|1\n|-heal|p2a: Sinistcha|254/254\n|move|p1a: Abomasnow|Blizzard|p2a: Sinistcha\n|-supereffective|p2a: Sinistcha\n|-damage|p2a: Sinistcha|98/254\n|\n|-weather|none\n|-heal|p2a: Sinistcha|113/254|[from] item: Leftovers\n|upkeep\n|turn|10\n|inactive|Time left: 300 sec this turn | 300 sec total\n|\n|t:|1783561248\n|move|p2a: Sinistcha|Strength Sap|p1a: Abomasnow\n|-unboost|p1a: Abomasnow|atk|1\n|-heal|p2a: Sinistcha|214/254\n|move|p1a: Abomasnow|Blizzard|p2a: Sinistcha\n|-supereffective|p2a: Sinistcha\n|-damage|p2a: Sinistcha|50/254\n|\n|-heal|p2a: Sinistcha|65/254|[from] item: Leftovers\n|upkeep\n|turn|11\n|inactive|Time left: 300 sec this turn | 300 sec total\n|\n|t:|1783561249\n|move|p2a: Sinistcha|Strength Sap|p1a: Abomasnow\n|-unboost|p1a: Abomasnow|atk|1\n|-heal|p2a: Sinistcha|146/254\n|move|p1a: Abomasnow|Blizzard|p2a: Sinistcha\n|-supereffective|p2a: Sinistcha\n|-damage|p2a: Sinistcha|0 fnt\n|faint|p2a: Sinistcha\n|\n|upkeep\n|inactive|Time left: 300 sec this turn | 300 sec total | 5 sec grace\n|\n|t:|1783561250\n|switch|p2a: Vivillon|Vivillon-Jungle, L83, F|268/268\n|turn|12\n|inactive|Time left: 300 sec this turn | 300 sec total\n|\n|t:|1783561251\n|switch|p1a: Ho-Oh|Ho-Oh, L71|100/100\n|move|p2a: Vivillon|Quiver Dance|p2a: Vivillon\n|-boost|p2a: Vivillon|spa|1\n|-boost|p2a: Vivillon|spd|1\n|-boost|p2a: Vivillon|spe|1\n|\n|upkeep\n|turn|13\n|inactive|Time left: 300 sec this turn | 300 sec total\n|\n|t:|1783561252\n|move|p2a: Vivillon|Sleep Powder|p1a: Ho-Oh\n|-status|p1a: Ho-Oh|slp|[from] move: Sleep Powder\n|cant|p1a: Ho-Oh|slp\n|\n|-sideend|p1: p0x1836a015|move: Aurora Veil\n|upkeep\n|turn|14\n|inactive|Time left: 300 sec this turn | 300 sec total\n|\n|t:|1783561253\n|move|p2a: Vivillon|Quiver Dance|p2a: Vivillon\n|-boost|p2a: Vivillon|spa|1\n|-boost|p2a: Vivillon|spd|1\n|-boost|p2a: Vivillon|spe|1\n|-curestatus|p1a: Ho-Oh|slp|[msg]\n|move|p1a: Ho-Oh|Sacred Fire|p2a: Vivillon\n|-supereffective|p2a: Vivillon\n|-damage|p2a: Vivillon|0 fnt\n|faint|p2a: Vivillon\n|\n|upkeep\n|inactive|Time left: 300 sec this turn | 300 sec total | 5 sec grace\n|\n|t:|1783561254\n|switch|p2a: Terrakion|Terrakion, L79|273/273\n|turn|15\n|inactive|Time left: 300 sec this turn | 300 sec total\n|\n|t:|1783561255\n|-terastallize|p1a: Ho-Oh|Ground\n|move|p2a: Terrakion|Stone Edge|p1a: Ho-Oh\n|-resisted|p1a: Ho-Oh\n|-damage|p1a: Ho-Oh|62/100\n|move|p1a: Ho-Oh|Earthquake|p2a: Terrakion\n|-supereffective|p2a: Terrakion\n|-damage|p2a: Terrakion|79/273\n|\n|upkeep\n|turn|16\n|inactive|Time left: 300 sec this turn | 300 sec total\n|\n|t:|1783561257\n|move|p2a: Terrakion|Stone Edge|p1a: Ho-Oh\n|-resisted|p1a: Ho-Oh\n|-damage|p1a: Ho-Oh|23/100\n|move|p1a: Ho-Oh|Earthquake|p2a: Terrakion\n|-supereffective|p2a: Terrakion\n|-damage|p2a: Terrakion|0 fnt\n|faint|p2a: Terrakion\n|\n|upkeep\n|inactive|Time left: 300 sec this turn | 300 sec total | 5 sec grace\n|\n|t:|1783561258\n|switch|p2a: Whiscash|Whiscash, L88, F|337/337\n|turn|17\n|inactive|Time left: 300 sec this turn | 300 sec total\n|\n|t:|1783561259\n|switch|p1a: Abomasnow|Abomasnow, L84, F|100/100\n|-damage|p1a: Abomasnow|76/100|[from] Stealth Rock\n|-weather|Snowscape|[from] ability: Snow Warning|[of] p1a: Abomasnow\n|move|p2a: Whiscash|Ice Beam|p1a: Abomasnow\n|-damage|p1a: Abomasnow|55/100\n|\n|-weather|Snowscape|[upkeep]\n|upkeep\n|turn|18\n|inactive|Time left: 300 sec this turn | 300 sec total\n|\n|t:|1783561260\n|switch|p2a: Hippowdon|Hippowdon, L82, F|311/311\n|-weather|Sandstorm|[from] ability: Sand Stream|[of] p2a: Hippowdon\n|move|p1a: Abomasnow|Aurora Veil||[still]\n|-fail|p1a: Abomasnow\n|\n|-weather|Sandstorm|[upkeep]\n|-damage|p1a: Abomasnow|49/100|[from] Sandstorm\n|upkeep\n|turn|19\n|inactive|Time left: 300 sec this turn | 300 sec total\n|\n|t:|1783561261\n|move|p1a: Abomasnow|Blizzard|p2a: Hippowdon\n|-supereffective|p2a: Hippowdon\n|-damage|p2a: Hippowdon|29/311\n|move|p2a: Hippowdon|Earthquake|p1a: Abomasnow\n|-resisted|p1a: Abomasnow\n|-damage|p1a: Abomasnow|25/100\n|\n|-weather|Sandstorm|[upkeep]\n|-damage|p1a: Abomasnow|19/100|[from] Sandstorm\n|-heal|p2a: Hippowdon|48/311|[from] item: Leftovers\n|upkeep\n|turn|20\n|inactive|Time left: 300 sec this turn | 300 sec total\n|\n|t:|1783561262\n|move|p1a: Abomasnow|Wood Hammer|p2a: Hippowdon\n|-supereffective|p2a: Hippowdon\n|-damage|p2a: Hippowdon|0 fnt\n|faint|p2a: Hippowdon\n|-damage|p1a: Abomasnow|14/100|[from] Recoil\n|\n|-weather|Sandstorm|[upkeep]\n|-damage|p1a: Abomasnow|8/100|[from] Sandstorm\n|upkeep\n|inactive|Time left: 300 sec this turn | 300 sec total | 5 sec grace\n|\n|t:|1783561263\n|switch|p2a: Whiscash|Whiscash, L88, F|337/337\n|turn|21\n|inactive|Time left: 300 sec this turn | 300 sec total\n|\n|t:|1783561264\n|switch|p1a: Greedent|Greedent, L86, M|100/100\n|-damage|p1a: Greedent|88/100|[from] Stealth Rock\n|move|p2a: Whiscash|Earthquake|p1a: Greedent\n|-damage|p1a: Greedent|59/100\n|\n|-weather|Sandstorm|[upkeep]\n|-damage|p1a: Greedent|53/100|[from] Sandstorm\n|upkeep\n|turn|22\n|inactive|Time left: 300 sec this turn | 300 sec total\n|\n|t:|1783561265\n|move|p2a: Whiscash|Earthquake|p1a: Greedent\n|-crit|p1a: Greedent\n|-damage|p1a: Greedent|13/100\n|-enditem|p1a: Greedent|Sitrus Berry|[eat]\n|-heal|p1a: Greedent|38/100|[from] item: Sitrus Berry\n|-heal|p1a: Greedent|71/100|[from] ability: Cheek Pouch\n|move|p1a: Greedent|Swords Dance|p1a: Greedent\n|-boost|p1a: Greedent|atk|2\n|\n|-weather|none\n|upkeep\n|turn|23\n|inactive|Time left: 300 sec this turn | 300 sec total\n|\n|t:|1783561266\n|move|p2a: Whiscash|Ice Beam|p1a: Greedent\n|-damage|p1a: Greedent|54/100\n|-status|p1a: Greedent|frz\n|cant|p1a: Greedent|frz\n|\n|upkeep\n|turn|24\n|inactive|Time left: 300 sec this turn | 300 sec total\n|\n|t:|1783561267\n|move|p2a: Whiscash|Earthquake|p1a: Greedent\n|-damage|p1a: Greedent|28/100 frz\n|cant|p1a: Greedent|frz\n|\n|upkeep\n|turn|25\n|inactive|Time left: 300 sec this turn | 300 sec total\n|\n|t:|1783561268\n|move|p2a: Whiscash|Hydro Pump|p1a: Greedent\n|-damage|p1a: Greedent|0 fnt\n|faint|p1a: Greedent\n|\n|upkeep\n|\n|t:|1783561269\n|switch|p1a: Ho-Oh|Ho-Oh, L71, tera:Ground|56/100\n|turn|26\n|inactive|Time left: 300 sec this turn | 300 sec total\n|\n|t:|1783561270\n|move|p1a: Ho-Oh|Recover|p1a: Ho-Oh\n|-heal|p1a: Ho-Oh|100/100\n|move|p2a: Whiscash|Hydro Pump|p1a: Ho-Oh\n|-supereffective|p1a: Ho-Oh\n|-damage|p1a: Ho-Oh|40/100\n|\n|upkeep\n|turn|27\n|inactive|Time left: 300 sec this turn | 300 sec total\n|\n|t:|1783561271\n|move|p1a: Ho-Oh|Recover|p1a: Ho-Oh\n|-heal|p1a: Ho-Oh|90/100\n|move|p2a: Whiscash|Hydro Pump|p1a: Ho-Oh\n|-supereffective|p1a: Ho-Oh\n|-damage|p1a: Ho-Oh|27/100\n|\n|upkeep\n|turn|28\n|inactive|Time left: 300 sec this turn | 300 sec total\n|\n|t:|1783561272\n|move|p1a: Ho-Oh|Recover|p1a: Ho-Oh\n|-heal|p1a: Ho-Oh|77/100\n|move|p2a: Whiscash|Hydro Pump|p1a: Ho-Oh\n|-supereffective|p1a: Ho-Oh\n|-damage|p1a: Ho-Oh|12/100\n|\n|upkeep\n|turn|29\n|inactive|Time left: 300 sec this turn | 300 sec total\n|\n|t:|1783561273\n|move|p1a: Ho-Oh|Recover|p1a: Ho-Oh\n|-heal|p1a: Ho-Oh|62/100\n|move|p2a: Whiscash|Hydro Pump|p1a: Ho-Oh\n|-supereffective|p1a: Ho-Oh\n|-damage|p1a: Ho-Oh|5/100\n|\n|upkeep\n|turn|30\n|inactive|Time left: 300 sec this turn | 300 sec total\n|\n|t:|1783561274\n|move|p1a: Ho-Oh|Recover|p1a: Ho-Oh\n|-heal|p1a: Ho-Oh|55/100\n|move|p2a: Whiscash|Hydro Pump|p1a: Ho-Oh|[miss]\n|-miss|p2a: Whiscash|p1a: Ho-Oh\n|\n|upkeep\n|turn|31\n|inactive|Time left: 300 sec this turn | 300 sec total\n|\n|t:|1783561275\n|move|p1a: Ho-Oh|Recover|p1a: Ho-Oh\n|-heal|p1a: Ho-Oh|100/100\n|move|p2a: Whiscash|Hydro Pump|p1a: Ho-Oh\n|-supereffective|p1a: Ho-Oh\n|-damage|p1a: Ho-Oh|42/100\n|\n|upkeep\n|turn|32\n|inactive|Time left: 300 sec this turn | 300 sec total\n|\n|t:|1783561276\n|move|p1a: Ho-Oh|Recover|p1a: Ho-Oh\n|-heal|p1a: Ho-Oh|92/100\n|move|p2a: Whiscash|Ice Beam|p1a: Ho-Oh\n|-supereffective|p1a: Ho-Oh\n|-damage|p1a: Ho-Oh|61/100\n|\n|upkeep\n|turn|33\n|inactive|Time left: 300 sec this turn | 300 sec total\n|\n|t:|1783561277\n|move|p1a: Ho-Oh|Sacred Fire|p2a: Whiscash\n|-resisted|p2a: Whiscash\n|-damage|p2a: Whiscash|284/337\n|-status|p2a: Whiscash|brn\n|move|p2a: Whiscash|Hydro Pump|p1a: Ho-Oh|[miss]\n|-miss|p2a: Whiscash|p1a: Ho-Oh\n|\n|-heal|p2a: Whiscash|305/337 brn|[from] item: Leftovers\n|-damage|p2a: Whiscash|284/337 brn|[from] brn\n|upkeep\n|turn|34\n|inactive|Time left: 300 sec this turn | 300 sec total\n|\n|t:|1783561278\n|move|p1a: Ho-Oh|Earthquake|p2a: Whiscash\n|-damage|p2a: Whiscash|170/337 brn\n|move|p2a: Whiscash|Ice Beam|p1a: Ho-Oh\n|-supereffective|p1a: Ho-Oh\n|-damage|p1a: Ho-Oh|27/100\n|\n|-heal|p2a: Whiscash|191/337 brn|[from] item: Leftovers\n|-damage|p2a: Whiscash|170/337 brn|[from] brn\n|upkeep\n|turn|35\n|inactive|Time left: 300 sec this turn | 300 sec total\n|\n|t:|1783561279\n|move|p1a: Ho-Oh|Earthquake|p2a: Whiscash\n|-damage|p2a: Whiscash|65/337 brn\n|move|p2a: Whiscash|Ice Beam|p1a: Ho-Oh\n|-supereffective|p1a: Ho-Oh\n|-damage|p1a: Ho-Oh|0 fnt\n|faint|p1a: Ho-Oh\n|\n|-heal|p2a: Whiscash|86/337 brn|[from] item: Leftovers\n|-damage|p2a: Whiscash|65/337 brn|[from] brn\n|upkeep\n|\n|t:|1783561280\n|switch|p1a: Munkidori|Munkidori, L79, M|100/100\n|-damage|p1a: Munkidori|88/100|[from] Stealth Rock\n|turn|36\n|inactive|Time left: 300 sec this turn | 300 sec total\n|\n|t:|1783561281\n|move|p1a: Munkidori|Psychic Noise|p2a: Whiscash\n|-damage|p2a: Whiscash|0 fnt\n|faint|p2a: Whiscash\n|\n|win|p0x1836a015", "uploadtime": 1783561281, "views": 0, "rating": 0, "private": 0, "password": null, "_winner": "p0x1836a015", "_our_name": "p0y1836a65e"}