{"id": "battle-gen9randombattle-2804", "formatid": "gen9randombattle", "format": "[Gen 9] Random Battle", "players": ["p0x2803c4ed", "p0y2803ea72"], "log": "|init|battle\n|title|p0x2803c4ed vs. p0y2803ea72\n|j|\u2606p0x2803c4ed\n|j|\u2606p0y2803ea72\n|t:|1783572300\n|gametype|singles\n|player|p1|p0x2803c4ed|102|\n|player|p2|p0y2803ea72|101|\n|gen|9\n|tier|[Gen 9] Random Battle\n|rule|Species Clause: Limit one of each Pok\u00e9mon\n|rule|HP Percentage Mod: HP is shown in percentages\n|rule|Sleep Clause Mod: Limit one foe put to sleep\n|rule|Illusion Level Mod: Illusion disguises the Pok\u00e9mon's true level\n|\n|t:|1783572300\n|teamsize|p1|6\n|teamsize|p2|6\n|start\n|switch|p1a: Dondozo|Dondozo, L78, F|362/362\n|switch|p2a: Iron Moth|Iron Moth, L78|100/100\n|turn|1\n|inactive|Battle timer is ON: inactive players will automatically lose when time's up. (requested by p0x2803c4ed)\n|inactive|p0y2803ea72 also wants the timer to be on.\n|\n|t:|1783572301\n|-end|p2a: Iron Moth|Quark Drive|[silent]\n|switch|p2a: Tatsugiri|Tatsugiri, L87, M|100/100\n|move|p1a: Dondozo|Wave Crash|p2a: Tatsugiri\n|-ability|p2a: Tatsugiri|Storm Drain|boost\n|-boost|p2a: Tatsugiri|spa|1\n|\n|upkeep\n|turn|2\n|inactive|Time left: 300 sec this turn | 300 sec total\n|\n|t:|1783572302\n|move|p2a: Tatsugiri|Surf|p1a: Dondozo\n|-resisted|p1a: Dondozo\n|-damage|p1a: Dondozo|278/362\n|move|p1a: Dondozo|Curse|p1a: Dondozo\n|-unboost|p1a: Dondozo|spe|1\n|-boost|p1a: Dondozo|atk|1\n|-boost|p1a: Dondozo|def|1\n|\n|-heal|p1a: Dondozo|300/362|[from] item: Leftovers\n|upkeep\n|turn|3\n|inactive|Time left: 300 sec this turn | 300 sec total\n|\n|t:|1783572303\n|move|p2a: Tatsugiri|Nasty Plot|p2a: Tatsugiri\n|-boost|p2a: Tatsugiri|spa|2\n|move|p1a: Dondozo|Curse|p1a: Dondozo\n|-unboost|p1a: Dondozo|spe|1\n|-boost|p1a: Dondozo|atk|1\n|-boost|p1a: Dondozo|def|1\n|\n|-heal|p1a: Dondozo|322/362|[from] item: Leftovers\n|upkeep\n|turn|4\n|inactive|Time left: 300 sec this turn | 300 sec total\n|\n|t:|1783572304\n|move|p2a: Tatsugiri|Surf|p1a: Dondozo\n|-resisted|p1a: Dondozo\n|-damage|p1a: Dondozo|248/362\n|move|p1a: Dondozo|Sleep Talk||[still]\n|-fail|p1a: Dondozo\n|\n|-heal|p1a: Dondozo|270/362|[from] item: Leftovers\n|upkeep\n|turn|5\n|inactive|Time left: 300 sec this turn | 300 sec total\n|\n|t:|1783572305\n|move|p2a: Tatsugiri|Surf|p1a: Dondozo\n|-resisted|p1a: Dondozo\n|-damage|p1a: Dondozo|183/362\n|move|p1a: Dondozo|Rest|p1a: Dondozo\n|-status|p1a: Dondozo|slp|[from] move: Rest\n|-heal|p1a: Dondozo|362/362 slp|[silent]\n|\n|upkeep\n|turn|6\n|inactive|Time left: 300 sec this turn | 300 sec total\n|\n|t:|1783572306\n|move|p2a: Tatsugiri|Draco Meteor|p1a: Dondozo\n|-damage|p1a: Dondozo|116/362 slp\n|-unboost|p2a: Tatsugiri|spa|2\n|cant|p1a: Dondozo|slp\n|move|p1a: Dondozo|Sleep Talk|p1a: Dondozo\n|move|p1a: Dondozo|Wave Crash|p2a: Tatsugiri|[from] move: Sleep Talk\n|-ability|p2a: Tatsugiri|Storm Drain|boost\n|-boost|p2a: Tatsugiri|spa|1\n|\n|-heal|p1a: Dondozo|138/362 slp|[from] item: Leftovers\n|upkeep\n|turn|7\n|inactive|Time left: 300 sec this turn | 300 sec total\n|\n|t:|1783572306\n|move|p2a: Tatsugiri|Surf|p1a: Dondozo\n|-resisted|p1a: Dondozo\n|-damage|p1a: Dondozo|54/362 slp\n|cant|p1a: Dondozo|slp\n|\n|-heal|p1a: Dondozo|76/362 slp|[from] item: Leftovers\n|upkeep\n|turn|8\n|inactive|Time left: 300 sec this turn | 300 sec total\n|\n|t:|1783572307\n|move|p2a: Tatsugiri|Surf|p1a: Dondozo\n|-resisted|p1a: Dondozo\n|-damage|p1a: Dondozo|0 fnt\n|faint|p1a: Dondozo\n|\n|upkeep\n|inactive|Time left: 300 sec this turn | 300 sec total | 5 sec grace\n|\n|t:|1783572308\n|switch|p1a: Latias|Latias, L79, F|256/256\n|turn|9\n|inactive|Time left: 300 sec this turn | 300 sec total\n|\n|t:|1783572309\n|-terastallize|p2a: Tatsugiri|Steel\n|move|p1a: Latias|Draco Meteor|p2a: Tatsugiri\n|-resisted|p2a: Tatsugiri\n|-damage|p2a: Tatsugiri|71/100\n|-unboost|p1a: Latias|spa|2\n|move|p2a: Tatsugiri|Surf|p1a: Latias\n|-resisted|p1a: Latias\n|-damage|p1a: Latias|160/256\n|\n|upkeep\n|turn|10\n|inactive|Time left: 300 sec this turn | 300 sec total\n|\n|t:|1783572310\n|switch|p1a: Chesnaught|Chesnaught, L84, F|285/285\n|move|p2a: Tatsugiri|Surf|p1a: Chesnaught\n|-resisted|p1a: Chesnaught\n|-damage|p1a: Chesnaught|150/285\n|\n|upkeep\n|turn|11\n|inactive|Time left: 300 sec this turn | 300 sec total\n|\n|t:|1783572312\n|move|p2a: Tatsugiri|Draco Meteor|p1a: Chesnaught\n|-damage|p1a: Chesnaught|0 fnt\n|-unboost|p2a: Tatsugiri|spa|2\n|faint|p1a: Chesnaught\n|\n|upkeep\n|inactive|Time left: 300 sec this turn | 300 sec total | 5 sec grace\n|\n|t:|1783572313\n|switch|p1a: Spectrier|Spectrier, L75|274/274\n|turn|12\n|inactive|Time left: 300 sec this turn | 300 sec total\n|\n|t:|1783572314\n|move|p1a: Spectrier|Nasty Plot|p1a: Spectrier\n|-boost|p1a: Spectrier|spa|2\n|move|p2a: Tatsugiri|Surf|p1a: Spectrier\n|-damage|p1a: Spectrier|130/274\n|\n|upkeep\n|turn|13\n|inactive|Time left: 300 sec this turn | 300 sec total\n|\n|t:|1783572315\n|switch|p2a: Ambipom|Ambipom, L84, M|100/100\n|move|p1a: Spectrier|Shadow Ball|p2a: Ambipom\n|-immune|p2a: Ambipom\n|\n|upkeep\n|turn|14\n|inactive|Time left: 300 sec this turn | 300 sec total\n|\n|t:|1783572316\n|move|p2a: Ambipom|Triple Axel|p1a: Spectrier\n|-damage|p1a: Spectrier|82/274\n|-crit|p1a: Spectrier\n|-damage|p1a: Spectrier|0 fnt\n|faint|p1a: Spectrier\n|-hitcount|p1: Spectrier|2\n|\n|upkeep\n|inactive|Time left: 300 sec this turn | 300 sec total | 5 sec grace\n|\n|t:|1783572316\n|switch|p1a: Chimecho|Chimecho, L93, M|290/290\n|turn|15\n|inactive|Time left: 300 sec this turn | 300 sec total\n|\n|t:|1783572317\n|move|p2a: Ambipom|Triple Axel|p1a: Chimecho|[miss]\n|-miss|p2a: Ambipom|p1a: Chimecho\n|move|p1a: Chimecho|Calm Mind|p1a: Chimecho\n|-boost|p1a: Chimecho|spa|1\n|-boost|p1a: Chimecho|spd|1\n|\n|upkeep\n|turn|16\n|inactive|Time left: 300 sec this turn | 300 sec total\n|\n|t:|1783572318\n|move|p2a: Ambipom|Triple Axel|p1a: Chimecho\n|-damage|p1a: Chimecho|260/290\n|-damage|p1a: Chimecho|196/290\n|-damage|p1a: Chimecho|100/290\n|-hitcount|p1a: Chimecho|3\n|move|p1a: Chimecho|Psychic Noise|p2a: Ambipom\n|-damage|p2a: Ambipom|27/100\n|-start|p2a: Ambipom|move: Heal Block\n|\n|-heal|p1a: Chimecho|118/290|[from] item: Leftovers\n|upkeep\n|turn|17\n|inactive|Time left: 300 sec this turn | 300 sec total\n|\n|t:|1783572319\n|-terastallize|p1a: Chimecho|Steel\n|move|p2a: Ambipom|Triple Axel|p1a: Chimecho\n|-resisted|p1a: Chimecho\n|-damage|p1a: Chimecho|104/290\n|-resisted|p1a: Chimecho\n|-damage|p1a: Chimecho|74/290\n|-resisted|p1a: Chimecho\n|-damage|p1a: Chimecho|24/290\n|-hitcount|p1a: Chimecho|3\n|move|p1a: Chimecho|Recover|p1a: Chimecho\n|-heal|p1a: Chimecho|169/290\n|\n|-heal|p1a: Chimecho|187/290|[from] item: Leftovers\n|-end|p2a: Ambipom|move: Heal Block\n|upkeep\n|turn|18\n|inactive|Time left: 300 sec this turn | 300 sec total\n|\n|t:|1783572320\n|move|p2a: Ambipom|Triple Axel|p1a: Chimecho\n|-resisted|p1a: Chimecho\n|-damage|p1a: Chimecho|172/290\n|-resisted|p1a: Chimecho\n|-damage|p1a: Chimecho|139/290\n|-resisted|p1a: Chimecho\n|-damage|p1a: Chimecho|90/290\n|-hitcount|p1a: Chimecho|3\n|move|p1a: Chimecho|Psychic Noise|p2a: Ambipom\n|-damage|p2a: Ambipom|0 fnt\n|faint|p2a: Ambipom\n|\n|-heal|p1a: Chimecho|108/290|[from] item: Leftovers\n|upkeep\n|\n|t:|1783572322\n|switch|p2a: Houndoom|Houndoom, L87, M|100/100\n|turn|19\n|inactive|Time left: 300 sec this turn | 300 sec total\n|\n|t:|1783572323\n|move|p2a: Houndoom|Fire Blast|p1a: Chimecho\n|-supereffective|p1a: Chimecho\n|-damage|p1a: Chimecho|0 fnt\n|faint|p1a: Chimecho\n|\n|upkeep\n|inactive|Time left: 300 sec this turn | 300 sec total | 5 sec grace\n|\n|t:|1783572324\n|switch|p1a: Tentacruel|Tentacruel, L84, M|272/272\n|turn|20\n|inactive|Time left: 300 sec this turn | 300 sec total\n|\n|t:|1783572325\n|switch|p2a: Tatsugiri|Tatsugiri, L87, M, tera:Steel|71/100\n|move|p1a: Tentacruel|Sludge Bomb|p2a: Tatsugiri\n|-immune|p2a: Tatsugiri\n|\n|upkeep\n|turn|21\n|inactive|Time left: 300 sec this turn | 300 sec total\n|\n|t:|1783572326\n|move|p1a: Tentacruel|Rapid Spin|p2a: Tatsugiri\n|-resisted|p2a: Tatsugiri\n|-damage|p2a: Tatsugiri|64/100\n|-boost|p1a: Tentacruel|spe|1\n|move|p2a: Tatsugiri|Nasty Plot|p2a: Tatsugiri\n|-boost|p2a: Tatsugiri|spa|2\n|\n|upkeep\n|turn|22\n|inactive|Time left: 300 sec this turn | 300 sec total\n|\n|t:|1783572327\n|move|p1a: Tentacruel|Haze|p1a: Tentacruel\n|-clearallboost\n|move|p2a: Tatsugiri|Draco Meteor|p1a: Tentacruel\n|-damage|p1a: Tentacruel|136/272\n|-unboost|p2a: Tatsugiri|spa|2\n|\n|-heal|p1a: Tentacruel|153/272|[from] item: Leftovers\n|upkeep\n|turn|23\n|inactive|Time left: 300 sec this turn | 300 sec total\n|\n|t:|1783572328\n|move|p1a: Tentacruel|Rapid Spin|p2a: Tatsugiri\n|-resisted|p2a: Tatsugiri\n|-damage|p2a: Tatsugiri|57/100\n|-boost|p1a: Tentacruel|spe|1\n|move|p2a: Tatsugiri|Nasty Plot|p2a: Tatsugiri\n|-boost|p2a: Tatsugiri|spa|2\n|\n|-heal|p1a: Tentacruel|170/272|[from] item: Leftovers\n|upkeep\n|turn|24\n|inactive|Time left: 300 sec this turn | 300 sec total\n|\n|t:|1783572329\n|move|p1a: Tentacruel|Rapid Spin|p2a: Tatsugiri\n|-resisted|p2a: Tatsugiri\n|-damage|p2a: Tatsugiri|50/100\n|-boost|p1a: Tentacruel|spe|1\n|move|p2a: Tatsugiri|Nasty Plot|p2a: Tatsugiri\n|-boost|p2a: Tatsugiri|spa|2\n|\n|-heal|p1a: Tentacruel|187/272|[from] item: Leftovers\n|upkeep\n|turn|25\n|inactive|Time left: 300 sec this turn | 300 sec total\n|\n|t:|1783572330\n|move|p1a: Tentacruel|Haze|p1a: Tentacruel\n|-clearallboost\n|move|p2a: Tatsugiri|Draco Meteor|p1a: Tentacruel\n|-damage|p1a: Tentacruel|49/272\n|-unboost|p2a: Tatsugiri|spa|2\n|\n|-heal|p1a: Tentacruel|66/272|[from] item: Leftovers\n|upkeep\n|turn|26\n|inactive|Time left: 300 sec this turn | 300 sec total\n|\n|t:|1783572331\n|move|p1a: Tentacruel|Rapid Spin|p2a: Tatsugiri\n|-resisted|p2a: Tatsugiri\n|-damage|p2a: Tatsugiri|44/100\n|-boost|p1a: Tentacruel|spe|1\n|move|p2a: Tatsugiri|Nasty Plot|p2a: Tatsugiri\n|-boost|p2a: Tatsugiri|spa|2\n|\n|-heal|p1a: Tentacruel|83/272|[from] item: Leftovers\n|upkeep\n|turn|27\n|inactive|Time left: 300 sec this turn | 300 sec total\n|\n|t:|1783572332\n|move|p1a: Tentacruel|Rapid Spin|p2a: Tatsugiri\n|-resisted|p2a: Tatsugiri\n|-damage|p2a: Tatsugiri|37/100\n|-boost|p1a: Tentacruel|spe|1\n|move|p2a: Tatsugiri|Nasty Plot|p2a: Tatsugiri\n|-boost|p2a: Tatsugiri|spa|2\n|\n|-heal|p1a: Tentacruel|100/272|[from] item: Leftovers\n|upkeep\n|turn|28\n|inactive|Time left: 300 sec this turn | 300 sec total\n|\n|t:|1783572333\n|move|p1a: Tentacruel|Haze|p1a: Tentacruel\n|-clearallboost\n|move|p2a: Tatsugiri|Surf|p1a: Tentacruel\n|-resisted|p1a: Tentacruel\n|-damage|p1a: Tentacruel|54/272\n|\n|-heal|p1a: Tentacruel|71/272|[from] item: Leftovers\n|upkeep\n|turn|29\n|inactive|Time left: 300 sec this turn | 300 sec total\n|\n|t:|1783572334\n|move|p1a: Tentacruel|Rapid Spin|p2a: Tatsugiri\n|-resisted|p2a: Tatsugiri\n|-damage|p2a: Tatsugiri|30/100\n|-boost|p1a: Tentacruel|spe|1\n|move|p2a: Tatsugiri|Nasty Plot|p2a: Tatsugiri\n|-boost|p2a: Tatsugiri|spa|2\n|\n|-heal|p1a: Tentacruel|88/272|[from] item: Leftovers\n|upkeep\n|turn|30\n|inactive|Time left: 300 sec this turn | 300 sec total\n|\n|t:|1783572335\n|move|p1a: Tentacruel|Haze|p1a: Tentacruel\n|-clearallboost\n|move|p2a: Tatsugiri|Rapid Spin|p1a: Tentacruel\n|-damage|p1a: Tentacruel|57/272\n|-boost|p2a: Tatsugiri|spe|1\n|\n|-heal|p1a: Tentacruel|74/272|[from] item: Leftovers\n|upkeep\n|turn|31\n|inactive|Time left: 300 sec this turn | 300 sec total\n|\n|t:|1783572336\n|move|p2a: Tatsugiri|Draco Meteor|p1a: Tentacruel|[miss]\n|-miss|p2a: Tatsugiri|p1a: Tentacruel\n|move|p1a: Tentacruel|Rapid Spin|p2a: Tatsugiri\n|-resisted|p2a: Tatsugiri\n|-damage|p2a: Tatsugiri|23/100\n|-boost|p1a: Tentacruel|spe|1\n|\n|-heal|p1a: Tentacruel|91/272|[from] item: Leftovers\n|upkeep\n|turn|32\n|inactive|Time left: 300 sec this turn | 300 sec total\n|\n|t:|1783572337\n|move|p1a: Tentacruel|Haze|p1a: Tentacruel\n|-clearallboost\n|move|p2a: Tatsugiri|Nasty Plot|p2a: Tatsugiri\n|-boost|p2a: Tatsugiri|spa|2\n|\n|-heal|p1a: Tentacruel|108/272|[from] item: Leftovers\n|upkeep\n|turn|33\n|inactive|Time left: 300 sec this turn | 300 sec total\n|\n|t:|1783572338\n|move|p1a: Tentacruel|Haze|p1a: Tentacruel\n|-clearallboost\n|move|p2a: Tatsugiri|Surf|p1a: Tentacruel\n|-resisted|p1a: Tentacruel\n|-damage|p1a: Tentacruel|60/272\n|\n|-heal|p1a: Tentacruel|77/272|[from] item: Leftovers\n|upkeep\n|turn|34\n|inactive|Time left: 300 sec this turn | 300 sec total\n|\n|t:|1783572339\n|move|p1a: Tentacruel|Rapid Spin|p2a: Tatsugiri\n|-resisted|p2a: Tatsugiri\n|-damage|p2a: Tatsugiri|16/100\n|-boost|p1a: Tentacruel|spe|1\n|move|p2a: Tatsugiri|Surf|p1a: Tentacruel\n|-resisted|p1a: Tentacruel\n|-damage|p1a: Tentacruel|33/272\n|\n|-heal|p1a: Tentacruel|50/272|[from] item: Leftovers\n|upkeep\n|turn|35\n|inactive|Time left: 300 sec this turn | 300 sec total\n|\n|t:|1783572340\n|move|p1a: Tentacruel|Rapid Spin|p2a: Tatsugiri\n|-resisted|p2a: Tatsugiri\n|-damage|p2a: Tatsugiri|9/100\n|-boost|p1a: Tentacruel|spe|1\n|move|p2a: Tatsugiri|Surf|p1a: Tentacruel\n|-resisted|p1a: Tentacruel\n|-damage|p1a: Tentacruel|0 fnt\n|faint|p1a: Tentacruel\n|\n|upkeep\n|inactive|Time left: 300 sec this turn | 300 sec total | 5 sec grace\n|\n|t:|1783572340\n|switch|p1a: Latias|Latias, L79, F|160/256\n|turn|36\n|inactive|Time left: 300 sec this turn | 300 sec total\n|\n|t:|1783572341\n|move|p1a: Latias|Psyshock|p2a: Tatsugiri\n|-resisted|p2a: Tatsugiri\n|-damage|p2a: Tatsugiri|0 fnt\n|faint|p2a: Tatsugiri\n|\n|upkeep\n|\n|t:|1783572342\n|switch|p2a: Cryogonal|Cryogonal, L89|100/100\n|turn|37\n|inactive|Time left: 300 sec this turn | 300 sec total\n|\n|t:|1783572343\n|move|p2a: Cryogonal|Freeze-Dry|p1a: Latias\n|-supereffective|p1a: Latias\n|-damage|p1a: Latias|22/256\n|move|p1a: Latias|Recover|p1a: Latias\n|-heal|p1a: Latias|150/256\n|\n|upkeep\n|turn|38\n|inactive|Time left: 300 sec this turn | 300 sec total\n|\n|t:|1783572344\n|move|p2a: Cryogonal|Freeze-Dry|p1a: Latias\n|-supereffective|p1a: Latias\n|-damage|p1a: Latias|24/256\n|move|p1a: Latias|Recover|p1a: Latias\n|-heal|p1a: Latias|152/256\n|\n|upkeep\n|turn|39\n|inactive|Time left: 300 sec this turn | 300 sec total\n|\n|t:|1783572345\n|move|p2a: Cryogonal|Freeze-Dry|p1a: Latias\n|-supereffective|p1a: Latias\n|-damage|p1a: Latias|30/256\n|move|p1a: Latias|Recover|p1a: Latias\n|-heal|p1a: Latias|158/256\n|\n|upkeep\n|turn|40\n|inactive|Time left: 300 sec this turn | 300 sec total\n|\n|t:|1783572346\n|move|p2a: Cryogonal|Freeze-Dry|p1a: Latias\n|-supereffective|p1a: Latias\n|-damage|p1a: Latias|38/256\n|move|p1a: Latias|Recover|p1a: Latias\n|-heal|p1a: Latias|166/256\n|\n|upkeep\n|turn|41\n|inactive|Time left: 300 sec this turn | 300 sec total\n|\n|t:|1783572347\n|move|p2a: Cryogonal|Freeze-Dry|p1a: Latias\n|-supereffective|p1a: Latias\n|-damage|p1a: Latias|32/256\n|move|p1a: Latias|Recover|p1a: Latias\n|-heal|p1a: Latias|160/256\n|\n|upkeep\n|turn|42\n|inactive|Time left: 300 sec this turn | 300 sec total\n|\n|t:|1783572348\n|move|p2a: Cryogonal|Freeze-Dry|p1a: Latias\n|-supereffective|p1a: Latias\n|-damage|p1a: Latias|22/256\n|move|p1a: Latias|Recover|p1a: Latias\n|-heal|p1a: Latias|150/256\n|\n|upkeep\n|turn|43\n|inactive|Time left: 300 sec this turn | 300 sec total\n|\n|t:|1783572348\n|move|p2a: Cryogonal|Freeze-Dry|p1a: Latias\n|-supereffective|p1a: Latias\n|-damage|p1a: Latias|10/256\n|move|p1a: Latias|Recover|p1a: Latias\n|-heal|p1a: Latias|138/256\n|\n|upkeep\n|turn|44\n|inactive|Time left: 300 sec this turn | 300 sec total\n|\n|t:|1783572349\n|move|p2a: Cryogonal|Freeze-Dry|p1a: Latias\n|-supereffective|p1a: Latias\n|-damage|p1a: Latias|12/256\n|-status|p1a: Latias|frz\n|cant|p1a: Latias|frz\n|\n|upkeep\n|turn|45\n|inactive|Time left: 300 sec this turn | 300 sec total\n|\n|t:|1783572350\n|move|p2a: Cryogonal|Flash Cannon|p1a: Latias\n|-damage|p1a: Latias|0 fnt\n|faint|p1a: Latias\n|\n|win|p0y2803ea72", "uploadtime": 1783572350, "views": 0, "rating": 0, "private": 0, "password": null, "_winner": "p0y2803ea72", "_our_name": "p0x2803c4ed"}