{"id": "battle-gen9randombattle-607", "formatid": "gen9randombattle", "format": "[Gen 9] Random Battle", "players": ["p0x60786a1", "p0y607caf5"], "log": "|init|battle\n|title|p0x60786a1 vs. p0y607caf5\n|j|\u2606p0x60786a1\n|j|\u2606p0y607caf5\n|t:|1783546848\n|gametype|singles\n|player|p1|p0x60786a1|170|\n|player|p2|p0y607caf5|266|\n|gen|9\n|tier|[Gen 9] Random Battle\n|rule|Species Clause: Limit one of each Pok\u00e9mon\n|rule|HP Percentage Mod: HP is shown in percentages\n|rule|Sleep Clause Mod: Limit one foe put to sleep\n|rule|Illusion Level Mod: Illusion disguises the Pok\u00e9mon's true level\n|\n|t:|1783546848\n|teamsize|p1|6\n|teamsize|p2|6\n|start\n|switch|p1a: Cresselia|Cresselia, L80, F|323/323\n|switch|p2a: Orthworm|Orthworm, L88, M|100/100\n|turn|1\n|inactive|Battle timer is ON: inactive players will automatically lose when time's up. (requested by p0x60786a1)\n|inactive|p0y607caf5 also wants the timer to be on.\n|\n|t:|1783546850\n|switch|p1a: Conkeldurr|Conkeldurr, L80, M|299/299\n|move|p2a: Orthworm|Stealth Rock|p1a: Conkeldurr\n|-sidestart|p1: p0x60786a1|move: Stealth Rock\n|\n|-status|p1a: Conkeldurr|brn|[from] item: Flame Orb\n|upkeep\n|turn|2\n|inactive|Time left: 300 sec this turn | 300 sec total\n|\n|t:|1783546851\n|move|p2a: Orthworm|Heavy Slam|p1a: Conkeldurr\n|-crit|p1a: Conkeldurr\n|-damage|p1a: Conkeldurr|182/299 brn\n|move|p1a: Conkeldurr|Close Combat|p2a: Orthworm\n|-supereffective|p2a: Orthworm\n|-damage|p2a: Orthworm|0 fnt\n|-unboost|p1a: Conkeldurr|def|1\n|-unboost|p1a: Conkeldurr|spd|1\n|faint|p2a: Orthworm\n|\n|-damage|p1a: Conkeldurr|164/299 brn|[from] brn\n|upkeep\n|\n|t:|1783546852\n|switch|p2a: Gothitelle|Gothitelle, L90, F|100/100\n|turn|3\n|inactive|Time left: 300 sec this turn | 300 sec total\n|\n|t:|1783546853\n|move|p2a: Gothitelle|Psychic Noise|p1a: Conkeldurr\n|-supereffective|p1a: Conkeldurr\n|-damage|p1a: Conkeldurr|0 fnt\n|faint|p1a: Conkeldurr\n|\n|upkeep\n|inactive|Time left: 300 sec this turn | 300 sec total | 5 sec grace\n|\n|t:|1783546854\n|switch|p1a: Garchomp|Garchomp, L74, F|282/282\n|-damage|p1a: Garchomp|265/282|[from] Stealth Rock\n|turn|4\n|inactive|Time left: 300 sec this turn | 300 sec total\n|\n|t:|1783546856\n|switch|p2a: Basculin|Basculin, L86, M|100/100\n|move|p1a: Garchomp|Outrage|p2a: Basculin\n|-damage|p2a: Basculin|41/100\n|\n|upkeep\n|turn|5\n|inactive|Time left: 300 sec this turn | 300 sec total\n|\n|t:|1783546857\n|move|p2a: Basculin|Wave Crash|p1a: Garchomp\n|-damage|p1a: Garchomp|0 fnt\n|-damage|p2a: Basculin|29/100|[from] ability: Rough Skin|[of] p1a: Garchomp\n|-damage|p2a: Basculin|13/100|[from] item: Rocky Helmet|[of] p1a: Garchomp\n|faint|p1a: Garchomp\n|-damage|p2a: Basculin|0 fnt|[from] Recoil\n|faint|p2a: Basculin\n|\n|upkeep\n|inactive|Time left: 300 sec this turn | 300 sec total | 5 sec grace\n|\n|t:|1783546858\n|switch|p2a: Eelektross|Eelektross, L87, M|100/100\n|switch|p1a: Cresselia|Cresselia, L80, F|323/323\n|-damage|p1a: Cresselia|283/323|[from] Stealth Rock\n|turn|6\n|inactive|Time left: 300 sec this turn | 300 sec total\n|\n|t:|1783546859\n|move|p1a: Cresselia|Calm Mind|p1a: Cresselia\n|-boost|p1a: Cresselia|spa|1\n|-boost|p1a: Cresselia|spd|1\n|move|p2a: Eelektross|Coil|p2a: Eelektross\n|-boost|p2a: Eelektross|atk|1\n|-boost|p2a: Eelektross|def|1\n|-boost|p2a: Eelektross|accuracy|1\n|\n|-heal|p1a: Cresselia|303/323|[from] item: Leftovers\n|upkeep\n|turn|7\n|inactive|Time left: 300 sec this turn | 300 sec total\n|\n|t:|1783546861\n|move|p1a: Cresselia|Calm Mind|p1a: Cresselia\n|-boost|p1a: Cresselia|spa|1\n|-boost|p1a: Cresselia|spd|1\n|move|p2a: Eelektross|Coil|p2a: Eelektross\n|-boost|p2a: Eelektross|atk|1\n|-boost|p2a: Eelektross|def|1\n|-boost|p2a: Eelektross|accuracy|1\n|\n|-heal|p1a: Cresselia|323/323|[from] item: Leftovers\n|upkeep\n|turn|8\n|inactive|Time left: 300 sec this turn | 300 sec total\n|\n|t:|1783546862\n|move|p1a: Cresselia|Psyshock|p2a: Eelektross\n|-damage|p2a: Eelektross|79/100\n|move|p2a: Eelektross|Supercell Slam|p1a: Cresselia\n|-damage|p1a: Cresselia|106/323\n|\n|-heal|p1a: Cresselia|126/323|[from] item: Leftovers\n|-heal|p2a: Eelektross|85/100|[from] item: Leftovers\n|upkeep\n|turn|9\n|inactive|Time left: 300 sec this turn | 300 sec total\n|\n|t:|1783546863\n|move|p1a: Cresselia|Moonlight|p1a: Cresselia\n|-heal|p1a: Cresselia|287/323\n|move|p2a: Eelektross|Supercell Slam|p1a: Cresselia\n|-damage|p1a: Cresselia|67/323\n|\n|-heal|p1a: Cresselia|87/323|[from] item: Leftovers\n|-heal|p2a: Eelektross|91/100|[from] item: Leftovers\n|upkeep\n|turn|10\n|inactive|Time left: 300 sec this turn | 300 sec total\n|\n|t:|1783546864\n|move|p1a: Cresselia|Psyshock|p2a: Eelektross\n|-damage|p2a: Eelektross|68/100\n|move|p2a: Eelektross|Supercell Slam|p1a: Cresselia\n|-damage|p1a: Cresselia|0 fnt\n|faint|p1a: Cresselia\n|\n|-heal|p2a: Eelektross|75/100|[from] item: Leftovers\n|upkeep\n|inactive|Time left: 300 sec this turn | 300 sec total | 5 sec grace\n|\n|t:|1783546865\n|switch|p1a: Gengar|Gengar, L81, F|230/230\n|-damage|p1a: Gengar|202/230|[from] Stealth Rock\n|turn|11\n|inactive|Time left: 300 sec this turn | 300 sec total\n|\n|t:|1783546866\n|move|p1a: Gengar|Sludge Wave|p2a: Eelektross\n|-damage|p2a: Eelektross|8/100\n|-status|p2a: Eelektross|psn\n|move|p2a: Eelektross|Supercell Slam|p1a: Gengar\n|-damage|p1a: Gengar|0 fnt\n|-start|p2a: Eelektross|Disable|Supercell Slam|[from] ability: Cursed Body|[of] p1a: Gengar\n|faint|p1a: Gengar\n|\n|-heal|p2a: Eelektross|14/100 psn|[from] item: Leftovers\n|-damage|p2a: Eelektross|2/100 psn|[from] psn\n|upkeep\n|inactive|Time left: 300 sec this turn | 300 sec total | 5 sec grace\n|\n|t:|1783546867\n|switch|p1a: Espeon|Espeon, L84, M|246/246\n|-damage|p1a: Espeon|216/246|[from] Stealth Rock\n|turn|12\n|inactive|Time left: 300 sec this turn | 300 sec total\n|\n|t:|1783546868\n|move|p1a: Espeon|Alluring Voice|p2a: Eelektross\n|-damage|p2a: Eelektross|0 fnt\n|faint|p2a: Eelektross\n|-damage|p1a: Espeon|192/246|[from] item: Life Orb\n|\n|upkeep\n|\n|t:|1783546869\n|switch|p2a: Furret|Furret, L94, M|100/100\n|-item|p1a: Espeon|Life Orb|[from] ability: Frisk|[of] p2a: Furret\n|turn|13\n|inactive|Time left: 300 sec this turn | 300 sec total\n|\n|t:|1783546870\n|move|p1a: Espeon|Psychic|p2a: Furret\n|-damage|p2a: Furret|35/100\n|-damage|p1a: Espeon|168/246|[from] item: Life Orb\n|move|p2a: Furret|Knock Off|p1a: Espeon\n|-supereffective|p1a: Espeon\n|-damage|p1a: Espeon|0 fnt\n|-enditem|p1a: Espeon|Life Orb|[from] move: Knock Off|[of] p2a: Furret\n|faint|p1a: Espeon\n|-damage|p2a: Furret|25/100|[from] item: Life Orb\n|\n|upkeep\n|inactive|Time left: 300 sec this turn | 300 sec total | 5 sec grace\n|\n|t:|1783546871\n|switch|p1a: Oinkologne|Oinkologne-F, L92, F|361/361\n|-damage|p1a: Oinkologne|316/361|[from] Stealth Rock\n|turn|14\n|inactive|Time left: 300 sec this turn | 300 sec total\n|\n|t:|1783546872\n|move|p2a: Furret|Double-Edge|p1a: Oinkologne\n|-damage|p1a: Oinkologne|137/361\n|-damage|p2a: Furret|7/100|[from] Recoil\n|-damage|p2a: Furret|0 fnt|[from] item: Life Orb\n|faint|p2a: Furret\n|move|p1a: Oinkologne|Body Slam|p2: Furret|[notarget]\n|-fail|p1a: Oinkologne\n|\n|-heal|p1a: Oinkologne|159/361|[from] item: Leftovers\n|upkeep\n|\n|t:|1783546873\n|switch|p2a: Pikachu|Pikachu, L93, F|100/100\n|turn|15\n|inactive|Time left: 300 sec this turn | 300 sec total\n|\n|t:|1783546874\n|-terastallize|p2a: Pikachu|Water\n|move|p2a: Pikachu|Volt Tackle|p1a: Oinkologne\n|-damage|p1a: Oinkologne|0 fnt\n|faint|p1a: Oinkologne\n|-damage|p2a: Pikachu|76/100|[from] Recoil\n|\n|win|p0y607caf5", "uploadtime": 1783546874, "views": 0, "rating": 0, "private": 0, "password": null, "_winner": "p0y607caf5", "_our_name": "p0x60786a1"}