{"id": "battle-gen9randombattle-1409", "formatid": "gen9randombattle", "format": "[Gen 9] Random Battle", "players": ["p0x14091444", "p0y1409d63a"], "log": "|init|battle\n|title|p0x14091444 vs. p0y1409d63a\n|j|\u2606p0x14091444\n|j|\u2606p0y1409d63a\n|t:|1783556418\n|gametype|singles\n|player|p1|p0x14091444|265|\n|player|p2|p0y1409d63a|2|\n|gen|9\n|tier|[Gen 9] Random Battle\n|rule|Species Clause: Limit one of each Pok\u00e9mon\n|rule|HP Percentage Mod: HP is shown in percentages\n|rule|Sleep Clause Mod: Limit one foe put to sleep\n|rule|Illusion Level Mod: Illusion disguises the Pok\u00e9mon's true level\n|\n|t:|1783556418\n|teamsize|p1|6\n|teamsize|p2|6\n|start\n|switch|p1a: Kommo-o|Kommo-o, L77, M|242/242\n|switch|p2a: Entei|Entei, L78|100/100\n|turn|1\n|inactive|Battle timer is ON: inactive players will automatically lose when time's up. (requested by p0x14091444)\n|inactive|p0y1409d63a also wants the timer to be on.\n|\n|t:|1783556420\n|move|p2a: Entei|Sacred Fire|p1a: Kommo-o\n|-resisted|p1a: Kommo-o\n|-damage|p1a: Kommo-o|176/242\n|move|p1a: Kommo-o|Swords Dance|p1a: Kommo-o\n|-boost|p1a: Kommo-o|atk|2\n|\n|upkeep\n|turn|2\n|inactive|Time left: 300 sec this turn | 300 sec total\n|\n|t:|1783556421\n|move|p2a: Entei|Sacred Fire|p1a: Kommo-o\n|-resisted|p1a: Kommo-o\n|-damage|p1a: Kommo-o|116/242\n|-status|p1a: Kommo-o|brn\n|move|p1a: Kommo-o|Scale Shot|p2a: Entei\n|-damage|p2a: Entei|92/100\n|-damage|p2a: Entei|83/100\n|-damage|p2a: Entei|73/100\n|-damage|p2a: Entei|65/100\n|-damage|p2a: Entei|56/100\n|-hitcount|p2a: Entei|5\n|-unboost|p1a: Kommo-o|def|1\n|-boost|p1a: Kommo-o|spe|1\n|\n|-damage|p1a: Kommo-o|101/242 brn|[from] brn\n|upkeep\n|turn|3\n|inactive|Time left: 300 sec this turn | 300 sec total\n|\n|t:|1783556422\n|move|p1a: Kommo-o|Close Combat|p2a: Entei\n|-damage|p2a: Entei|13/100\n|-unboost|p1a: Kommo-o|def|1\n|-unboost|p1a: Kommo-o|spd|1\n|move|p2a: Entei|Sacred Fire|p1a: Kommo-o\n|-resisted|p1a: Kommo-o\n|-crit|p1a: Kommo-o\n|-damage|p1a: Kommo-o|0 fnt\n|faint|p1a: Kommo-o\n|\n|upkeep\n|inactive|Time left: 300 sec this turn | 300 sec total | 5 sec grace\n|\n|t:|1783556423\n|switch|p1a: Emboar|Emboar, L84, F|322/322\n|turn|4\n|inactive|Time left: 300 sec this turn | 300 sec total\n|\n|t:|1783556424\n|move|p2a: Entei|Sacred Fire|p1a: Emboar\n|-resisted|p1a: Emboar\n|-damage|p1a: Emboar|224/322\n|move|p1a: Emboar|Flare Blitz|p2a: Entei\n|-resisted|p2a: Entei\n|-damage|p2a: Entei|0 fnt\n|faint|p2a: Entei\n|-damage|p1a: Emboar|211/322|[from] Recoil\n|\n|upkeep\n|\n|t:|1783556425\n|switch|p2a: Roaring Moon|Roaring Moon, L72|100/100\n|turn|5\n|inactive|Time left: 300 sec this turn | 300 sec total\n|\n|t:|1783556427\n|move|p2a: Roaring Moon|Outrage|p1a: Emboar\n|-damage|p1a: Emboar|0 fnt\n|faint|p1a: Emboar\n|\n|upkeep\n|inactive|Time left: 300 sec this turn | 300 sec total | 5 sec grace\n|\n|t:|1783556428\n|switch|p1a: Ampharos|Ampharos, L88, M|302/302\n|turn|6\n|inactive|Time left: 300 sec this turn | 300 sec total\n|\n|t:|1783556429\n|-terastallize|p1a: Ampharos|Fairy\n|move|p2a: Roaring Moon|Outrage|p1a: Ampharos|[from] lockedmove\n|-immune|p1a: Ampharos\n|-start|p2a: Roaring Moon|confusion|[fatigue]\n|move|p1a: Ampharos|Agility|p1a: Ampharos\n|-boost|p1a: Ampharos|spe|2\n|\n|upkeep\n|turn|7\n|inactive|Time left: 300 sec this turn | 300 sec total\n|\n|t:|1783556429\n|-end|p2a: Roaring Moon|Protosynthesis|[silent]\n|switch|p2a: Weezing|Weezing-Galar, L86, M|100/100\n|move|p1a: Ampharos|Thunderbolt|p2a: Weezing\n|-damage|p2a: Weezing|31/100\n|-damage|p1a: Ampharos|272/302|[from] item: Life Orb\n|\n|-heal|p2a: Weezing|37/100|[from] item: Leftovers\n|upkeep\n|turn|8\n|inactive|Time left: 300 sec this turn | 300 sec total\n|\n|t:|1783556430\n|move|p1a: Ampharos|Thunderbolt|p2a: Weezing\n|-damage|p2a: Weezing|0 fnt\n|faint|p2a: Weezing\n|-damage|p1a: Ampharos|242/302|[from] item: Life Orb\n|\n|upkeep\n|\n|t:|1783556431\n|switch|p2a: Rillaboom|Rillaboom, L79, F|100/100\n|-fieldstart|move: Grassy Terrain|[from] ability: Grassy Surge|[of] p2a: Rillaboom\n|turn|9\n|inactive|Time left: 300 sec this turn | 300 sec total\n|\n|t:|1783556432\n|move|p1a: Ampharos|Dazzling Gleam|p2a: Rillaboom\n|-damage|p2a: Rillaboom|41/100\n|-damage|p1a: Ampharos|212/302|[from] item: Life Orb\n|move|p2a: Rillaboom|Wood Hammer|p1a: Ampharos\n|-damage|p1a: Ampharos|0 fnt\n|-status|p2a: Rillaboom|par|[from] ability: Static|[of] p1a: Ampharos\n|faint|p1a: Ampharos\n|-damage|p2a: Rillaboom|16/100 par|[from] Recoil\n|\n|-heal|p2a: Rillaboom|23/100 par|[from] Grassy Terrain\n|upkeep\n|inactive|Time left: 300 sec this turn | 300 sec total | 5 sec grace\n|\n|t:|1783556432\n|switch|p1a: Azelf|Azelf, L82|257/257\n|turn|10\n|inactive|Time left: 300 sec this turn | 300 sec total\n|\n|t:|1783556433\n|move|p1a: Azelf|Dazzling Gleam|p2a: Rillaboom\n|-damage|p2a: Rillaboom|0 fnt\n|faint|p2a: Rillaboom\n|-damage|p1a: Azelf|232/257|[from] item: Life Orb\n|\n|upkeep\n|\n|t:|1783556434\n|switch|p2a: Porygon2|Porygon2, L81|100/100\n|-ability|p2a: Porygon2|Download|boost\n|-boost|p2a: Porygon2|spa|1\n|turn|11\n|inactive|Time left: 300 sec this turn | 300 sec total\n|\n|t:|1783556434\n|switch|p1a: Chimecho|Chimecho, L93, F|290/290\n|move|p2a: Porygon2|Ice Beam|p1a: Chimecho\n|-damage|p1a: Chimecho|211/290\n|\n|-heal|p1a: Chimecho|229/290|[from] item: Leftovers\n|upkeep\n|turn|12\n|inactive|Time left: 300 sec this turn | 300 sec total\n|\n|t:|1783556435\n|move|p1a: Chimecho|Calm Mind|p1a: Chimecho\n|-boost|p1a: Chimecho|spa|1\n|-boost|p1a: Chimecho|spd|1\n|move|p2a: Porygon2|Tri Attack|p1a: Chimecho\n|-damage|p1a: Chimecho|154/290\n|-status|p1a: Chimecho|brn\n|\n|-heal|p1a: Chimecho|172/290 brn|[from] item: Leftovers\n|-damage|p1a: Chimecho|154/290 brn|[from] brn\n|upkeep\n|turn|13\n|inactive|Time left: 300 sec this turn | 300 sec total\n|\n|t:|1783556436\n|switch|p2a: Roaring Moon|Roaring Moon, L72|100/100\n|move|p1a: Chimecho|Dazzling Gleam|p2a: Roaring Moon\n|-supereffective|p2a: Roaring Moon\n|-damage|p2a: Roaring Moon|0 fnt\n|faint|p2a: Roaring Moon\n|-end|p2a: Roaring Moon|Protosynthesis|[silent]\n|\n|-heal|p1a: Chimecho|172/290 brn|[from] item: Leftovers\n|-damage|p1a: Chimecho|154/290 brn|[from] brn\n|-fieldend|move: Grassy Terrain\n|upkeep\n|\n|t:|1783556437\n|switch|p2a: Dondozo|Dondozo, L78, F|100/100\n|turn|14\n|inactive|Time left: 300 sec this turn | 300 sec total\n|\n|t:|1783556438\n|move|p1a: Chimecho|Recover|p1a: Chimecho\n|-heal|p1a: Chimecho|290/290 brn\n|move|p2a: Dondozo|Curse|p2a: Dondozo\n|-unboost|p2a: Dondozo|spe|1\n|-boost|p2a: Dondozo|atk|1\n|-boost|p2a: Dondozo|def|1\n|\n|-damage|p1a: Chimecho|272/290 brn|[from] brn\n|upkeep\n|turn|15\n|inactive|Time left: 300 sec this turn | 300 sec total\n|\n|t:|1783556439\n|move|p1a: Chimecho|Calm Mind|p1a: Chimecho\n|-boost|p1a: Chimecho|spa|1\n|-boost|p1a: Chimecho|spd|1\n|move|p2a: Dondozo|Wave Crash|p1a: Chimecho\n|-damage|p1a: Chimecho|115/290 brn\n|-damage|p2a: Dondozo|86/100|[from] Recoil\n|\n|-heal|p1a: Chimecho|133/290 brn|[from] item: Leftovers\n|-heal|p2a: Dondozo|92/100|[from] item: Leftovers\n|-damage|p1a: Chimecho|115/290 brn|[from] brn\n|upkeep\n|turn|16\n|inactive|Time left: 300 sec this turn | 300 sec total\n|\n|t:|1783556440\n|move|p1a: Chimecho|Recover|p1a: Chimecho\n|-heal|p1a: Chimecho|260/290 brn\n|move|p2a: Dondozo|Wave Crash|p1a: Chimecho\n|-damage|p1a: Chimecho|106/290 brn\n|-damage|p2a: Dondozo|78/100|[from] Recoil\n|\n|-heal|p1a: Chimecho|124/290 brn|[from] item: Leftovers\n|-heal|p2a: Dondozo|84/100|[from] item: Leftovers\n|-damage|p1a: Chimecho|106/290 brn|[from] brn\n|upkeep\n|turn|17\n|inactive|Time left: 300 sec this turn | 300 sec total\n|\n|t:|1783556442\n|move|p1a: Chimecho|Recover|p1a: Chimecho\n|-heal|p1a: Chimecho|251/290 brn\n|move|p2a: Dondozo|Wave Crash|p1a: Chimecho\n|-damage|p1a: Chimecho|88/290 brn\n|-damage|p2a: Dondozo|69/100|[from] Recoil\n|\n|-heal|p1a: Chimecho|106/290 brn|[from] item: Leftovers\n|-heal|p2a: Dondozo|75/100|[from] item: Leftovers\n|-damage|p1a: Chimecho|88/290 brn|[from] brn\n|upkeep\n|turn|18\n|inactive|Time left: 300 sec this turn | 300 sec total\n|\n|t:|1783556443\n|move|p1a: Chimecho|Recover|p1a: Chimecho\n|-heal|p1a: Chimecho|233/290 brn\n|move|p2a: Dondozo|Wave Crash|p1a: Chimecho\n|-crit|p1a: Chimecho\n|-damage|p1a: Chimecho|0 fnt\n|faint|p1a: Chimecho\n|-damage|p2a: Dondozo|54/100|[from] Recoil\n|\n|-heal|p2a: Dondozo|60/100|[from] item: Leftovers\n|upkeep\n|inactive|Time left: 300 sec this turn | 300 sec total | 5 sec grace\n|\n|t:|1783556444\n|switch|p1a: Regieleki|Regieleki, L79|256/256\n|turn|19\n|inactive|Time left: 300 sec this turn | 300 sec total\n|\n|t:|1783556445\n|-terastallize|p2a: Dondozo|Fairy\n|move|p1a: Regieleki|Volt Switch|p2a: Dondozo\n|-damage|p2a: Dondozo|20/100\n|inactive|Time left: 300 sec this turn | 300 sec total | 5 sec grace\n|\n|t:|1783556446\n|switch|p1a: Azelf|Azelf, L82|232/257|[from] Volt Switch\n|move|p2a: Dondozo|Wave Crash|p1a: Azelf\n|-damage|p1a: Azelf|21/257\n|-damage|p2a: Dondozo|1/100|[from] Recoil\n|\n|-heal|p2a: Dondozo|7/100|[from] item: Leftovers\n|upkeep\n|turn|20\n|inactive|Time left: 300 sec this turn | 300 sec total\n|\n|t:|1783556447\n|move|p1a: Azelf|Nasty Plot|p1a: Azelf\n|-boost|p1a: Azelf|spa|2\n|move|p2a: Dondozo|Wave Crash|p1a: Azelf\n|-damage|p1a: Azelf|0 fnt\n|faint|p1a: Azelf\n|-damage|p2a: Dondozo|5/100|[from] Recoil\n|\n|-heal|p2a: Dondozo|11/100|[from] item: Leftovers\n|upkeep\n|inactive|Time left: 300 sec this turn | 300 sec total | 5 sec grace\n|\n|t:|1783556448\n|switch|p1a: Regieleki|Regieleki, L79|256/256\n|turn|21\n|inactive|Time left: 300 sec this turn | 300 sec total\n|\n|t:|1783556449\n|move|p1a: Regieleki|Volt Switch|p2a: Dondozo\n|-damage|p2a: Dondozo|0 fnt\n|faint|p2a: Dondozo\n|\n|upkeep\n|\n|t:|1783556450\n|switch|p2a: Porygon2|Porygon2, L81|100/100\n|-ability|p2a: Porygon2|Download|boost\n|-boost|p2a: Porygon2|spa|1\n|turn|22\n|inactive|Time left: 300 sec this turn | 300 sec total\n|\n|t:|1783556451\n|move|p1a: Regieleki|Thunderbolt|p2a: Porygon2\n|-damage|p2a: Porygon2|70/100\n|move|p2a: Porygon2|Tri Attack|p1a: Regieleki\n|-damage|p1a: Regieleki|70/256\n|\n|upkeep\n|turn|23\n|inactive|Time left: 300 sec this turn | 300 sec total\n|\n|t:|1783556452\n|move|p1a: Regieleki|Thunderbolt|p2a: Porygon2\n|-crit|p2a: Porygon2\n|-damage|p2a: Porygon2|20/100\n|move|p2a: Porygon2|Tri Attack|p1a: Regieleki\n|-damage|p1a: Regieleki|0 fnt\n|faint|p1a: Regieleki\n|\n|win|p0y1409d63a", "uploadtime": 1783556452, "views": 0, "rating": 0, "private": 0, "password": null, "_winner": "p0y1409d63a", "_our_name": "p0x14091444"}