{"id": "battle-gen9randombattle-118", "formatid": "gen9randombattle", "format": "[Gen 9] Random Battle", "players": ["p0x1182b64", "p0y1188b07"], "log": "|init|battle\n|title|p0x1182b64 vs. p0y1188b07\n|j|\u2606p0x1182b64\n|j|\u2606p0y1188b07\n|t:|1783540534\n|gametype|singles\n|player|p1|p0x1182b64|169|\n|player|p2|p0y1188b07|101|\n|gen|9\n|tier|[Gen 9] Random Battle\n|rule|Species Clause: Limit one of each Pok\u00e9mon\n|rule|HP Percentage Mod: HP is shown in percentages\n|rule|Sleep Clause Mod: Limit one foe put to sleep\n|rule|Illusion Level Mod: Illusion disguises the Pok\u00e9mon's true level\n|\n|t:|1783540535\n|teamsize|p1|6\n|teamsize|p2|6\n|start\n|switch|p1a: Luxray|Luxray, L88, M|283/283\n|switch|p2a: Hatterene|Hatterene, L85, F|100/100\n|turn|1\n|inactive|Battle timer is ON: inactive players will automatically lose when time's up. (requested by p0y1188b07)\n|inactive|Time left: 300 sec this turn | 300 sec total | 60 sec grace\n|\n|t:|1783540536\n|move|p1a: Luxray|Supercell Slam|p2a: Hatterene\n|-damage|p2a: Hatterene|42/100\n|move|p2a: Hatterene|Psychic|p1a: Luxray\n|-damage|p1a: Luxray|153/283\n|\n|-status|p1a: Luxray|brn|[from] item: Flame Orb\n|upkeep\n|turn|2\n|inactive|Time left: 300 sec this turn | 300 sec total\n|inactive|p0x1182b64 also wants the timer to be on.\n|\n|t:|1783540537\n|move|p1a: Luxray|Facade|p2a: Hatterene\n|-damage|p2a: Hatterene|0 fnt\n|faint|p2a: Hatterene\n|\n|-damage|p1a: Luxray|136/283 brn|[from] brn\n|upkeep\n|\n|t:|1783540538\n|switch|p2a: Perrserker|Perrserker, L89, F|100/100\n|turn|3\n|inactive|Time left: 300 sec this turn | 300 sec total\n|\n|t:|1783540539\n|switch|p1a: Falinks|Falinks, L84|246/246\n|move|p2a: Perrserker|Knock Off|p1a: Falinks\n|-resisted|p1a: Falinks\n|-damage|p1a: Falinks|165/246\n|-enditem|p1a: Falinks|Life Orb|[from] move: Knock Off|[of] p2a: Perrserker\n|\n|upkeep\n|turn|4\n|inactive|Time left: 300 sec this turn | 300 sec total\n|\n|t:|1783540541\n|switch|p2a: Reuniclus|Reuniclus, L88, F|100/100\n|move|p1a: Falinks|No Retreat|p1a: Falinks\n|-boost|p1a: Falinks|atk|1\n|-boost|p1a: Falinks|def|1\n|-boost|p1a: Falinks|spa|1\n|-boost|p1a: Falinks|spd|1\n|-boost|p1a: Falinks|spe|1\n|-start|p1a: Falinks|move: No Retreat\n|\n|upkeep\n|turn|5\n|inactive|Time left: 300 sec this turn | 300 sec total\n|\n|t:|1783540542\n|-terastallize|p1a: Falinks|Dark\n|move|p1a: Falinks|Knock Off|p2a: Reuniclus\n|-supereffective|p2a: Reuniclus\n|-damage|p2a: Reuniclus|6/100\n|-enditem|p2a: Reuniclus|Life Orb|[from] move: Knock Off|[of] p1a: Falinks\n|move|p2a: Reuniclus|Focus Blast|p1a: Falinks\n|-supereffective|p1a: Falinks\n|-damage|p1a: Falinks|0 fnt\n|faint|p1a: Falinks\n|\n|upkeep\n|inactive|Time left: 300 sec this turn | 300 sec total | 5 sec grace\n|\n|t:|1783540542\n|switch|p1a: Abomasnow|Abomasnow, L84, M|287/287\n|-weather|Snowscape|[from] ability: Snow Warning|[of] p1a: Abomasnow\n|turn|6\n|inactive|Time left: 300 sec this turn | 300 sec total\n|\n|t:|1783540543\n|move|p1a: Abomasnow|Aurora Veil|p1a: Abomasnow\n|-sidestart|p1: p0x1182b64|move: Aurora Veil\n|move|p2a: Reuniclus|Recover|p2a: Reuniclus\n|-heal|p2a: Reuniclus|56/100\n|\n|-weather|Snowscape|[upkeep]\n|upkeep\n|turn|7\n|inactive|Time left: 300 sec this turn | 300 sec total\n|\n|t:|1783540544\n|move|p1a: Abomasnow|Blizzard|p2a: Reuniclus\n|-damage|p2a: Reuniclus|23/100\n|move|p2a: Reuniclus|Recover|p2a: Reuniclus\n|-heal|p2a: Reuniclus|73/100\n|\n|-weather|Snowscape|[upkeep]\n|upkeep\n|turn|8\n|inactive|Time left: 300 sec this turn | 300 sec total\n|\n|t:|1783540545\n|switch|p1a: Luxray|Luxray, L88, M|136/283 brn\n|move|p2a: Reuniclus|Calm Mind|p2a: Reuniclus\n|-boost|p2a: Reuniclus|spa|1\n|-boost|p2a: Reuniclus|spd|1\n|\n|-weather|Snowscape|[upkeep]\n|-damage|p1a: Luxray|119/283 brn|[from] brn\n|upkeep\n|turn|9\n|inactive|Time left: 300 sec this turn | 300 sec total\n|\n|t:|1783540546\n|move|p1a: Luxray|Supercell Slam|p2a: Reuniclus\n|-damage|p2a: Reuniclus|7/100\n|move|p2a: Reuniclus|Psychic|p1a: Luxray\n|-damage|p1a: Luxray|20/283 brn\n|\n|-weather|Snowscape|[upkeep]\n|-damage|p1a: Luxray|3/283 brn|[from] brn\n|upkeep\n|turn|10\n|inactive|Time left: 300 sec this turn | 300 sec total\n|\n|t:|1783540547\n|move|p1a: Luxray|Supercell Slam|p2a: Reuniclus\n|-damage|p2a: Reuniclus|0 fnt\n|faint|p2a: Reuniclus\n|\n|-weather|none\n|-damage|p1a: Luxray|0 fnt|[from] brn\n|faint|p1a: Luxray\n|upkeep\n|inactive|Time left: 300 sec this turn | 300 sec total | 5 sec grace\n|\n|t:|1783540548\n|switch|p1a: Golduck|Golduck, L90, M|290/290\n|switch|p2a: Perrserker|Perrserker, L89, F|100/100\n|-ability|p1a: Golduck|Cloud Nine\n|turn|11\n|inactive|Time left: 300 sec this turn | 300 sec total\n|\n|t:|1783540549\n|move|p1a: Golduck|Nasty Plot|p1a: Golduck\n|-boost|p1a: Golduck|spa|2\n|move|p2a: Perrserker|Knock Off|p1a: Golduck\n|-damage|p1a: Golduck|206/290\n|-enditem|p1a: Golduck|Leftovers|[from] move: Knock Off|[of] p2a: Perrserker\n|\n|upkeep\n|turn|12\n|inactive|Time left: 300 sec this turn | 300 sec total\n|\n|t:|1783540550\n|move|p1a: Golduck|Hydro Pump|p2a: Perrserker\n|-damage|p2a: Perrserker|0 fnt\n|faint|p2a: Perrserker\n|\n|upkeep\n|\n|t:|1783540551\n|switch|p2a: Ribombee|Ribombee, L83, M|100/100\n|turn|13\n|inactive|Time left: 300 sec this turn | 300 sec total\n|\n|t:|1783540552\n|move|p2a: Ribombee|Quiver Dance|p2a: Ribombee\n|-boost|p2a: Ribombee|spa|1\n|-boost|p2a: Ribombee|spd|1\n|-boost|p2a: Ribombee|spe|1\n|move|p1a: Golduck|Hydro Pump|p2a: Ribombee\n|-damage|p2a: Ribombee|7/100\n|\n|-sideend|p1: p0x1182b64|move: Aurora Veil\n|upkeep\n|turn|14\n|inactive|Time left: 300 sec this turn | 300 sec total\n|\n|t:|1783540553\n|move|p2a: Ribombee|Moonblast|p1a: Golduck\n|-damage|p1a: Golduck|53/290\n|-unboost|p1a: Golduck|spa|1\n|move|p1a: Golduck|Ice Beam|p2a: Ribombee\n|-damage|p2a: Ribombee|0 fnt\n|faint|p2a: Ribombee\n|\n|upkeep\n|\n|t:|1783540554\n|switch|p2a: Cinccino|Cinccino, L83, F|100/100\n|turn|15\n|inactive|Time left: 300 sec this turn | 300 sec total\n|\n|t:|1783540555\n|switch|p1a: Abomasnow|Abomasnow, L84, M|287/287\n|-weather|Snowscape|[from] ability: Snow Warning|[of] p1a: Abomasnow\n|move|p2a: Cinccino|Bullet Seed|p1a: Abomasnow\n|-resisted|p1a: Abomasnow\n|-damage|p1a: Abomasnow|277/287\n|-resisted|p1a: Abomasnow\n|-damage|p1a: Abomasnow|266/287\n|-resisted|p1a: Abomasnow\n|-damage|p1a: Abomasnow|256/287\n|-resisted|p1a: Abomasnow\n|-damage|p1a: Abomasnow|247/287\n|-hitcount|p1a: Abomasnow|4\n|\n|-weather|Snowscape|[upkeep]\n|upkeep\n|turn|16\n|inactive|Time left: 300 sec this turn | 300 sec total\n|\n|t:|1783540556\n|move|p2a: Cinccino|U-turn|p1a: Abomasnow\n|-supereffective|p1a: Abomasnow\n|-damage|p1a: Abomasnow|167/287\n|\n|t:|1783540557\n|switch|p2a: Lucario|Lucario, L84, F|100/100|[from] U-turn\n|move|p1a: Abomasnow|Aurora Veil|p1a: Abomasnow\n|-sidestart|p1: p0x1182b64|move: Aurora Veil\n|\n|-weather|Snowscape|[upkeep]\n|upkeep\n|turn|17\n|inactive|Time left: 300 sec this turn | 300 sec total\n|\n|t:|1783540558\n|switch|p1a: Donphan|Donphan, L84, F|288/288\n|move|p2a: Lucario|Nasty Plot|p2a: Lucario\n|-boost|p2a: Lucario|spa|2\n|\n|-weather|Snowscape|[upkeep]\n|upkeep\n|turn|18\n|inactive|Time left: 300 sec this turn | 300 sec total\n|\n|t:|1783540559\n|-terastallize|p2a: Lucario|Fighting\n|move|p2a: Lucario|Aura Sphere|p1a: Donphan\n|-damage|p1a: Donphan|72/288\n|-damage|p2a: Lucario|91/100|[from] item: Life Orb\n|move|p1a: Donphan|Earthquake|p2a: Lucario\n|-damage|p2a: Lucario|35/100\n|\n|-weather|Snowscape|[upkeep]\n|-heal|p1a: Donphan|90/288|[from] item: Leftovers\n|upkeep\n|turn|19\n|inactive|Time left: 300 sec this turn | 300 sec total\n|\n|t:|1783540560\n|switch|p1a: Tentacruel|Tentacruel, L84, F|272/272\n|move|p2a: Lucario|Vacuum Wave|p1a: Tentacruel\n|-resisted|p1a: Tentacruel\n|-damage|p1a: Tentacruel|238/272\n|-damage|p2a: Lucario|26/100|[from] item: Life Orb\n|\n|-weather|none\n|-heal|p1a: Tentacruel|255/272|[from] item: Leftovers\n|upkeep\n|turn|20\n|inactive|Time left: 300 sec this turn | 300 sec total\n|\n|t:|1783540562\n|move|p2a: Lucario|Vacuum Wave|p1a: Tentacruel\n|-resisted|p1a: Tentacruel\n|-damage|p1a: Tentacruel|222/272\n|-damage|p2a: Lucario|16/100|[from] item: Life Orb\n|move|p1a: Tentacruel|Sludge Bomb|p2a: Lucario\n|-damage|p2a: Lucario|0 fnt\n|faint|p2a: Lucario\n|\n|-heal|p1a: Tentacruel|239/272|[from] item: Leftovers\n|upkeep\n|\n|t:|1783540563\n|switch|p2a: Cinccino|Cinccino, L83, F|100/100\n|turn|21\n|inactive|Time left: 300 sec this turn | 300 sec total\n|\n|t:|1783540564\n|move|p2a: Cinccino|Tail Slap|p1a: Tentacruel|[miss]\n|-miss|p2a: Cinccino|p1a: Tentacruel\n|move|p1a: Tentacruel|Sludge Bomb|p2a: Cinccino\n|-damage|p2a: Cinccino|61/100\n|-status|p2a: Cinccino|psn\n|\n|-heal|p1a: Tentacruel|256/272|[from] item: Leftovers\n|-damage|p2a: Cinccino|49/100 psn|[from] psn\n|upkeep\n|turn|22\n|inactive|Time left: 300 sec this turn | 300 sec total\n|\n|t:|1783540565\n|move|p2a: Cinccino|Tail Slap|p1a: Tentacruel\n|-damage|p1a: Tentacruel|232/272\n|-damage|p1a: Tentacruel|210/272\n|-damage|p1a: Tentacruel|188/272\n|-damage|p1a: Tentacruel|167/272\n|-hitcount|p1a: Tentacruel|4\n|move|p1a: Tentacruel|Sludge Bomb|p2a: Cinccino\n|-damage|p2a: Cinccino|9/100 psn\n|\n|-heal|p1a: Tentacruel|184/272|[from] item: Leftovers\n|-damage|p2a: Cinccino|0 fnt|[from] psn\n|faint|p2a: Cinccino\n|\n|win|p0x1182b64", "uploadtime": 1783540565, "views": 0, "rating": 0, "private": 0, "password": null, "_winner": "p0x1182b64", "_our_name": "p0x1182b64"}