{"id": "battle-gen9randombattle-101", "formatid": "gen9randombattle", "format": "[Gen 9] Random Battle", "players": ["p0x1015d00", "p0y101b594"], "log": "|init|battle\n|title|p0x1015d00 vs. p0y101b594\n|j|\u2606p0x1015d00\n|j|\u2606p0y101b594\n|t:|1783534437\n|gametype|singles\n|player|p1|p0x1015d00|2|\n|player|p2|p0y101b594|102|\n|gen|9\n|tier|[Gen 9] Random Battle\n|rule|Species Clause: Limit one of each Pok\u00e9mon\n|rule|HP Percentage Mod: HP is shown in percentages\n|rule|Sleep Clause Mod: Limit one foe put to sleep\n|rule|Illusion Level Mod: Illusion disguises the Pok\u00e9mon's true level\n|\n|t:|1783534437\n|teamsize|p1|6\n|teamsize|p2|6\n|start\n|switch|p1a: Furret|Furret, L94, F|100/100\n|switch|p2a: Blissey|Blissey, L85, F|572/572\n|-item|p2a: Blissey|Leftovers|[from] ability: Frisk|[of] p1a: Furret\n|turn|1\n|inactive|Battle timer is ON: inactive players will automatically lose when time's up. (requested by p0x1015d00)\n|inactive|Time left: 300 sec this turn | 300 sec total | 60 sec grace\n|inactive|p0y101b594 also wants the timer to be on.\n|\n|t:|1783534439\n|move|p1a: Furret|Knock Off|p2a: Blissey\n|-damage|p2a: Blissey|281/572\n|-enditem|p2a: Blissey|Leftovers|[from] move: Knock Off|[of] p1a: Furret\n|move|p2a: Blissey|Stealth Rock|p1a: Furret\n|-sidestart|p1: p0x1015d00|move: Stealth Rock\n|\n|upkeep\n|turn|2\n|inactive|Time left: 300 sec this turn | 300 sec total\n|\n|t:|1783534440\n|move|p1a: Furret|Knock Off|p2a: Blissey\n|-damage|p2a: Blissey|77/572\n|move|p2a: Blissey|Soft-Boiled|p2a: Blissey\n|-heal|p2a: Blissey|363/572\n|\n|upkeep\n|turn|3\n|inactive|Time left: 300 sec this turn | 300 sec total\n|\n|t:|1783534441\n|move|p1a: Furret|Knock Off|p2a: Blissey\n|-damage|p2a: Blissey|150/572\n|move|p2a: Blissey|Soft-Boiled|p2a: Blissey\n|-heal|p2a: Blissey|436/572\n|\n|upkeep\n|turn|4\n|inactive|Time left: 300 sec this turn | 300 sec total\n|\n|t:|1783534442\n|move|p1a: Furret|Knock Off|p2a: Blissey\n|-damage|p2a: Blissey|209/572\n|move|p2a: Blissey|Soft-Boiled|p2a: Blissey\n|-heal|p2a: Blissey|495/572\n|\n|upkeep\n|turn|5\n|inactive|Time left: 300 sec this turn | 300 sec total\n|\n|t:|1783534443\n|move|p1a: Furret|Knock Off|p2a: Blissey\n|-damage|p2a: Blissey|273/572\n|move|p2a: Blissey|Seismic Toss|p1a: Furret\n|-damage|p1a: Furret|73/100\n|\n|upkeep\n|turn|6\n|inactive|Time left: 300 sec this turn | 300 sec total\n|\n|t:|1783534444\n|move|p1a: Furret|Knock Off|p2a: Blissey\n|-damage|p2a: Blissey|69/572\n|move|p2a: Blissey|Soft-Boiled|p2a: Blissey\n|-heal|p2a: Blissey|355/572\n|\n|upkeep\n|turn|7\n|inactive|Time left: 300 sec this turn | 300 sec total\n|\n|t:|1783534445\n|move|p1a: Furret|Knock Off|p2a: Blissey\n|-damage|p2a: Blissey|153/572\n|move|p2a: Blissey|Soft-Boiled|p2a: Blissey\n|-heal|p2a: Blissey|439/572\n|\n|upkeep\n|turn|8\n|inactive|Time left: 300 sec this turn | 300 sec total\n|\n|t:|1783534446\n|move|p1a: Furret|Knock Off|p2a: Blissey\n|-damage|p2a: Blissey|212/572\n|move|p2a: Blissey|Soft-Boiled|p2a: Blissey\n|-heal|p2a: Blissey|498/572\n|\n|upkeep\n|turn|9\n|inactive|Time left: 300 sec this turn | 300 sec total\n|\n|t:|1783534447\n|move|p1a: Furret|Knock Off|p2a: Blissey\n|-damage|p2a: Blissey|278/572\n|move|p2a: Blissey|Soft-Boiled|p2a: Blissey\n|-heal|p2a: Blissey|564/572\n|\n|upkeep\n|turn|10\n|inactive|Time left: 300 sec this turn | 300 sec total\n|\n|t:|1783534448\n|switch|p2a: Reshiram|Reshiram, L76|277/277\n|-ability|p2a: Reshiram|Turboblaze\n|move|p1a: Furret|Knock Off|p2a: Reshiram\n|-damage|p2a: Reshiram|174/277\n|-enditem|p2a: Reshiram|Heavy-Duty Boots|[from] move: Knock Off|[of] p1a: Furret\n|\n|upkeep\n|turn|11\n|inactive|Time left: 300 sec this turn | 300 sec total\n|\n|t:|1783534449\n|move|p1a: Furret|Knock Off|p2a: Reshiram\n|-damage|p2a: Reshiram|101/277\n|move|p2a: Reshiram|Outrage|p1a: Furret\n|-damage|p1a: Furret|32/100\n|\n|upkeep\n|turn|12\n|inactive|Time left: 300 sec this turn | 300 sec total\n|\n|t:|1783534450\n|switch|p1a: Comfey|Comfey, L85, F|100/100\n|-damage|p1a: Comfey|88/100|[from] Stealth Rock\n|move|p2a: Reshiram|Outrage|p1a: Comfey|[from] lockedmove\n|-immune|p1a: Comfey\n|\n|-heal|p1a: Comfey|94/100|[from] item: Leftovers\n|upkeep\n|turn|13\n|inactive|Time left: 300 sec this turn | 300 sec total\n|\n|t:|1783534451\n|move|p1a: Comfey|Calm Mind|p1a: Comfey\n|-boost|p1a: Comfey|spa|1\n|-boost|p1a: Comfey|spd|1\n|move|p2a: Reshiram|Flare Blitz|p1a: Comfey\n|-damage|p1a: Comfey|38/100\n|-damage|p2a: Reshiram|59/277|[from] Recoil\n|\n|-heal|p1a: Comfey|44/100|[from] item: Leftovers\n|upkeep\n|turn|14\n|inactive|Time left: 300 sec this turn | 300 sec total\n|\n|t:|1783534452\n|move|p1a: Comfey|Draining Kiss|p2a: Reshiram\n|-damage|p2a: Reshiram|1/277\n|-heal|p1a: Comfey|64/100|[from] drain|[of] p2a: Reshiram\n|move|p2a: Reshiram|Flare Blitz|p1a: Comfey\n|-damage|p1a: Comfey|12/100\n|-damage|p2a: Reshiram|0 fnt|[from] Recoil\n|faint|p2a: Reshiram\n|\n|-heal|p1a: Comfey|19/100|[from] item: Leftovers\n|upkeep\n|inactive|Time left: 300 sec this turn | 300 sec total | 5 sec grace\n|\n|t:|1783534453\n|switch|p2a: Oinkologne|Oinkologne, L92, M|352/352\n|turn|15\n|inactive|Time left: 300 sec this turn | 300 sec total\n|\n|t:|1783534454\n|move|p1a: Comfey|Synthesis|p1a: Comfey\n|-heal|p1a: Comfey|68/100\n|move|p2a: Oinkologne|Body Slam|p1a: Comfey\n|-damage|p1a: Comfey|19/100\n|\n|-heal|p1a: Comfey|25/100|[from] item: Leftovers\n|upkeep\n|turn|16\n|inactive|Time left: 300 sec this turn | 300 sec total\n|\n|t:|1783534455\n|move|p1a: Comfey|Synthesis|p1a: Comfey\n|-heal|p1a: Comfey|75/100\n|move|p2a: Oinkologne|Body Slam|p1a: Comfey\n|-damage|p1a: Comfey|24/100\n|-status|p1a: Comfey|par\n|\n|-heal|p1a: Comfey|30/100 par|[from] item: Leftovers\n|upkeep\n|turn|17\n|inactive|Time left: 300 sec this turn | 300 sec total\n|\n|t:|1783534456\n|move|p1a: Comfey|Synthesis|p1a: Comfey\n|-heal|p1a: Comfey|80/100 par\n|move|p2a: Oinkologne|Body Slam|p1a: Comfey\n|-damage|p1a: Comfey|32/100 par\n|\n|-heal|p1a: Comfey|38/100 par|[from] item: Leftovers\n|upkeep\n|turn|18\n|inactive|Time left: 300 sec this turn | 300 sec total\n|\n|t:|1783534457\n|cant|p1a: Comfey|par\n|move|p2a: Oinkologne|Body Slam|p1a: Comfey\n|-damage|p1a: Comfey|0 fnt\n|faint|p1a: Comfey\n|\n|upkeep\n|\n|t:|1783534458\n|switch|p1a: Keldeo|Keldeo-Resolute, L79|100/100\n|-damage|p1a: Keldeo|94/100|[from] Stealth Rock\n|turn|19\n|inactive|Time left: 300 sec this turn | 300 sec total\n|\n|t:|1783534459\n|move|p1a: Keldeo|Secret Sword|p2a: Oinkologne\n|-supereffective|p2a: Oinkologne\n|-damage|p2a: Oinkologne|154/352\n|move|p2a: Oinkologne|Body Slam|p1a: Keldeo\n|-damage|p1a: Keldeo|51/100\n|-status|p1a: Keldeo|par\n|\n|-heal|p2a: Oinkologne|176/352|[from] item: Leftovers\n|-heal|p1a: Keldeo|58/100 par|[from] item: Leftovers\n|upkeep\n|turn|20\n|inactive|Time left: 300 sec this turn | 300 sec total\n|\n|t:|1783534460\n|move|p2a: Oinkologne|Body Slam|p1a: Keldeo\n|-damage|p1a: Keldeo|14/100 par\n|move|p1a: Keldeo|Secret Sword|p2a: Oinkologne\n|-supereffective|p2a: Oinkologne\n|-damage|p2a: Oinkologne|0 fnt\n|faint|p2a: Oinkologne\n|\n|-heal|p1a: Keldeo|21/100 par|[from] item: Leftovers\n|upkeep\n|inactive|Time left: 300 sec this turn | 300 sec total | 5 sec grace\n|\n|t:|1783534461\n|switch|p2a: Oricorio|Oricorio-Sensu, L85, F|266/266\n|turn|21\n|inactive|Time left: 300 sec this turn | 300 sec total\n|\n|t:|1783534462\n|move|p2a: Oricorio|Quiver Dance|p2a: Oricorio\n|-boost|p2a: Oricorio|spa|1\n|-boost|p2a: Oricorio|spd|1\n|-boost|p2a: Oricorio|spe|1\n|move|p1a: Keldeo|Calm Mind|p1a: Keldeo\n|-boost|p1a: Keldeo|spa|1\n|-boost|p1a: Keldeo|spd|1\n|\n|-heal|p1a: Keldeo|27/100 par|[from] item: Leftovers\n|upkeep\n|turn|22\n|inactive|Time left: 300 sec this turn | 300 sec total\n|\n|t:|1783534463\n|move|p2a: Oricorio|Revelation Dance|p1a: Keldeo\n|-damage|p1a: Keldeo|0 fnt\n|faint|p1a: Keldeo\n|\n|upkeep\n|\n|t:|1783534464\n|switch|p1a: Bisharp|Bisharp, L79, M|100/100\n|-damage|p1a: Bisharp|94/100|[from] Stealth Rock\n|turn|23\n|inactive|Time left: 300 sec this turn | 300 sec total\n|\n|t:|1783534465\n|-terastallize|p2a: Oricorio|Fighting\n|move|p2a: Oricorio|Revelation Dance|p1a: Bisharp\n|-supereffective|p1a: Bisharp\n|-damage|p1a: Bisharp|0 fnt\n|faint|p1a: Bisharp\n|\n|upkeep\n|\n|t:|1783534465\n|switch|p1a: Mismagius|Mismagius, L86, F|100/100\n|-damage|p1a: Mismagius|88/100|[from] Stealth Rock\n|turn|24\n|inactive|Time left: 300 sec this turn | 300 sec total\n|\n|t:|1783534467\n|move|p2a: Oricorio|Quiver Dance|p2a: Oricorio\n|-boost|p2a: Oricorio|spa|1\n|-boost|p2a: Oricorio|spd|1\n|-boost|p2a: Oricorio|spe|1\n|move|p1a: Mismagius|Dazzling Gleam|p2a: Oricorio\n|-supereffective|p2a: Oricorio\n|-damage|p2a: Oricorio|164/266\n|\n|upkeep\n|turn|25\n|inactive|Time left: 300 sec this turn | 300 sec total\n|\n|t:|1783534468\n|-terastallize|p1a: Mismagius|Fairy\n|move|p2a: Oricorio|Quiver Dance|p2a: Oricorio\n|-boost|p2a: Oricorio|spa|1\n|-boost|p2a: Oricorio|spd|1\n|-boost|p2a: Oricorio|spe|1\n|move|p1a: Mismagius|Dazzling Gleam|p2a: Oricorio\n|-supereffective|p2a: Oricorio\n|-damage|p2a: Oricorio|38/266\n|\n|upkeep\n|turn|26\n|inactive|Time left: 300 sec this turn | 300 sec total\n|\n|t:|1783534469\n|move|p2a: Oricorio|Hurricane|p1a: Mismagius\n|-damage|p1a: Mismagius|0 fnt\n|faint|p1a: Mismagius\n|\n|upkeep\n|\n|t:|1783534470\n|switch|p1a: Furret|Furret, L94, F|32/100\n|-damage|p1a: Furret|19/100|[from] Stealth Rock\n|-item|p2a: Oricorio|Heavy-Duty Boots|[from] ability: Frisk|[of] p1a: Furret\n|turn|27\n|inactive|Time left: 300 sec this turn | 300 sec total\n|\n|t:|1783534471\n|move|p2a: Oricorio|Revelation Dance|p1a: Furret\n|-supereffective|p1a: Furret\n|-damage|p1a: Furret|0 fnt\n|faint|p1a: Furret\n|\n|upkeep\n|\n|t:|1783534472\n|switch|p1a: Iron Jugulis|Iron Jugulis, L77|100/100\n|-damage|p1a: Iron Jugulis|76/100|[from] Stealth Rock\n|turn|28\n|inactive|Time left: 300 sec this turn | 300 sec total\n|\n|t:|1783534473\n|move|p2a: Oricorio|Revelation Dance|p1a: Iron Jugulis\n|-damage|p1a: Iron Jugulis|0 fnt\n|faint|p1a: Iron Jugulis\n|-end|p1a: Iron Jugulis|Quark Drive|[silent]\n|\n|win|p0y101b594", "uploadtime": 1783534473, "views": 0, "rating": 0, "private": 0, "password": null, "_winner": "p0y101b594", "_our_name": "p0y101b594"}