{"id": "battle-gen9randombattle-245", "formatid": "gen9randombattle", "format": "[Gen 9] Random Battle", "players": ["p0x245acce", "p0y245ac21"], "log": "|init|battle\n|title|p0x245acce vs. p0y245ac21\n|j|\u2606p0x245acce\n|j|\u2606p0y245ac21\n|t:|1783536113\n|gametype|singles\n|player|p1|p0x245acce|266|\n|player|p2|p0y245ac21|102|\n|gen|9\n|tier|[Gen 9] Random Battle\n|rule|Species Clause: Limit one of each Pok\u00e9mon\n|rule|HP Percentage Mod: HP is shown in percentages\n|rule|Sleep Clause Mod: Limit one foe put to sleep\n|rule|Illusion Level Mod: Illusion disguises the Pok\u00e9mon's true level\n|\n|t:|1783536113\n|teamsize|p1|6\n|teamsize|p2|6\n|start\n|switch|p1a: Arboliva|Arboliva, L91, F|100/100\n|switch|p2a: Meloetta|Meloetta, L82|298/298\n|turn|1\n|inactive|Battle timer is ON: inactive players will automatically lose when time's up. (requested by p0x245acce)\n|inactive|Time left: 300 sec this turn | 300 sec total | 60 sec grace\n|\n|t:|1783536115\n|move|p2a: Meloetta|Triple Axel|p1a: Arboliva\n|-supereffective|p1a: Arboliva\n|-damage|p1a: Arboliva|92/100\n|-fieldstart|move: Grassy Terrain|[from] ability: Seed Sower|[of] p1a: Arboliva\n|-supereffective|p1a: Arboliva\n|-damage|p1a: Arboliva|74/100\n|-supereffective|p1a: Arboliva\n|-damage|p1a: Arboliva|44/100\n|-hitcount|p1a: Arboliva|3\n|-damage|p2a: Meloetta|269/298|[from] item: Life Orb\n|move|p1a: Arboliva|Energy Ball|p2a: Meloetta\n|-damage|p2a: Meloetta|142/298\n|\n|-heal|p2a: Meloetta|160/298|[from] Grassy Terrain\n|-heal|p1a: Arboliva|50/100|[from] Grassy Terrain\n|-heal|p1a: Arboliva|56/100|[from] item: Leftovers\n|upkeep\n|turn|2\n|inactive|Time left: 300 sec this turn | 300 sec total\n|inactive|p0y245ac21 also wants the timer to be on.\n|\n|t:|1783536116\n|switch|p1a: Incineroar|Incineroar, L82, M|100/100\n|-ability|p1a: Incineroar|Intimidate|boost\n|-unboost|p2a: Meloetta|atk|1\n|move|p2a: Meloetta|Triple Axel|p1a: Incineroar\n|-resisted|p1a: Incineroar\n|-damage|p1a: Incineroar|98/100\n|-resisted|p1a: Incineroar\n|-damage|p1a: Incineroar|95/100\n|-hitcount|p1a: Incineroar|2\n|-damage|p2a: Meloetta|131/298|[from] item: Life Orb\n|\n|-heal|p2a: Meloetta|149/298|[from] Grassy Terrain\n|-heal|p1a: Incineroar|100/100|[from] Grassy Terrain\n|upkeep\n|turn|3\n|inactive|Time left: 300 sec this turn | 300 sec total\n|\n|t:|1783536117\n|switch|p2a: Arceus|Arceus-Rock, L74|300/300\n|move|p1a: Incineroar|Knock Off|p2a: Arceus\n|-damage|p2a: Arceus|204/300\n|\n|-heal|p2a: Arceus|222/300|[from] Grassy Terrain\n|upkeep\n|turn|4\n|inactive|Time left: 300 sec this turn | 300 sec total\n|\n|t:|1783536118\n|switch|p1a: Arboliva|Arboliva, L91, F|56/100\n|move|p2a: Arceus|Swords Dance|p2a: Arceus\n|-boost|p2a: Arceus|atk|2\n|\n|-heal|p2a: Arceus|240/300|[from] Grassy Terrain\n|-heal|p1a: Arboliva|63/100|[from] Grassy Terrain\n|-heal|p1a: Arboliva|69/100|[from] item: Leftovers\n|upkeep\n|turn|5\n|inactive|Time left: 300 sec this turn | 300 sec total\n|\n|t:|1783536119\n|-terastallize|p1a: Arboliva|Ground\n|move|p2a: Arceus|Stone Edge|p1a: Arboliva\n|-resisted|p1a: Arboliva\n|-damage|p1a: Arboliva|32/100\n|move|p1a: Arboliva|Energy Ball|p2a: Arceus\n|-supereffective|p2a: Arceus\n|-damage|p2a: Arceus|0 fnt\n|faint|p2a: Arceus\n|\n|-heal|p1a: Arboliva|38/100|[from] Grassy Terrain\n|-heal|p1a: Arboliva|44/100|[from] item: Leftovers\n|-fieldend|move: Grassy Terrain\n|upkeep\n|inactive|Time left: 300 sec this turn | 300 sec total | 5 sec grace\n|\n|t:|1783536120\n|switch|p2a: Golurk|Golurk, L87|297/297\n|turn|6\n|inactive|Time left: 300 sec this turn | 300 sec total\n|\n|t:|1783536121\n|switch|p1a: Mandibuzz|Mandibuzz, L85, F|100/100\n|move|p2a: Golurk|Poltergeist|p1a: Mandibuzz\n|-activate|p1a: Mandibuzz|move: Poltergeist|Heavy-Duty Boots\n|-resisted|p1a: Mandibuzz\n|-damage|p1a: Mandibuzz|73/100\n|\n|upkeep\n|turn|7\n|inactive|Time left: 300 sec this turn | 300 sec total\n|\n|t:|1783536122\n|move|p1a: Mandibuzz|Foul Play|p2a: Golurk\n|-supereffective|p2a: Golurk\n|-damage|p2a: Golurk|13/297\n|move|p2a: Golurk|Poltergeist|p1a: Mandibuzz\n|-activate|p1a: Mandibuzz|move: Poltergeist|Heavy-Duty Boots\n|-resisted|p1a: Mandibuzz\n|-damage|p1a: Mandibuzz|41/100\n|\n|upkeep\n|turn|8\n|inactive|Time left: 300 sec this turn | 300 sec total\n|\n|t:|1783536123\n|move|p1a: Mandibuzz|Foul Play|p2a: Golurk\n|-supereffective|p2a: Golurk\n|-damage|p2a: Golurk|0 fnt\n|faint|p2a: Golurk\n|\n|upkeep\n|inactive|Time left: 300 sec this turn | 300 sec total | 5 sec grace\n|\n|t:|1783536123\n|switch|p2a: Meloetta|Meloetta, L82|149/298\n|turn|9\n|inactive|Time left: 300 sec this turn | 300 sec total\n|\n|t:|1783536125\n|switch|p1a: Incineroar|Incineroar, L82, M|100/100\n|-ability|p1a: Incineroar|Intimidate|boost\n|-unboost|p2a: Meloetta|atk|1\n|move|p2a: Meloetta|Triple Axel|p1a: Incineroar\n|-resisted|p1a: Incineroar\n|-damage|p1a: Incineroar|99/100\n|-resisted|p1a: Incineroar\n|-damage|p1a: Incineroar|95/100\n|-resisted|p1a: Incineroar\n|-damage|p1a: Incineroar|90/100\n|-hitcount|p1a: Incineroar|3\n|-damage|p2a: Meloetta|120/298|[from] item: Life Orb\n|\n|upkeep\n|turn|10\n|inactive|Time left: 300 sec this turn | 300 sec total\n|\n|t:|1783536126\n|move|p2a: Meloetta|Relic Song|p1a: Incineroar\n|-crit|p1a: Incineroar\n|-damage|p1a: Incineroar|28/100\n|-formechange|p2a: Meloetta|Meloetta-Pirouette|[msg]\n|-damage|p2a: Meloetta|91/298|[from] item: Life Orb\n|move|p1a: Incineroar|Knock Off|p2a: Meloetta\n|-resisted|p2a: Meloetta\n|-damage|p2a: Meloetta|13/298\n|-enditem|p2a: Meloetta|Life Orb|[from] move: Knock Off|[of] p1a: Incineroar\n|\n|upkeep\n|turn|11\n|inactive|Time left: 300 sec this turn | 300 sec total\n|\n|t:|1783536127\n|move|p2a: Meloetta|Close Combat|p1a: Incineroar\n|-supereffective|p1a: Incineroar\n|-damage|p1a: Incineroar|0 fnt\n|-unboost|p2a: Meloetta|def|1\n|-unboost|p2a: Meloetta|spd|1\n|faint|p1a: Incineroar\n|\n|upkeep\n|\n|t:|1783536128\n|switch|p1a: Arboliva|Arboliva, L91, F, tera:Ground|44/100\n|turn|12\n|inactive|Time left: 300 sec this turn | 300 sec total\n|\n|t:|1783536129\n|move|p2a: Meloetta|Triple Axel|p1a: Arboliva\n|-supereffective|p1a: Arboliva\n|-damage|p1a: Arboliva|37/100\n|-fieldstart|move: Grassy Terrain|[from] ability: Seed Sower|[of] p1a: Arboliva\n|-supereffective|p1a: Arboliva\n|-damage|p1a: Arboliva|24/100\n|-supereffective|p1a: Arboliva\n|-damage|p1a: Arboliva|1/100\n|-hitcount|p1a: Arboliva|3\n|move|p1a: Arboliva|Strength Sap|p2a: Meloetta\n|-unboost|p2a: Meloetta|atk|1\n|-heal|p1a: Arboliva|60/100\n|\n|-heal|p2a: Meloetta|31/298|[from] Grassy Terrain\n|-heal|p1a: Arboliva|66/100|[from] Grassy Terrain\n|-heal|p1a: Arboliva|72/100|[from] item: Leftovers\n|upkeep\n|turn|13\n|inactive|Time left: 300 sec this turn | 300 sec total\n|\n|t:|1783536129\n|move|p2a: Meloetta|Relic Song|p1a: Arboliva\n|-damage|p1a: Arboliva|56/100\n|-formechange|p2a: Meloetta|Meloetta|[msg]\n|move|p1a: Arboliva|Strength Sap|p2a: Meloetta\n|-unboost|p2a: Meloetta|atk|1\n|-heal|p1a: Arboliva|86/100\n|\n|-heal|p2a: Meloetta|49/298|[from] Grassy Terrain\n|-heal|p1a: Arboliva|92/100|[from] Grassy Terrain\n|-heal|p1a: Arboliva|98/100|[from] item: Leftovers\n|upkeep\n|turn|14\n|inactive|Time left: 300 sec this turn | 300 sec total\n|\n|t:|1783536130\n|switch|p2a: Ho-Oh|Ho-Oh, L71|268/268\n|move|p1a: Arboliva|Hyper Voice|p2a: Ho-Oh\n|-damage|p2a: Ho-Oh|169/268\n|\n|-heal|p1a: Arboliva|100/100|[from] Grassy Terrain\n|upkeep\n|turn|15\n|inactive|Time left: 300 sec this turn | 300 sec total\n|\n|t:|1783536131\n|move|p2a: Ho-Oh|Recover|p2a: Ho-Oh\n|-heal|p2a: Ho-Oh|268/268\n|move|p1a: Arboliva|Hyper Voice|p2a: Ho-Oh\n|-damage|p2a: Ho-Oh|163/268\n|\n|upkeep\n|turn|16\n|inactive|Time left: 300 sec this turn | 300 sec total\n|\n|t:|1783536132\n|move|p2a: Ho-Oh|Recover|p2a: Ho-Oh\n|-heal|p2a: Ho-Oh|268/268\n|move|p1a: Arboliva|Hyper Voice|p2a: Ho-Oh\n|-damage|p2a: Ho-Oh|157/268\n|\n|-fieldend|move: Grassy Terrain\n|upkeep\n|turn|17\n|inactive|Time left: 300 sec this turn | 300 sec total\n|\n|t:|1783536133\n|move|p2a: Ho-Oh|Recover|p2a: Ho-Oh\n|-heal|p2a: Ho-Oh|268/268\n|move|p1a: Arboliva|Hyper Voice|p2a: Ho-Oh\n|-damage|p2a: Ho-Oh|160/268\n|\n|upkeep\n|turn|18\n|inactive|Time left: 300 sec this turn | 300 sec total\n|\n|t:|1783536134\n|move|p2a: Ho-Oh|Recover|p2a: Ho-Oh\n|-heal|p2a: Ho-Oh|268/268\n|move|p1a: Arboliva|Hyper Voice|p2a: Ho-Oh\n|-damage|p2a: Ho-Oh|159/268\n|\n|upkeep\n|turn|19\n|inactive|Time left: 300 sec this turn | 300 sec total\n|\n|t:|1783536135\n|move|p2a: Ho-Oh|Recover|p2a: Ho-Oh\n|-heal|p2a: Ho-Oh|268/268\n|move|p1a: Arboliva|Hyper Voice|p2a: Ho-Oh\n|-damage|p2a: Ho-Oh|160/268\n|\n|upkeep\n|turn|20\n|inactive|Time left: 300 sec this turn | 300 sec total\n|\n|t:|1783536136\n|move|p2a: Ho-Oh|Recover|p2a: Ho-Oh\n|-heal|p2a: Ho-Oh|268/268\n|move|p1a: Arboliva|Hyper Voice|p2a: Ho-Oh\n|-damage|p2a: Ho-Oh|156/268\n|\n|upkeep\n|turn|21\n|inactive|Time left: 300 sec this turn | 300 sec total\n|\n|t:|1783536138\n|move|p2a: Ho-Oh|Recover|p2a: Ho-Oh\n|-heal|p2a: Ho-Oh|268/268\n|move|p1a: Arboliva|Hyper Voice|p2a: Ho-Oh\n|-damage|p2a: Ho-Oh|160/268\n|\n|upkeep\n|turn|22\n|inactive|Time left: 300 sec this turn | 300 sec total\n|\n|t:|1783536139\n|move|p2a: Ho-Oh|Recover|p2a: Ho-Oh\n|-heal|p2a: Ho-Oh|268/268\n|move|p1a: Arboliva|Hyper Voice|p2a: Ho-Oh\n|-damage|p2a: Ho-Oh|165/268\n|\n|upkeep\n|turn|23\n|inactive|Time left: 300 sec this turn | 300 sec total\n|\n|t:|1783536140\n|switch|p2a: Slither Wing|Slither Wing, L81|270/270\n|move|p1a: Arboliva|Hyper Voice|p2a: Slither Wing\n|-damage|p2a: Slither Wing|147/270\n|\n|upkeep\n|turn|24\n|inactive|Time left: 300 sec this turn | 300 sec total\n|\n|t:|1783536141\n|move|p2a: Slither Wing|Morning Sun|p2a: Slither Wing\n|-heal|p2a: Slither Wing|270/270\n|move|p1a: Arboliva|Hyper Voice|p2a: Slither Wing\n|-damage|p2a: Slither Wing|137/270\n|\n|upkeep\n|turn|25\n|inactive|Time left: 300 sec this turn | 300 sec total\n|\n|t:|1783536143\n|move|p2a: Slither Wing|Morning Sun|p2a: Slither Wing\n|-heal|p2a: Slither Wing|270/270\n|move|p1a: Arboliva|Hyper Voice|p2a: Slither Wing\n|-damage|p2a: Slither Wing|155/270\n|\n|upkeep\n|turn|26\n|inactive|Time left: 300 sec this turn | 300 sec total\n|\n|t:|1783536144\n|move|p2a: Slither Wing|Morning Sun|p2a: Slither Wing\n|-heal|p2a: Slither Wing|270/270\n|move|p1a: Arboliva|Hyper Voice|p2a: Slither Wing\n|-damage|p2a: Slither Wing|138/270\n|\n|upkeep\n|turn|27\n|inactive|Time left: 300 sec this turn | 300 sec total\n|\n|t:|1783536145\n|move|p2a: Slither Wing|Morning Sun|p2a: Slither Wing\n|-heal|p2a: Slither Wing|270/270\n|move|p1a: Arboliva|Hyper Voice|p2a: Slither Wing\n|-damage|p2a: Slither Wing|150/270\n|\n|upkeep\n|turn|28\n|inactive|Time left: 300 sec this turn | 300 sec total\n|\n|t:|1783536146\n|move|p2a: Slither Wing|Morning Sun|p2a: Slither Wing\n|-heal|p2a: Slither Wing|270/270\n|move|p1a: Arboliva|Hyper Voice|p2a: Slither Wing\n|-damage|p2a: Slither Wing|158/270\n|\n|upkeep\n|turn|29\n|inactive|Time left: 300 sec this turn | 300 sec total\n|\n|t:|1783536148\n|move|p2a: Slither Wing|Morning Sun|p2a: Slither Wing\n|-heal|p2a: Slither Wing|270/270\n|move|p1a: Arboliva|Hyper Voice|p2a: Slither Wing\n|-crit|p2a: Slither Wing\n|-damage|p2a: Slither Wing|83/270\n|\n|upkeep\n|turn|30\n|inactive|Time left: 300 sec this turn | 300 sec total\n|\n|t:|1783536149\n|move|p2a: Slither Wing|Morning Sun|p2a: Slither Wing\n|-heal|p2a: Slither Wing|218/270\n|move|p1a: Arboliva|Earth Power|p2a: Slither Wing\n|-resisted|p2a: Slither Wing\n|-damage|p2a: Slither Wing|161/270\n|\n|upkeep\n|turn|31\n|inactive|Time left: 300 sec this turn | 300 sec total\n|\n|t:|1783536150\n|move|p2a: Slither Wing|Morning Sun|p2a: Slither Wing\n|-heal|p2a: Slither Wing|270/270\n|move|p1a: Arboliva|Strength Sap|p2a: Slither Wing\n|-unboost|p2a: Slither Wing|atk|1\n|\n|upkeep\n|turn|32\n|inactive|Time left: 300 sec this turn | 300 sec total\n|\n|t:|1783536151\n|-end|p2a: Slither Wing|Protosynthesis|[silent]\n|switch|p2a: Ho-Oh|Ho-Oh, L71|254/268\n|move|p1a: Arboliva|Energy Ball|p2a: Ho-Oh\n|-resisted|p2a: Ho-Oh\n|-damage|p2a: Ho-Oh|228/268\n|\n|upkeep\n|turn|33\n|inactive|Time left: 300 sec this turn | 300 sec total\n|\n|t:|1783536152\n|move|p2a: Ho-Oh|Sacred Fire|p1a: Arboliva\n|-damage|p1a: Arboliva|72/100\n|-status|p1a: Arboliva|brn\n|-fieldstart|move: Grassy Terrain|[from] ability: Seed Sower|[of] p1a: Arboliva\n|move|p1a: Arboliva|Strength Sap|p2a: Ho-Oh\n|-unboost|p2a: Ho-Oh|atk|1\n|-heal|p1a: Arboliva|100/100 brn\n|\n|-damage|p1a: Arboliva|94/100 brn|[from] brn\n|upkeep\n|turn|34\n|inactive|Time left: 300 sec this turn | 300 sec total\n|\n|t:|1783536153\n|move|p2a: Ho-Oh|Sacred Fire|p1a: Arboliva\n|-damage|p1a: Arboliva|76/100 brn\n|move|p1a: Arboliva|Strength Sap|p2a: Ho-Oh\n|-unboost|p2a: Ho-Oh|atk|1\n|-heal|p1a: Arboliva|100/100 brn\n|\n|-damage|p1a: Arboliva|94/100 brn|[from] brn\n|upkeep\n|turn|35\n|inactive|Time left: 300 sec this turn | 300 sec total\n|\n|t:|1783536155\n|switch|p2a: Slither Wing|Slither Wing, L81|270/270\n|move|p1a: Arboliva|Energy Ball|p2a: Slither Wing\n|-resisted|p2a: Slither Wing\n|-damage|p2a: Slither Wing|190/270\n|-unboost|p2a: Slither Wing|spd|1\n|\n|-heal|p2a: Slither Wing|206/270|[from] Grassy Terrain\n|-heal|p1a: Arboliva|100/100 brn|[from] Grassy Terrain\n|-damage|p1a: Arboliva|94/100 brn|[from] brn\n|upkeep\n|turn|36\n|inactive|Time left: 300 sec this turn | 300 sec total\n|\n|t:|1783536156\n|move|p2a: Slither Wing|U-turn|p1a: Arboliva\n|-damage|p1a: Arboliva|65/100 brn\n|inactive|Time left: 300 sec this turn | 300 sec total | 5 sec grace\n|\n|t:|1783536157\n|-end|p2a: Slither Wing|Protosynthesis|[silent]\n|switch|p2a: Ho-Oh|Ho-Oh, L71|268/268|[from] U-turn\n|move|p1a: Arboliva|Energy Ball|p2a: Ho-Oh\n|-resisted|p2a: Ho-Oh\n|-damage|p2a: Ho-Oh|237/268\n|\n|-heal|p1a: Arboliva|71/100 brn|[from] Grassy Terrain\n|-heal|p1a: Arboliva|77/100 brn|[from] item: Leftovers\n|-damage|p1a: Arboliva|71/100 brn|[from] brn\n|upkeep\n|turn|37\n|inactive|Time left: 300 sec this turn | 300 sec total\n|\n|t:|1783536157\n|move|p2a: Ho-Oh|Brave Bird|p1a: Arboliva\n|-damage|p1a: Arboliva|35/100 brn\n|-damage|p2a: Ho-Oh|202/268|[from] Recoil\n|move|p1a: Arboliva|Strength Sap|p2a: Ho-Oh\n|-unboost|p2a: Ho-Oh|atk|1\n|-heal|p1a: Arboliva|100/100 brn\n|\n|-damage|p1a: Arboliva|94/100 brn|[from] brn\n|-fieldend|move: Grassy Terrain\n|upkeep\n|turn|38\n|inactive|Time left: 300 sec this turn | 300 sec total\n|\n|t:|1783536158\n|move|p2a: Ho-Oh|Sacred Fire|p1a: Arboliva\n|-damage|p1a: Arboliva|75/100 brn\n|-fieldstart|move: Grassy Terrain|[from] ability: Seed Sower|[of] p1a: Arboliva\n|move|p1a: Arboliva|Energy Ball|p2a: Ho-Oh\n|-resisted|p2a: Ho-Oh\n|-damage|p2a: Ho-Oh|167/268\n|\n|-heal|p1a: Arboliva|81/100 brn|[from] Grassy Terrain\n|-heal|p1a: Arboliva|87/100 brn|[from] item: Leftovers\n|-damage|p1a: Arboliva|81/100 brn|[from] brn\n|upkeep\n|turn|39\n|inactive|Time left: 300 sec this turn | 300 sec total\n|\n|t:|1783536159\n|switch|p2a: Slither Wing|Slither Wing, L81|206/270\n|move|p1a: Arboliva|Energy Ball|p2a: Slither Wing\n|-resisted|p2a: Slither Wing\n|-damage|p2a: Slither Wing|125/270\n|\n|-heal|p2a: Slither Wing|141/270|[from] Grassy Terrain\n|-heal|p1a: Arboliva|87/100 brn|[from] Grassy Terrain\n|-heal|p1a: Arboliva|93/100 brn|[from] item: Leftovers\n|-damage|p1a: Arboliva|87/100 brn|[from] brn\n|upkeep\n|turn|40\n|inactive|Time left: 300 sec this turn | 300 sec total\n|\n|t:|1783536160\n|move|p2a: Slither Wing|Close Combat|p1a: Arboliva\n|-damage|p1a: Arboliva|37/100 brn\n|-unboost|p2a: Slither Wing|def|1\n|-unboost|p2a: Slither Wing|spd|1\n|move|p1a: Arboliva|Strength Sap|p2a: Slither Wing\n|-unboost|p2a: Slither Wing|atk|1\n|-heal|p1a: Arboliva|100/100 brn\n|\n|-heal|p2a: Slither Wing|157/270|[from] Grassy Terrain\n|-damage|p1a: Arboliva|94/100 brn|[from] brn\n|upkeep\n|turn|41\n|inactive|Time left: 300 sec this turn | 300 sec total\n|\n|t:|1783536161\n|-end|p2a: Slither Wing|Protosynthesis|[silent]\n|switch|p2a: Ho-Oh|Ho-Oh, L71|256/268\n|move|p1a: Arboliva|Energy Ball|p2a: Ho-Oh\n|-resisted|p2a: Ho-Oh\n|-damage|p2a: Ho-Oh|222/268\n|\n|-heal|p1a: Arboliva|100/100 brn|[from] Grassy Terrain\n|-damage|p1a: Arboliva|94/100 brn|[from] brn\n|upkeep\n|turn|42\n|inactive|Time left: 300 sec this turn | 300 sec total\n|\n|t:|1783536162\n|move|p2a: Ho-Oh|Sacred Fire|p1a: Arboliva\n|-damage|p1a: Arboliva|61/100 brn\n|move|p1a: Arboliva|Strength Sap|p2a: Ho-Oh\n|-unboost|p2a: Ho-Oh|atk|1\n|-heal|p1a: Arboliva|100/100 brn\n|\n|-damage|p1a: Arboliva|94/100 brn|[from] brn\n|-fieldend|move: Grassy Terrain\n|upkeep\n|turn|43\n|inactive|Time left: 300 sec this turn | 300 sec total\n|\n|t:|1783536163\n|switch|p2a: Slither Wing|Slither Wing, L81|157/270\n|move|p1a: Arboliva|Strength Sap|p2a: Slither Wing\n|-unboost|p2a: Slither Wing|atk|1\n|-heal|p1a: Arboliva|100/100 brn\n|\n|-damage|p1a: Arboliva|94/100 brn|[from] brn\n|upkeep\n|turn|44\n|inactive|Time left: 300 sec this turn | 300 sec total\n|\n|t:|1783536164\n|move|p2a: Slither Wing|U-turn|p1a: Arboliva\n|-damage|p1a: Arboliva|76/100 brn\n|-fieldstart|move: Grassy Terrain|[from] ability: Seed Sower|[of] p1a: Arboliva\n|inactive|Time left: 300 sec this turn | 300 sec total | 5 sec grace\n|\n|t:|1783536165\n|-end|p2a: Slither Wing|Protosynthesis|[silent]\n|switch|p2a: Ho-Oh|Ho-Oh, L71|268/268|[from] U-turn\n|move|p1a: Arboliva|Strength Sap|p2a: Ho-Oh\n|-unboost|p2a: Ho-Oh|atk|1\n|-heal|p1a: Arboliva|100/100 brn\n|\n|-damage|p1a: Arboliva|94/100 brn|[from] brn\n|upkeep\n|turn|45\n|inactive|Time left: 300 sec this turn | 300 sec total\n|\n|t:|1783536166\n|switch|p2a: Slither Wing|Slither Wing, L81|157/270\n|move|p1a: Arboliva|Strength Sap|p2a: Slither Wing\n|-unboost|p2a: Slither Wing|atk|1\n|-heal|p1a: Arboliva|100/100 brn\n|\n|-heal|p2a: Slither Wing|173/270|[from] Grassy Terrain\n|-damage|p1a: Arboliva|94/100 brn|[from] brn\n|upkeep\n|turn|46\n|inactive|Time left: 300 sec this turn | 300 sec total\n|\n|t:|1783536167\n|move|p2a: Slither Wing|U-turn|p1a: Arboliva\n|-damage|p1a: Arboliva|75/100 brn\n|inactive|Time left: 300 sec this turn | 300 sec total | 5 sec grace\n|\n|t:|1783536168\n|-end|p2a: Slither Wing|Protosynthesis|[silent]\n|switch|p2a: Ho-Oh|Ho-Oh, L71|268/268|[from] U-turn\n|move|p1a: Arboliva|Earth Power|p2a: Ho-Oh\n|-immune|p2a: Ho-Oh\n|\n|-heal|p1a: Arboliva|81/100 brn|[from] Grassy Terrain\n|-heal|p1a: Arboliva|87/100 brn|[from] item: Leftovers\n|-damage|p1a: Arboliva|81/100 brn|[from] brn\n|upkeep\n|turn|47\n|inactive|Time left: 300 sec this turn | 300 sec total\n|\n|t:|1783536169\n|move|p2a: Ho-Oh|Brave Bird|p1a: Arboliva\n|-damage|p1a: Arboliva|43/100 brn\n|-damage|p2a: Ho-Oh|231/268|[from] Recoil\n|move|p1a: Arboliva|Strength Sap|p2a: Ho-Oh\n|-unboost|p2a: Ho-Oh|atk|1\n|-heal|p1a: Arboliva|100/100 brn\n|\n|-damage|p1a: Arboliva|94/100 brn|[from] brn\n|upkeep\n|turn|48\n|inactive|Time left: 300 sec this turn | 300 sec total\n|\n|t:|1783536170\n|switch|p2a: Slither Wing|Slither Wing, L81|173/270\n|move|p1a: Arboliva|Earth Power|p2a: Slither Wing\n|-resisted|p2a: Slither Wing\n|-damage|p2a: Slither Wing|109/270\n|\n|-heal|p2a: Slither Wing|125/270|[from] Grassy Terrain\n|-heal|p1a: Arboliva|100/100 brn|[from] Grassy Terrain\n|-damage|p1a: Arboliva|94/100 brn|[from] brn\n|-fieldend|move: Grassy Terrain\n|upkeep\n|turn|49\n|inactive|Time left: 300 sec this turn | 300 sec total\n|\n|t:|1783536171\n|-end|p2a: Slither Wing|Protosynthesis|[silent]\n|switch|p2a: Ho-Oh|Ho-Oh, L71|268/268\n|move|p1a: Arboliva|Strength Sap|p2a: Ho-Oh\n|-unboost|p2a: Ho-Oh|atk|1\n|-heal|p1a: Arboliva|100/100 brn\n|\n|-damage|p1a: Arboliva|94/100 brn|[from] brn\n|upkeep\n|turn|50\n|inactive|Time left: 300 sec this turn | 300 sec total\n|\n|t:|1783536172\n|move|p2a: Ho-Oh|Brave Bird|p1a: Arboliva\n|-damage|p1a: Arboliva|71/100 brn\n|-fieldstart|move: Grassy Terrain|[from] ability: Seed Sower|[of] p1a: Arboliva\n|-damage|p2a: Ho-Oh|246/268|[from] Recoil\n|move|p1a: Arboliva|Strength Sap|p2a: Ho-Oh\n|-unboost|p2a: Ho-Oh|atk|1\n|-heal|p1a: Arboliva|100/100 brn\n|\n|-damage|p1a: Arboliva|94/100 brn|[from] brn\n|upkeep\n|turn|51\n|inactive|Time left: 300 sec this turn | 300 sec total\n|\n|t:|1783536173\n|switch|p2a: Slither Wing|Slither Wing, L81|125/270\n|move|p1a: Arboliva|Energy Ball|p2a: Slither Wing\n|-resisted|p2a: Slither Wing\n|-damage|p2a: Slither Wing|42/270\n|\n|-heal|p2a: Slither Wing|58/270|[from] Grassy Terrain\n|-heal|p1a: Arboliva|100/100 brn|[from] Grassy Terrain\n|-damage|p1a: Arboliva|94/100 brn|[from] brn\n|upkeep\n|turn|52\n|inactive|Time left: 300 sec this turn | 300 sec total\n|\n|t:|1783536174\n|move|p2a: Slither Wing|U-turn|p1a: Arboliva\n|-damage|p1a: Arboliva|68/100 brn\n|inactive|Time left: 300 sec this turn | 300 sec total | 5 sec grace\n|\n|t:|1783536175\n|-end|p2a: Slither Wing|Protosynthesis|[silent]\n|switch|p2a: Ho-Oh|Ho-Oh, L71|268/268|[from] U-turn\n|move|p1a: Arboliva|Energy Ball|p2a: Ho-Oh\n|-resisted|p2a: Ho-Oh\n|-damage|p2a: Ho-Oh|235/268\n|\n|-heal|p1a: Arboliva|74/100 brn|[from] Grassy Terrain\n|-heal|p1a: Arboliva|80/100 brn|[from] item: Leftovers\n|-damage|p1a: Arboliva|74/100 brn|[from] brn\n|upkeep\n|turn|53\n|inactive|Time left: 300 sec this turn | 300 sec total\n|\n|t:|1783536176\n|move|p2a: Ho-Oh|Sacred Fire|p1a: Arboliva\n|-damage|p1a: Arboliva|44/100 brn\n|move|p1a: Arboliva|Strength Sap|p2a: Ho-Oh\n|-unboost|p2a: Ho-Oh|atk|1\n|-heal|p1a: Arboliva|100/100 brn\n|\n|-damage|p1a: Arboliva|94/100 brn|[from] brn\n|upkeep\n|turn|54\n|inactive|Time left: 300 sec this turn | 300 sec total\n|\n|t:|1783536177\n|move|p2a: Ho-Oh|Sacred Fire|p1a: Arboliva\n|-damage|p1a: Arboliva|75/100 brn\n|move|p1a: Arboliva|Energy Ball|p2a: Ho-Oh\n|-resisted|p2a: Ho-Oh\n|-damage|p2a: Ho-Oh|200/268\n|\n|-heal|p1a: Arboliva|81/100 brn|[from] Grassy Terrain\n|-heal|p1a: Arboliva|87/100 brn|[from] item: Leftovers\n|-damage|p1a: Arboliva|81/100 brn|[from] brn\n|-fieldend|move: Grassy Terrain\n|upkeep\n|turn|55\n|inactive|Time left: 300 sec this turn | 300 sec total\n|\n|t:|1783536178\n|switch|p2a: Meloetta|Meloetta, L82|49/298\n|move|p1a: Arboliva|Energy Ball|p2a: Meloetta\n|-damage|p2a: Meloetta|0 fnt\n|faint|p2a: Meloetta\n|\n|-heal|p1a: Arboliva|87/100 brn|[from] item: Leftovers\n|-damage|p1a: Arboliva|81/100 brn|[from] brn\n|upkeep\n|inactive|Time left: 300 sec this turn | 300 sec total | 5 sec grace\n|\n|t:|1783536179\n|switch|p2a: Cyclizar|Cyclizar, L84, M|255/255\n|turn|56\n|inactive|Time left: 300 sec this turn | 300 sec total\n|\n|t:|1783536180\n|move|p2a: Cyclizar|Shed Tail|p2a: Cyclizar\n|-start|p2a: Cyclizar|Substitute|[from] move: Shed Tail\n|-damage|p2a: Cyclizar|127/255\n|inactive|Time left: 300 sec this turn | 300 sec total | 5 sec grace\n|\n|t:|1783536181\n|switch|p2a: Ho-Oh|Ho-Oh, L71|268/268|[from] Shed Tail\n|move|p1a: Arboliva|Strength Sap||[still]\n|-fail|p1a: Arboliva\n|\n|-heal|p1a: Arboliva|87/100 brn|[from] item: Leftovers\n|-damage|p1a: Arboliva|81/100 brn|[from] brn\n|upkeep\n|turn|57\n|inactive|Time left: 300 sec this turn | 300 sec total\n|\n|t:|1783536182\n|move|p2a: Ho-Oh|Sacred Fire|p1a: Arboliva\n|-damage|p1a: Arboliva|51/100 brn\n|-fieldstart|move: Grassy Terrain|[from] ability: Seed Sower|[of] p1a: Arboliva\n|move|p1a: Arboliva|Earth Power|p2a: Ho-Oh\n|-immune|p2a: Ho-Oh\n|\n|-heal|p1a: Arboliva|57/100 brn|[from] Grassy Terrain\n|-heal|p1a: Arboliva|63/100 brn|[from] item: Leftovers\n|-damage|p1a: Arboliva|57/100 brn|[from] brn\n|upkeep\n|turn|58\n|inactive|Time left: 300 sec this turn | 300 sec total\n|\n|t:|1783536183\n|switch|p1a: Ampharos|Ampharos, L88, F|100/100\n|move|p2a: Ho-Oh|Brave Bird|p1a: Ampharos\n|-resisted|p1a: Ampharos\n|-crit|p1a: Ampharos\n|-damage|p1a: Ampharos|73/100\n|-damage|p2a: Ho-Oh|241/268|[from] Recoil\n|\n|-heal|p1a: Ampharos|79/100|[from] Grassy Terrain\n|upkeep\n|turn|59\n|inactive|Time left: 300 sec this turn | 300 sec total\n|\n|t:|1783536184\n|move|p2a: Ho-Oh|Sacred Fire|p1a: Ampharos\n|-damage|p1a: Ampharos|50/100\n|-status|p1a: Ampharos|brn\n|move|p1a: Ampharos|Thunderbolt|p2a: Ho-Oh\n|-supereffective|p2a: Ho-Oh\n|-end|p2a: Ho-Oh|Substitute\n|\n|-heal|p1a: Ampharos|55/100 brn|[from] Grassy Terrain\n|-damage|p1a: Ampharos|50/100 brn|[from] brn\n|upkeep\n|turn|60\n|inactive|Time left: 300 sec this turn | 300 sec total\n|\n|t:|1783536185\n|-terastallize|p2a: Ho-Oh|Ground\n|move|p2a: Ho-Oh|Earthquake|p1a: Ampharos\n|-supereffective|p1a: Ampharos\n|-damage|p1a: Ampharos|11/100 brn\n|move|p1a: Ampharos|Thunderbolt|p2a: Ho-Oh\n|-immune|p2a: Ho-Oh\n|\n|-heal|p2a: Ho-Oh|257/268|[from] Grassy Terrain\n|-heal|p1a: Ampharos|17/100 brn|[from] Grassy Terrain\n|-damage|p1a: Ampharos|11/100 brn|[from] brn\n|upkeep\n|turn|61\n|inactive|Time left: 300 sec this turn | 300 sec total\n|\n|t:|1783536186\n|move|p2a: Ho-Oh|Brave Bird|p1a: Ampharos\n|-resisted|p1a: Ampharos\n|-damage|p1a: Ampharos|0 fnt\n|-status|p2a: Ho-Oh|par|[from] ability: Static|[of] p1a: Ampharos\n|faint|p1a: Ampharos\n|-damage|p2a: Ho-Oh|246/268 par|[from] Recoil\n|\n|-heal|p2a: Ho-Oh|262/268 par|[from] Grassy Terrain\n|-fieldend|move: Grassy Terrain\n|upkeep\n|\n|t:|1783536187\n|switch|p1a: Arboliva|Arboliva, L91, F, tera:Ground|57/100 brn\n|turn|62\n|inactive|Time left: 300 sec this turn | 300 sec total\n|\n|t:|1783536188\n|switch|p2a: Cyclizar|Cyclizar, L84, M|212/255\n|move|p1a: Arboliva|Energy Ball|p2a: Cyclizar\n|-resisted|p2a: Cyclizar\n|-damage|p2a: Cyclizar|131/255\n|\n|-heal|p1a: Arboliva|63/100 brn|[from] item: Leftovers\n|-damage|p1a: Arboliva|57/100 brn|[from] brn\n|upkeep\n|turn|63\n|inactive|Time left: 300 sec this turn | 300 sec total\n|\n|t:|1783536190\n|move|p2a: Cyclizar|Shed Tail|p2a: Cyclizar\n|-start|p2a: Cyclizar|Substitute|[from] move: Shed Tail\n|-damage|p2a: Cyclizar|3/255\n|inactive|Time left: 300 sec this turn | 300 sec total | 5 sec grace\n|\n|t:|1783536191\n|switch|p2a: Slither Wing|Slither Wing, L81|58/270|[from] Shed Tail\n|move|p1a: Arboliva|Earth Power|p2a: Slither Wing\n|-resisted|p2a: Slither Wing\n|-activate|p2a: Slither Wing|move: Substitute|[damage]\n|\n|-heal|p1a: Arboliva|63/100 brn|[from] item: Leftovers\n|-damage|p1a: Arboliva|57/100 brn|[from] brn\n|upkeep\n|turn|64\n|inactive|Time left: 300 sec this turn | 300 sec total\n|\n|t:|1783536192\n|move|p2a: Slither Wing|Close Combat|p1a: Arboliva\n|-damage|p1a: Arboliva|4/100 brn\n|-unboost|p2a: Slither Wing|def|1\n|-unboost|p2a: Slither Wing|spd|1\n|-fieldstart|move: Grassy Terrain|[from] ability: Seed Sower|[of] p1a: Arboliva\n|move|p1a: Arboliva|Earth Power|p2a: Slither Wing\n|-resisted|p2a: Slither Wing\n|-end|p2a: Slither Wing|Substitute\n|\n|-heal|p2a: Slither Wing|74/270|[from] Grassy Terrain\n|-heal|p1a: Arboliva|10/100 brn|[from] Grassy Terrain\n|-heal|p1a: Arboliva|17/100 brn|[from] item: Leftovers\n|-damage|p1a: Arboliva|10/100 brn|[from] brn\n|upkeep\n|turn|65\n|inactive|Time left: 300 sec this turn | 300 sec total\n|\n|t:|1783536193\n|move|p2a: Slither Wing|U-turn|p1a: Arboliva\n|-damage|p1a: Arboliva|0 fnt\n|faint|p1a: Arboliva\n|inactive|Time left: 300 sec this turn | 300 sec total | 5 sec grace\n|\n|t:|1783536194\n|-end|p2a: Slither Wing|Protosynthesis|[silent]\n|switch|p2a: Cyclizar|Cyclizar, L84, M|88/255|[from] U-turn\n|\n|-heal|p2a: Cyclizar|103/255|[from] Grassy Terrain\n|upkeep\n|\n|t:|1783536195\n|switch|p1a: Glaceon|Glaceon, L94, F|100/100\n|turn|66\n|inactive|Time left: 300 sec this turn | 300 sec total\n|\n|t:|1783536196\n|move|p2a: Cyclizar|Draco Meteor|p1a: Glaceon\n|-damage|p1a: Glaceon|61/100\n|-unboost|p2a: Cyclizar|spa|2\n|move|p1a: Glaceon|Freeze-Dry|p2a: Cyclizar\n|-supereffective|p2a: Cyclizar\n|-damage|p2a: Cyclizar|0 fnt\n|faint|p2a: Cyclizar\n|\n|-heal|p1a: Glaceon|67/100|[from] Grassy Terrain\n|upkeep\n|inactive|Time left: 300 sec this turn | 300 sec total | 5 sec grace\n|\n|t:|1783536197\n|switch|p2a: Slither Wing|Slither Wing, L81|74/270\n|turn|67\n|inactive|Time left: 300 sec this turn | 300 sec total\n|\n|t:|1783536198\n|move|p2a: Slither Wing|Close Combat|p1a: Glaceon\n|-supereffective|p1a: Glaceon\n|-damage|p1a: Glaceon|0 fnt\n|-unboost|p2a: Slither Wing|def|1\n|-unboost|p2a: Slither Wing|spd|1\n|faint|p1a: Glaceon\n|\n|-heal|p2a: Slither Wing|90/270|[from] Grassy Terrain\n|upkeep\n|\n|t:|1783536199\n|switch|p1a: Mandibuzz|Mandibuzz, L85, F|41/100\n|turn|68\n|inactive|Time left: 300 sec this turn | 300 sec total\n|\n|t:|1783536200\n|-end|p2a: Slither Wing|Protosynthesis|[silent]\n|switch|p2a: Ho-Oh|Ho-Oh, L71, tera:Ground|268/268 par\n|move|p1a: Mandibuzz|Foul Play|p2a: Ho-Oh\n|-damage|p2a: Ho-Oh|133/268 par\n|\n|-heal|p2a: Ho-Oh|149/268 par|[from] Grassy Terrain\n|-fieldend|move: Grassy Terrain\n|upkeep\n|turn|69\n|inactive|Time left: 300 sec this turn | 300 sec total\n|\n|t:|1783536201\n|switch|p2a: Slither Wing|Slither Wing, L81|90/270\n|move|p1a: Mandibuzz|Foul Play|p2a: Slither Wing\n|-resisted|p2a: Slither Wing\n|-damage|p2a: Slither Wing|18/270\n|\n|upkeep\n|turn|70\n|inactive|Time left: 300 sec this turn | 300 sec total\n|\n|t:|1783536202\n|-end|p2a: Slither Wing|Protosynthesis|[silent]\n|switch|p2a: Ho-Oh|Ho-Oh, L71, tera:Ground|238/268 par\n|move|p1a: Mandibuzz|Foul Play|p2a: Ho-Oh\n|-damage|p2a: Ho-Oh|99/268 par\n|\n|upkeep\n|turn|71\n|inactive|Time left: 300 sec this turn | 300 sec total\n|\n|t:|1783536202\n|switch|p2a: Slither Wing|Slither Wing, L81|18/270\n|move|p1a: Mandibuzz|Foul Play|p2a: Slither Wing\n|-resisted|p2a: Slither Wing\n|-damage|p2a: Slither Wing|0 fnt\n|faint|p2a: Slither Wing\n|-end|p2a: Slither Wing|Protosynthesis|[silent]\n|\n|upkeep\n|inactive|Time left: 300 sec this turn | 300 sec total | 5 sec grace\n|\n|t:|1783536203\n|switch|p2a: Ho-Oh|Ho-Oh, L71, tera:Ground|188/268 par\n|turn|72\n|inactive|Time left: 300 sec this turn | 300 sec total\n|\n|t:|1783536204\n|move|p1a: Mandibuzz|Foul Play|p2a: Ho-Oh\n|-damage|p2a: Ho-Oh|68/268 par\n|cant|p2a: Ho-Oh|par\n|\n|upkeep\n|turn|73\n|inactive|Time left: 300 sec this turn | 300 sec total\n|\n|t:|1783536205\n|move|p1a: Mandibuzz|Foul Play|p2a: Ho-Oh\n|-damage|p2a: Ho-Oh|0 fnt\n|faint|p2a: Ho-Oh\n|\n|win|p0x245acce", "uploadtime": 1783536205, "views": 0, "rating": 0, "private": 0, "password": null, "_winner": "p0x245acce", "_our_name": "p0y245ac21"}