{"id": "battle-gen9randombattle-202", "formatid": "gen9randombattle", "format": "[Gen 9] Random Battle", "players": ["p0x2022bad", "p0y202ecd8"], "log": "|init|battle\n|title|p0x2022bad vs. p0y202ecd8\n|j|\u2606p0x2022bad\n|j|\u2606p0y202ecd8\n|t:|1783541452\n|gametype|singles\n|player|p1|p0x2022bad|2|\n|player|p2|p0y202ecd8|170|\n|gen|9\n|tier|[Gen 9] Random Battle\n|rule|Species Clause: Limit one of each Pok\u00e9mon\n|rule|HP Percentage Mod: HP is shown in percentages\n|rule|Sleep Clause Mod: Limit one foe put to sleep\n|rule|Illusion Level Mod: Illusion disguises the Pok\u00e9mon's true level\n|\n|t:|1783541452\n|teamsize|p1|6\n|teamsize|p2|6\n|start\n|switch|p1a: Urshifu|Urshifu, L74, F|100/100\n|switch|p2a: Furret|Furret, L94, M|312/312\n|-item|p1a: Urshifu|Life Orb|[from] ability: Frisk|[of] p2a: Furret\n|turn|1\n|inactive|Battle timer is ON: inactive players will automatically lose when time's up. (requested by p0x2022bad)\n|inactive|Time left: 300 sec this turn | 300 sec total | 60 sec grace\n|inactive|p0y202ecd8 also wants the timer to be on.\n|\n|t:|1783541453\n|move|p2a: Furret|Double-Edge|p1a: Urshifu\n|-damage|p1a: Urshifu|35/100\n|-damage|p2a: Furret|254/312|[from] Recoil\n|-damage|p2a: Furret|223/312|[from] item: Life Orb\n|move|p1a: Urshifu|Close Combat|p2a: Furret\n|-supereffective|p2a: Furret\n|-damage|p2a: Furret|0 fnt\n|-unboost|p1a: Urshifu|def|1\n|-unboost|p1a: Urshifu|spd|1\n|faint|p2a: Furret\n|-damage|p1a: Urshifu|25/100|[from] item: Life Orb\n|\n|upkeep\n|inactive|Time left: 300 sec this turn | 300 sec total | 65 sec grace\n|\n|t:|1783541454\n|switch|p2a: Lucario|Lucario, L84, M|255/255\n|turn|2\n|inactive|Time left: 300 sec this turn | 300 sec total\n|\n|t:|1783541456\n|move|p2a: Lucario|Meteor Mash|p1a: Urshifu\n|-damage|p1a: Urshifu|0 fnt\n|faint|p1a: Urshifu\n|\n|upkeep\n|\n|t:|1783541457\n|switch|p1a: Clawitzer|Clawitzer, L87, F|100/100\n|turn|3\n|inactive|Time left: 300 sec this turn | 300 sec total\n|\n|t:|1783541458\n|move|p2a: Lucario|Meteor Mash|p1a: Clawitzer\n|-resisted|p1a: Clawitzer\n|-damage|p1a: Clawitzer|70/100\n|move|p1a: Clawitzer|Water Pulse|p2a: Lucario\n|-damage|p2a: Lucario|32/255\n|\n|upkeep\n|turn|4\n|inactive|Time left: 300 sec this turn | 300 sec total\n|\n|t:|1783541459\n|move|p2a: Lucario|Meteor Mash|p1a: Clawitzer\n|-resisted|p1a: Clawitzer\n|-damage|p1a: Clawitzer|43/100\n|move|p1a: Clawitzer|Water Pulse|p2a: Lucario\n|-damage|p2a: Lucario|0 fnt\n|faint|p2a: Lucario\n|\n|upkeep\n|inactive|Time left: 300 sec this turn | 300 sec total | 5 sec grace\n|\n|t:|1783541460\n|switch|p2a: Great Tusk|Great Tusk, L77|304/304\n|turn|5\n|inactive|Time left: 300 sec this turn | 300 sec total\n|\n|t:|1783541461\n|move|p2a: Great Tusk|Close Combat|p1a: Clawitzer\n|-damage|p1a: Clawitzer|0 fnt\n|-unboost|p2a: Great Tusk|def|1\n|-unboost|p2a: Great Tusk|spd|1\n|faint|p1a: Clawitzer\n|\n|upkeep\n|\n|t:|1783541462\n|switch|p1a: Dodrio|Dodrio, L85, F|100/100\n|turn|6\n|inactive|Time left: 300 sec this turn | 300 sec total\n|\n|t:|1783541463\n|move|p1a: Dodrio|Brave Bird|p2a: Great Tusk\n|-supereffective|p2a: Great Tusk\n|-damage|p2a: Great Tusk|0 fnt\n|faint|p2a: Great Tusk\n|-end|p2a: Great Tusk|Protosynthesis|[silent]\n|-damage|p1a: Dodrio|59/100|[from] Recoil\n|\n|upkeep\n|inactive|Time left: 300 sec this turn | 300 sec total | 5 sec grace\n|\n|t:|1783541464\n|switch|p2a: Tinkaton|Tinkaton, L82, F|274/274\n|-ability|p2a: Tinkaton|Mold Breaker\n|turn|7\n|inactive|Time left: 300 sec this turn | 300 sec total\n|\n|t:|1783541465\n|move|p1a: Dodrio|Brave Bird|p2a: Tinkaton\n|-resisted|p2a: Tinkaton\n|-damage|p2a: Tinkaton|159/274\n|-damage|p1a: Dodrio|43/100|[from] Recoil\n|move|p2a: Tinkaton|Gigaton Hammer|p1a: Dodrio\n|-damage|p1a: Dodrio|0 fnt\n|faint|p1a: Dodrio\n|\n|-heal|p2a: Tinkaton|176/274|[from] item: Leftovers\n|upkeep\n|\n|t:|1783541466\n|switch|p1a: Chesnaught|Chesnaught, L84, M|100/100\n|turn|8\n|inactive|Time left: 300 sec this turn | 300 sec total\n|\n|t:|1783541467\n|move|p2a: Tinkaton|Thunder Wave|p1a: Chesnaught\n|-status|p1a: Chesnaught|par\n|move|p1a: Chesnaught|Knock Off|p2a: Tinkaton\n|-resisted|p2a: Tinkaton\n|-damage|p2a: Tinkaton|134/274\n|-enditem|p2a: Tinkaton|Leftovers|[from] move: Knock Off|[of] p1a: Chesnaught\n|\n|upkeep\n|turn|9\n|inactive|Time left: 300 sec this turn | 300 sec total\n|\n|t:|1783541468\n|move|p2a: Tinkaton|Stealth Rock|p1a: Chesnaught\n|-sidestart|p1: p0x2022bad|move: Stealth Rock\n|cant|p1a: Chesnaught|par\n|\n|upkeep\n|turn|10\n|inactive|Time left: 300 sec this turn | 300 sec total\n|\n|t:|1783541469\n|move|p2a: Tinkaton|Gigaton Hammer|p1a: Chesnaught\n|-damage|p1a: Chesnaught|63/100 par\n|cant|p1a: Chesnaught|par\n|\n|-heal|p1a: Chesnaught|69/100 par|[from] item: Leftovers\n|upkeep\n|turn|11\n|inactive|Time left: 300 sec this turn | 300 sec total\n|\n|t:|1783541471\n|move|p2a: Tinkaton|Play Rough|p1a: Chesnaught\n|-supereffective|p1a: Chesnaught\n|-damage|p1a: Chesnaught|29/100 par\n|move|p1a: Chesnaught|Body Press|p2a: Tinkaton\n|-damage|p2a: Tinkaton|23/274\n|\n|-heal|p1a: Chesnaught|35/100 par|[from] item: Leftovers\n|upkeep\n|turn|12\n|inactive|Time left: 300 sec this turn | 300 sec total\n|\n|t:|1783541472\n|switch|p1a: Empoleon|Empoleon, L84, M|100/100\n|-damage|p1a: Empoleon|94/100|[from] Stealth Rock\n|move|p2a: Tinkaton|Play Rough|p1a: Empoleon\n|-resisted|p1a: Empoleon\n|-damage|p1a: Empoleon|82/100\n|\n|-heal|p1a: Empoleon|88/100|[from] item: Leftovers\n|upkeep\n|turn|13\n|inactive|Time left: 300 sec this turn | 300 sec total\n|\n|t:|1783541473\n|move|p2a: Tinkaton|Thunder Wave|p1a: Empoleon\n|-status|p1a: Empoleon|par\n|move|p1a: Empoleon|Surf|p2a: Tinkaton\n|-damage|p2a: Tinkaton|0 fnt\n|faint|p2a: Tinkaton\n|\n|-heal|p1a: Empoleon|94/100 par|[from] item: Leftovers\n|upkeep\n|inactive|Time left: 300 sec this turn | 300 sec total | 5 sec grace\n|\n|t:|1783541474\n|switch|p2a: Ursaring|Ursaring, L84, F|288/288\n|turn|14\n|inactive|Time left: 300 sec this turn | 300 sec total\n|\n|t:|1783541475\n|move|p2a: Ursaring|Swords Dance|p2a: Ursaring\n|-boost|p2a: Ursaring|atk|2\n|move|p1a: Empoleon|Surf|p2a: Ursaring\n|-damage|p2a: Ursaring|165/288\n|\n|-heal|p1a: Empoleon|99/100 par|[from] item: Leftovers\n|-status|p2a: Ursaring|tox|[from] item: Toxic Orb\n|upkeep\n|turn|15\n|inactive|Time left: 300 sec this turn | 300 sec total\n|\n|t:|1783541476\n|move|p2a: Ursaring|Facade|p1a: Empoleon\n|-resisted|p1a: Empoleon\n|-damage|p1a: Empoleon|39/100 par\n|cant|p1a: Empoleon|par\n|\n|-heal|p1a: Empoleon|45/100 par|[from] item: Leftovers\n|-damage|p2a: Ursaring|147/288 tox|[from] psn\n|upkeep\n|turn|16\n|inactive|Time left: 300 sec this turn | 300 sec total\n|\n|t:|1783541477\n|switch|p1a: Chesnaught|Chesnaught, L84, M|35/100 par\n|-damage|p1a: Chesnaught|29/100 par|[from] Stealth Rock\n|move|p2a: Ursaring|Facade|p1a: Chesnaught\n|-damage|p1a: Chesnaught|0 fnt\n|faint|p1a: Chesnaught\n|\n|-damage|p2a: Ursaring|111/288 tox|[from] psn\n|upkeep\n|\n|t:|1783541478\n|switch|p1a: Regigigas|Regigigas, L84|100/100\n|-damage|p1a: Regigigas|88/100|[from] Stealth Rock\n|-start|p1a: Regigigas|ability: Slow Start\n|turn|17\n|inactive|Time left: 300 sec this turn | 300 sec total\n|\n|t:|1783541479\n|-terastallize|p1a: Regigigas|Ghost\n|move|p2a: Ursaring|Crunch|p1a: Regigigas\n|-supereffective|p1a: Regigigas\n|-damage|p1a: Regigigas|12/100\n|move|p1a: Regigigas|Knock Off|p2a: Ursaring\n|-damage|p2a: Ursaring|54/288 tox\n|-enditem|p2a: Ursaring|Toxic Orb|[from] move: Knock Off|[of] p1a: Regigigas\n|\n|-heal|p1a: Regigigas|19/100|[from] item: Leftovers\n|-damage|p2a: Ursaring|0 fnt|[from] psn\n|faint|p2a: Ursaring\n|upkeep\n|inactive|Time left: 300 sec this turn | 300 sec total | 5 sec grace\n|\n|t:|1783541480\n|switch|p2a: Swampert|Swampert, L83, M|302/302\n|turn|18\n|inactive|Time left: 300 sec this turn | 300 sec total\n|\n|t:|1783541481\n|-terastallize|p2a: Swampert|Poison\n|move|p2a: Swampert|Earthquake|p1a: Regigigas\n|-damage|p1a: Regigigas|0 fnt\n|faint|p1a: Regigigas\n|-end|p1a: Regigigas|Slow Start|[silent]\n|\n|upkeep\n|\n|t:|1783541481\n|switch|p1a: Empoleon|Empoleon, L84, M|45/100 par\n|-damage|p1a: Empoleon|39/100 par|[from] Stealth Rock\n|turn|19\n|inactive|Time left: 300 sec this turn | 300 sec total\n|\n|t:|1783541482\n|move|p2a: Swampert|Earthquake|p1a: Empoleon\n|-supereffective|p1a: Empoleon\n|-damage|p1a: Empoleon|0 fnt\n|faint|p1a: Empoleon\n|\n|win|p0y202ecd8", "uploadtime": 1783541482, "views": 0, "rating": 0, "private": 0, "password": null, "_winner": "p0y202ecd8", "_our_name": "p0y202ecd8"}