{"id": "battle-gen9randombattle-838", "formatid": "gen9randombattle", "format": "[Gen 9] Random Battle", "players": ["p0x838e054", "p0y83845f8"], "log": "|init|battle\n|title|p0x838e054 vs. p0y83845f8\n|j|\u2606p0x838e054\n|j|\u2606p0y83845f8\n|t:|1783549609\n|gametype|singles\n|player|p1|p0x838e054|2|\n|player|p2|p0y83845f8|101|\n|gen|9\n|tier|[Gen 9] Random Battle\n|rule|Species Clause: Limit one of each Pok\u00e9mon\n|rule|HP Percentage Mod: HP is shown in percentages\n|rule|Sleep Clause Mod: Limit one foe put to sleep\n|rule|Illusion Level Mod: Illusion disguises the Pok\u00e9mon's true level\n|\n|t:|1783549609\n|teamsize|p1|6\n|teamsize|p2|6\n|start\n|switch|p1a: Rayquaza|Rayquaza, L72|270/270\n|switch|p2a: Ampharos|Ampharos, L88, F|100/100\n|-ability|p1a: Rayquaza|Air Lock\n|turn|1\n|inactive|Battle timer is ON: inactive players will automatically lose when time's up. (requested by p0y83845f8)\n|inactive|Time left: 300 sec this turn | 300 sec total | 60 sec grace\n|inactive|p0x838e054 also wants the timer to be on.\n|\n|t:|1783549611\n|move|p1a: Rayquaza|Earthquake|p2a: Ampharos\n|-supereffective|p2a: Ampharos\n|-damage|p2a: Ampharos|48/100\n|move|p2a: Ampharos|Thunderbolt|p1a: Rayquaza\n|-crit|p1a: Rayquaza\n|-damage|p1a: Rayquaza|15/270\n|-damage|p2a: Ampharos|38/100|[from] item: Life Orb\n|\n|upkeep\n|turn|2\n|inactive|Time left: 300 sec this turn | 300 sec total\n|\n|t:|1783549612\n|switch|p2a: Araquanid|Araquanid, L82, M|100/100\n|move|p1a: Rayquaza|Earthquake|p2a: Araquanid\n|-resisted|p2a: Araquanid\n|-damage|p2a: Araquanid|84/100\n|\n|upkeep\n|turn|3\n|inactive|Time left: 300 sec this turn | 300 sec total\n|\n|t:|1783549614\n|-terastallize|p2a: Araquanid|Ground\n|move|p1a: Rayquaza|Dragon Ascent|p2a: Araquanid\n|-damage|p2a: Araquanid|27/100\n|-unboost|p1a: Rayquaza|def|1\n|-unboost|p1a: Rayquaza|spd|1\n|move|p2a: Araquanid|Sticky Web|p1a: Rayquaza\n|-sidestart|p1: p0x838e054|move: Sticky Web\n|\n|upkeep\n|turn|4\n|inactive|Time left: 300 sec this turn | 300 sec total\n|\n|t:|1783549615\n|switch|p2a: Klefki|Klefki, L84, M|100/100\n|move|p1a: Rayquaza|Scale Shot|p2a: Klefki\n|-immune|p2a: Klefki\n|\n|upkeep\n|turn|5\n|inactive|Time left: 300 sec this turn | 300 sec total\n|\n|t:|1783549616\n|move|p1a: Rayquaza|Earthquake|p2a: Klefki\n|-supereffective|p2a: Klefki\n|-damage|p2a: Klefki|36/100\n|move|p2a: Klefki|Play Rough|p1a: Rayquaza\n|-supereffective|p1a: Rayquaza\n|-damage|p1a: Rayquaza|0 fnt\n|faint|p1a: Rayquaza\n|\n|-heal|p2a: Klefki|42/100|[from] item: Leftovers\n|upkeep\n|inactive|Time left: 300 sec this turn | 300 sec total | 5 sec grace\n|\n|t:|1783549617\n|switch|p1a: Delphox|Delphox, L84, F|263/263\n|turn|6\n|inactive|Time left: 300 sec this turn | 300 sec total\n|\n|t:|1783549618\n|move|p2a: Klefki|Thunder Wave|p1a: Delphox\n|-status|p1a: Delphox|par\n|move|p1a: Delphox|Nasty Plot|p1a: Delphox\n|-boost|p1a: Delphox|spa|2\n|\n|-heal|p2a: Klefki|48/100|[from] item: Leftovers\n|upkeep\n|turn|7\n|inactive|Time left: 300 sec this turn | 300 sec total\n|\n|t:|1783549619\n|move|p2a: Klefki|Play Rough|p1a: Delphox\n|-resisted|p1a: Delphox\n|-damage|p1a: Delphox|217/263 par\n|move|p1a: Delphox|Fire Blast|p2a: Klefki\n|-supereffective|p2a: Klefki\n|-damage|p2a: Klefki|0 fnt\n|faint|p2a: Klefki\n|\n|upkeep\n|\n|t:|1783549620\n|switch|p2a: Barraskewda|Barraskewda, L81, M|100/100\n|turn|8\n|inactive|Time left: 300 sec this turn | 300 sec total\n|\n|t:|1783549620\n|switch|p1a: Gastrodon|Gastrodon-East, L86, M|331/331\n|-activate|p1a: Gastrodon|move: Sticky Web\n|-unboost|p1a: Gastrodon|spe|1\n|move|p2a: Barraskewda|Flip Turn|p1a: Gastrodon\n|-ability|p1a: Gastrodon|Storm Drain|boost\n|-boost|p1a: Gastrodon|spa|1\n|\n|upkeep\n|turn|9\n|inactive|Time left: 300 sec this turn | 300 sec total\n|\n|t:|1783549621\n|switch|p2a: Muk|Muk, L86, F|100/100\n|move|p1a: Gastrodon|Ice Beam|p2a: Muk\n|-damage|p2a: Muk|74/100\n|\n|-heal|p2a: Muk|81/100|[from] item: Leftovers\n|upkeep\n|turn|10\n|inactive|Time left: 300 sec this turn | 300 sec total\n|\n|t:|1783549622\n|move|p2a: Muk|Knock Off|p1a: Gastrodon\n|-crit|p1a: Gastrodon\n|-damage|p1a: Gastrodon|201/331\n|-status|p1a: Gastrodon|psn|[from] ability: Poison Touch|[of] p2a: Muk\n|-enditem|p1a: Gastrodon|Leftovers|[from] move: Knock Off|[of] p2a: Muk\n|move|p1a: Gastrodon|Earthquake|p2a: Muk\n|-supereffective|p2a: Muk\n|-damage|p2a: Muk|9/100\n|\n|-heal|p2a: Muk|15/100|[from] item: Leftovers\n|-damage|p1a: Gastrodon|160/331 psn|[from] psn\n|upkeep\n|turn|11\n|inactive|Time left: 300 sec this turn | 300 sec total\n|\n|t:|1783549623\n|move|p2a: Muk|Drain Punch|p1a: Gastrodon\n|-damage|p1a: Gastrodon|96/331 psn\n|-heal|p2a: Muk|25/100|[from] drain|[of] p1a: Gastrodon\n|move|p1a: Gastrodon|Earthquake|p2a: Muk\n|-supereffective|p2a: Muk\n|-damage|p2a: Muk|0 fnt\n|faint|p2a: Muk\n|\n|-damage|p1a: Gastrodon|55/331 psn|[from] psn\n|upkeep\n|\n|t:|1783549624\n|switch|p2a: Sableye|Sableye, L88, M|100/100\n|turn|12\n|inactive|Time left: 300 sec this turn | 300 sec total\n|\n|t:|1783549625\n|move|p2a: Sableye|Knock Off|p1a: Gastrodon\n|-damage|p1a: Gastrodon|0 fnt\n|faint|p1a: Gastrodon\n|\n|upkeep\n|inactive|Time left: 300 sec this turn | 300 sec total | 5 sec grace\n|\n|t:|1783549626\n|switch|p1a: Pelipper|Pelipper, L86, M|243/243\n|-weather|RainDance|[from] ability: Drizzle|[of] p1a: Pelipper\n|turn|13\n|inactive|Time left: 300 sec this turn | 300 sec total\n|\n|t:|1783549627\n|move|p2a: Sableye|Thunder Wave|p1a: Pelipper\n|-status|p1a: Pelipper|par\n|move|p1a: Pelipper|Surf|p2a: Sableye\n|-damage|p2a: Sableye|23/100\n|\n|-weather|RainDance|[upkeep]\n|-heal|p2a: Sableye|30/100|[from] item: Leftovers\n|upkeep\n|turn|14\n|inactive|Time left: 300 sec this turn | 300 sec total\n|\n|t:|1783549628\n|move|p2a: Sableye|Knock Off|p1a: Pelipper\n|-damage|p1a: Pelipper|156/243 par\n|-enditem|p1a: Pelipper|Heavy-Duty Boots|[from] move: Knock Off|[of] p2a: Sableye\n|move|p1a: Pelipper|Surf|p2a: Sableye\n|-damage|p2a: Sableye|0 fnt\n|faint|p2a: Sableye\n|\n|-weather|RainDance|[upkeep]\n|upkeep\n|\n|t:|1783549629\n|switch|p2a: Ampharos|Ampharos, L88, F|38/100\n|turn|15\n|inactive|Time left: 300 sec this turn | 300 sec total\n|\n|t:|1783549630\n|move|p2a: Ampharos|Thunderbolt|p1a: Pelipper\n|-supereffective|p1a: Pelipper\n|-damage|p1a: Pelipper|0 fnt\n|faint|p1a: Pelipper\n|-damage|p2a: Ampharos|28/100|[from] item: Life Orb\n|\n|-weather|RainDance|[upkeep]\n|upkeep\n|inactive|Time left: 300 sec this turn | 300 sec total | 5 sec grace\n|\n|t:|1783549631\n|switch|p1a: Dunsparce|Dunsparce, L86, F|312/312\n|-activate|p1a: Dunsparce|move: Sticky Web\n|-unboost|p1a: Dunsparce|spe|1\n|turn|16\n|inactive|Time left: 300 sec this turn | 300 sec total\n|\n|t:|1783549632\n|move|p2a: Ampharos|Thunderbolt|p1a: Dunsparce\n|-crit|p1a: Dunsparce\n|-damage|p1a: Dunsparce|116/312\n|-status|p1a: Dunsparce|par\n|-damage|p2a: Ampharos|18/100|[from] item: Life Orb\n|move|p1a: Dunsparce|Coil|p1a: Dunsparce\n|-boost|p1a: Dunsparce|atk|1\n|-boost|p1a: Dunsparce|def|1\n|-boost|p1a: Dunsparce|accuracy|1\n|\n|-weather|RainDance|[upkeep]\n|upkeep\n|turn|17\n|inactive|Time left: 300 sec this turn | 300 sec total\n|\n|t:|1783549633\n|move|p2a: Ampharos|Thunderbolt|p1a: Dunsparce\n|-damage|p1a: Dunsparce|0 fnt\n|faint|p1a: Dunsparce\n|-damage|p2a: Ampharos|8/100|[from] item: Life Orb\n|\n|-weather|none\n|upkeep\n|inactive|Time left: 300 sec this turn | 300 sec total | 5 sec grace\n|\n|t:|1783549634\n|switch|p1a: Delphox|Delphox, L84, F|217/263 par\n|turn|18\n|inactive|Time left: 300 sec this turn | 300 sec total\n|\n|t:|1783549635\n|move|p2a: Ampharos|Thunderbolt|p1a: Delphox\n|-damage|p1a: Delphox|61/263 par\n|-damage|p2a: Ampharos|0 fnt|[from] item: Life Orb\n|faint|p2a: Ampharos\n|move|p1a: Delphox|Nasty Plot|p1a: Delphox\n|-boost|p1a: Delphox|spa|2\n|\n|upkeep\n|\n|t:|1783549636\n|switch|p2a: Araquanid|Araquanid, L82, M, tera:Ground|27/100\n|turn|19\n|inactive|Time left: 300 sec this turn | 300 sec total\n|\n|t:|1783549637\n|move|p2a: Araquanid|Liquidation|p1a: Delphox\n|-supereffective|p1a: Delphox\n|-damage|p1a: Delphox|0 fnt\n|faint|p1a: Delphox\n|\n|upkeep\n|inactive|Time left: 300 sec this turn | 300 sec total | 5 sec grace\n|\n|t:|1783549638\n|switch|p1a: Terrakion|Terrakion, L79|273/273\n|-activate|p1a: Terrakion|move: Sticky Web\n|-unboost|p1a: Terrakion|spe|1\n|turn|20\n|inactive|Time left: 300 sec this turn | 300 sec total\n|\n|t:|1783549639\n|-terastallize|p1a: Terrakion|Fighting\n|move|p1a: Terrakion|Stone Edge|p2a: Araquanid\n|-resisted|p2a: Araquanid\n|-damage|p2a: Araquanid|0 fnt\n|faint|p2a: Araquanid\n|-damage|p1a: Terrakion|246/273|[from] item: Life Orb\n|\n|upkeep\n|\n|t:|1783549640\n|switch|p2a: Barraskewda|Barraskewda, L81, M|100/100\n|turn|21\n|inactive|Time left: 300 sec this turn | 300 sec total\n|\n|t:|1783549640\n|move|p2a: Barraskewda|Waterfall|p1a: Terrakion\n|-damage|p1a: Terrakion|108/273\n|move|p1a: Terrakion|Close Combat|p2a: Barraskewda\n|-damage|p2a: Barraskewda|0 fnt\n|-unboost|p1a: Terrakion|def|1\n|-unboost|p1a: Terrakion|spd|1\n|faint|p2a: Barraskewda\n|-damage|p1a: Terrakion|81/273|[from] item: Life Orb\n|\n|win|p0x838e054", "uploadtime": 1783549640, "views": 0, "rating": 0, "private": 0, "password": null, "_winner": "p0x838e054", "_our_name": "p0x838e054"}