{"id": "battle-gen9randombattle-1972", "formatid": "gen9randombattle", "format": "[Gen 9] Random Battle", "players": ["p0x19726675", "p0y1972f194"], "log": "|init|battle\n|title|p0x19726675 vs. p0y1972f194\n|j|\u2606p0x19726675\n|j|\u2606p0y1972f194\n|t:|1783562079\n|gametype|singles\n|player|p1|p0x19726675|1|\n|player|p2|p0y1972f194|102|\n|gen|9\n|tier|[Gen 9] Random Battle\n|rule|Species Clause: Limit one of each Pok\u00e9mon\n|rule|HP Percentage Mod: HP is shown in percentages\n|rule|Sleep Clause Mod: Limit one foe put to sleep\n|rule|Illusion Level Mod: Illusion disguises the Pok\u00e9mon's true level\n|\n|t:|1783562079\n|teamsize|p1|6\n|teamsize|p2|6\n|start\n|switch|p1a: Zangoose|Zangoose, L85, F|263/263\n|switch|p2a: Ariados|Ariados, L95, M|100/100\n|turn|1\n|inactive|Battle timer is ON: inactive players will automatically lose when time's up. (requested by p0y1972f194)\n|inactive|Time left: 300 sec this turn | 300 sec total | 60 sec grace\n|inactive|p0x19726675 also wants the timer to be on.\n|\n|t:|1783562081\n|move|p1a: Zangoose|Knock Off|p2a: Ariados\n|-damage|p2a: Ariados|72/100\n|-enditem|p2a: Ariados|Focus Sash|[from] move: Knock Off|[of] p1a: Zangoose\n|move|p2a: Ariados|Sticky Web|p1a: Zangoose\n|-sidestart|p1: p0x19726675|move: Sticky Web\n|\n|-status|p1a: Zangoose|tox|[from] item: Toxic Orb\n|upkeep\n|turn|2\n|inactive|Time left: 300 sec this turn | 300 sec total\n|\n|t:|1783562082\n|move|p1a: Zangoose|Facade|p2a: Ariados\n|-damage|p2a: Ariados|0 fnt\n|faint|p2a: Ariados\n|\n|-damage|p1a: Zangoose|247/263 tox|[from] psn\n|upkeep\n|\n|t:|1783562083\n|switch|p2a: Houndstone|Houndstone, L86, F|100/100\n|turn|3\n|inactive|Time left: 300 sec this turn | 300 sec total\n|\n|t:|1783562084\n|move|p1a: Zangoose|Knock Off|p2a: Houndstone\n|-supereffective|p2a: Houndstone\n|-damage|p2a: Houndstone|56/100\n|-enditem|p2a: Houndstone|Assault Vest|[from] move: Knock Off|[of] p1a: Zangoose\n|move|p2a: Houndstone|Body Press|p1a: Zangoose\n|-supereffective|p1a: Zangoose\n|-damage|p1a: Zangoose|77/263 tox\n|\n|-damage|p1a: Zangoose|45/263 tox|[from] psn\n|upkeep\n|turn|4\n|inactive|Time left: 300 sec this turn | 300 sec total\n|\n|t:|1783562085\n|move|p1a: Zangoose|Knock Off|p2a: Houndstone\n|-supereffective|p2a: Houndstone\n|-damage|p2a: Houndstone|27/100\n|move|p2a: Houndstone|Poltergeist|p1a: Zangoose\n|-immune|p1a: Zangoose\n|\n|-damage|p1a: Zangoose|0 fnt|[from] psn\n|faint|p1a: Zangoose\n|upkeep\n|inactive|Time left: 300 sec this turn | 300 sec total | 5 sec grace\n|\n|t:|1783562086\n|switch|p1a: Sandy Shocks|Sandy Shocks, L80|267/267\n|turn|5\n|inactive|Time left: 300 sec this turn | 300 sec total\n|\n|t:|1783562087\n|switch|p2a: Alcremie|Alcremie-Rainbow-Swirl, L90, F|100/100\n|move|p1a: Sandy Shocks|Earth Power|p2a: Alcremie\n|-damage|p2a: Alcremie|73/100\n|\n|-heal|p2a: Alcremie|79/100|[from] item: Leftovers\n|upkeep\n|turn|6\n|inactive|Time left: 300 sec this turn | 300 sec total\n|\n|t:|1783562089\n|move|p1a: Sandy Shocks|Earth Power|p2a: Alcremie\n|-damage|p2a: Alcremie|52/100\n|move|p2a: Alcremie|Calm Mind|p2a: Alcremie\n|-boost|p2a: Alcremie|spa|1\n|-boost|p2a: Alcremie|spd|1\n|\n|-heal|p2a: Alcremie|58/100|[from] item: Leftovers\n|upkeep\n|turn|7\n|inactive|Time left: 300 sec this turn | 300 sec total\n|\n|t:|1783562090\n|-end|p1a: Sandy Shocks|Protosynthesis|[silent]\n|switch|p1a: Stantler|Stantler, L92, F|284/284\n|-activate|p1a: Stantler|move: Sticky Web\n|-unboost|p1a: Stantler|spe|1\n|-ability|p1a: Stantler|Intimidate|boost\n|-unboost|p2a: Alcremie|atk|1\n|move|p2a: Alcremie|Alluring Voice|p1a: Stantler\n|-damage|p1a: Stantler|172/284\n|\n|-heal|p2a: Alcremie|64/100|[from] item: Leftovers\n|upkeep\n|turn|8\n|inactive|Time left: 300 sec this turn | 300 sec total\n|\n|t:|1783562091\n|move|p2a: Alcremie|Alluring Voice|p1a: Stantler\n|-damage|p1a: Stantler|51/284\n|move|p1a: Stantler|Body Slam|p2a: Alcremie\n|-damage|p2a: Alcremie|22/100\n|-status|p2a: Alcremie|par\n|\n|-heal|p2a: Alcremie|28/100 par|[from] item: Leftovers\n|upkeep\n|turn|9\n|inactive|Time left: 300 sec this turn | 300 sec total\n|\n|t:|1783562092\n|switch|p2a: Giratina|Giratina, L75|100/100\n|-ability|p2a: Giratina|Pressure\n|move|p1a: Stantler|Body Slam|p2a: Giratina\n|-immune|p2a: Giratina\n|\n|upkeep\n|turn|10\n|inactive|Time left: 300 sec this turn | 300 sec total\n|\n|t:|1783562093\n|switch|p1a: Sandy Shocks|Sandy Shocks, L80|267/267\n|move|p2a: Giratina|Dragon Tail|p1a: Sandy Shocks\n|-damage|p1a: Sandy Shocks|218/267\n|-end|p1a: Sandy Shocks|Protosynthesis|[silent]\n|drag|p1a: Stantler|Stantler, L92, F|51/284\n|-activate|p1a: Stantler|move: Sticky Web\n|-unboost|p1a: Stantler|spe|1\n|-ability|p1a: Stantler|Intimidate|boost\n|-unboost|p2a: Giratina|atk|1\n|\n|upkeep\n|turn|11\n|inactive|Time left: 300 sec this turn | 300 sec total\n|\n|t:|1783562094\n|switch|p2a: Alcremie|Alcremie-Rainbow-Swirl, L90, F|28/100 par\n|move|p1a: Stantler|Earthquake|p2a: Alcremie\n|-damage|p2a: Alcremie|0 fnt\n|faint|p2a: Alcremie\n|\n|upkeep\n|\n|t:|1783562095\n|switch|p2a: Pyroar|Pyroar, L88, M|100/100\n|-ability|p2a: Pyroar|Unnerve\n|turn|12\n|inactive|Time left: 300 sec this turn | 300 sec total\n|\n|t:|1783562096\n|move|p2a: Pyroar|Fire Blast|p1a: Stantler\n|-damage|p1a: Stantler|0 fnt\n|faint|p1a: Stantler\n|\n|upkeep\n|inactive|Time left: 300 sec this turn | 300 sec total | 5 sec grace\n|\n|t:|1783562097\n|switch|p1a: Dewgong|Dewgong, L94, M|322/322\n|-activate|p1a: Dewgong|move: Sticky Web\n|-unboost|p1a: Dewgong|spe|1\n|turn|13\n|inactive|Time left: 300 sec this turn | 300 sec total\n|\n|t:|1783562098\n|move|p2a: Pyroar|Work Up|p2a: Pyroar\n|-boost|p2a: Pyroar|atk|1\n|-boost|p2a: Pyroar|spa|1\n|move|p1a: Dewgong|Surf|p2a: Pyroar\n|-supereffective|p2a: Pyroar\n|-damage|p2a: Pyroar|27/100\n|\n|upkeep\n|turn|14\n|inactive|Time left: 300 sec this turn | 300 sec total\n|\n|t:|1783562099\n|move|p2a: Pyroar|Fire Blast|p1a: Dewgong\n|-damage|p1a: Dewgong|264/322\n|move|p1a: Dewgong|Surf|p2a: Pyroar\n|-supereffective|p2a: Pyroar\n|-damage|p2a: Pyroar|0 fnt\n|faint|p2a: Pyroar\n|\n|upkeep\n|\n|t:|1783562100\n|switch|p2a: Slither Wing|Slither Wing, L81|100/100\n|turn|15\n|inactive|Time left: 300 sec this turn | 300 sec total\n|\n|t:|1783562101\n|switch|p1a: Sandy Shocks|Sandy Shocks, L80|218/267\n|move|p2a: Slither Wing|Close Combat|p1a: Sandy Shocks\n|-damage|p1a: Sandy Shocks|37/267\n|-unboost|p2a: Slither Wing|def|1\n|-unboost|p2a: Slither Wing|spd|1\n|-damage|p2a: Slither Wing|90/100|[from] item: Life Orb\n|\n|upkeep\n|turn|16\n|inactive|Time left: 300 sec this turn | 300 sec total\n|\n|t:|1783562102\n|move|p1a: Sandy Shocks|Thunderbolt|p2a: Slither Wing\n|-damage|p2a: Slither Wing|39/100\n|move|p2a: Slither Wing|U-turn|p1a: Sandy Shocks\n|-damage|p1a: Sandy Shocks|0 fnt\n|faint|p1a: Sandy Shocks\n|-end|p1a: Sandy Shocks|Protosynthesis|[silent]\n|-damage|p2a: Slither Wing|29/100|[from] item: Life Orb\n|\n|t:|1783562102\n|-end|p2a: Slither Wing|Protosynthesis|[silent]\n|switch|p2a: Giratina|Giratina, L75|100/100|[from] U-turn\n|-ability|p2a: Giratina|Pressure\n|\n|upkeep\n|inactive|Time left: 300 sec this turn | 300 sec total | 10 sec grace\n|\n|t:|1783562103\n|switch|p1a: Dewgong|Dewgong, L94, M|264/322\n|-activate|p1a: Dewgong|move: Sticky Web\n|-unboost|p1a: Dewgong|spe|1\n|turn|17\n|inactive|Time left: 300 sec this turn | 300 sec total\n|\n|t:|1783562104\n|move|p2a: Giratina|Shadow Ball|p1a: Dewgong\n|-damage|p1a: Dewgong|222/322\n|move|p1a: Dewgong|Ice Beam|p2a: Giratina\n|-supereffective|p2a: Giratina\n|-damage|p2a: Giratina|55/100\n|\n|-heal|p2a: Giratina|61/100|[from] item: Leftovers\n|upkeep\n|turn|18\n|inactive|Time left: 300 sec this turn | 300 sec total\n|\n|t:|1783562105\n|move|p1a: Dewgong|Ice Beam|p2a: Giratina\n|-supereffective|p2a: Giratina\n|-damage|p2a: Giratina|11/100\n|move|p2a: Giratina|Dragon Tail|p1a: Dewgong\n|-damage|p1a: Dewgong|168/322\n|drag|p1a: Infernape|Infernape, L82, F|259/259\n|-activate|p1a: Infernape|move: Sticky Web\n|-unboost|p1a: Infernape|spe|1\n|\n|-heal|p2a: Giratina|17/100|[from] item: Leftovers\n|upkeep\n|turn|19\n|inactive|Time left: 300 sec this turn | 300 sec total\n|\n|t:|1783562106\n|move|p2a: Giratina|Rest|p2a: Giratina\n|-status|p2a: Giratina|slp|[from] move: Rest\n|-heal|p2a: Giratina|100/100 slp|[silent]\n|move|p1a: Infernape|Flare Blitz|p2a: Giratina\n|-resisted|p2a: Giratina\n|-damage|p2a: Giratina|76/100 slp\n|-damage|p1a: Infernape|230/259|[from] Recoil\n|\n|-heal|p2a: Giratina|82/100 slp|[from] item: Leftovers\n|upkeep\n|turn|20\n|inactive|Time left: 300 sec this turn | 300 sec total\n|\n|t:|1783562107\n|cant|p2a: Giratina|slp\n|move|p2a: Giratina|Sleep Talk|p2a: Giratina\n|move|p2a: Giratina|Shadow Ball|p1a: Infernape|[from] move: Sleep Talk\n|-damage|p1a: Infernape|139/259\n|move|p1a: Infernape|Flare Blitz|p2a: Giratina\n|-resisted|p2a: Giratina\n|-damage|p2a: Giratina|58/100 slp\n|-damage|p1a: Infernape|111/259|[from] Recoil\n|\n|-heal|p2a: Giratina|64/100 slp|[from] item: Leftovers\n|upkeep\n|turn|21\n|inactive|Time left: 300 sec this turn | 300 sec total\n|\n|t:|1783562108\n|cant|p2a: Giratina|slp\n|move|p2a: Giratina|Sleep Talk|p2a: Giratina\n|move|p2a: Giratina|Shadow Ball|p1a: Infernape|[from] move: Sleep Talk\n|-damage|p1a: Infernape|30/259\n|move|p1a: Infernape|Flare Blitz|p2a: Giratina\n|-resisted|p2a: Giratina\n|-damage|p2a: Giratina|41/100 slp\n|-damage|p1a: Infernape|4/259|[from] Recoil\n|\n|-heal|p2a: Giratina|47/100 slp|[from] item: Leftovers\n|upkeep\n|turn|22\n|inactive|Time left: 300 sec this turn | 300 sec total\n|\n|t:|1783562110\n|-curestatus|p2a: Giratina|slp|[msg]\n|move|p2a: Giratina|Shadow Ball|p1a: Infernape\n|-damage|p1a: Infernape|0 fnt\n|faint|p1a: Infernape\n|\n|-heal|p2a: Giratina|53/100|[from] item: Leftovers\n|upkeep\n|inactive|Time left: 300 sec this turn | 300 sec total | 5 sec grace\n|\n|t:|1783562110\n|switch|p1a: Dewgong|Dewgong, L94, M|168/322\n|-activate|p1a: Dewgong|move: Sticky Web\n|-unboost|p1a: Dewgong|spe|1\n|turn|23\n|inactive|Time left: 300 sec this turn | 300 sec total\n|\n|t:|1783562111\n|move|p2a: Giratina|Shadow Ball|p1a: Dewgong\n|-damage|p1a: Dewgong|129/322\n|-unboost|p1a: Dewgong|spd|1\n|move|p1a: Dewgong|Ice Beam|p2a: Giratina\n|-supereffective|p2a: Giratina\n|-damage|p2a: Giratina|10/100\n|\n|-heal|p2a: Giratina|16/100|[from] item: Leftovers\n|upkeep\n|turn|24\n|inactive|Time left: 300 sec this turn | 300 sec total\n|\n|t:|1783562112\n|move|p2a: Giratina|Rest|p2a: Giratina\n|-status|p2a: Giratina|slp|[from] move: Rest\n|-heal|p2a: Giratina|100/100 slp|[silent]\n|move|p1a: Dewgong|Ice Beam|p2a: Giratina\n|-supereffective|p2a: Giratina\n|-damage|p2a: Giratina|58/100 slp\n|\n|-heal|p2a: Giratina|64/100 slp|[from] item: Leftovers\n|upkeep\n|turn|25\n|inactive|Time left: 300 sec this turn | 300 sec total\n|\n|t:|1783562113\n|cant|p2a: Giratina|slp\n|move|p2a: Giratina|Sleep Talk|p2a: Giratina\n|move|p2a: Giratina|Shadow Ball|p1a: Dewgong|[from] move: Sleep Talk\n|-damage|p1a: Dewgong|69/322\n|move|p1a: Dewgong|Ice Beam|p2a: Giratina\n|-supereffective|p2a: Giratina\n|-damage|p2a: Giratina|19/100 slp\n|\n|-heal|p2a: Giratina|25/100 slp|[from] item: Leftovers\n|upkeep\n|turn|26\n|inactive|Time left: 300 sec this turn | 300 sec total\n|\n|t:|1783562114\n|cant|p2a: Giratina|slp\n|move|p2a: Giratina|Sleep Talk|p2a: Giratina\n|move|p2a: Giratina|Rest||[from] move: Sleep Talk|[still]\n|-fail|p2a: Giratina\n|move|p1a: Dewgong|Ice Beam|p2a: Giratina\n|-supereffective|p2a: Giratina\n|-damage|p2a: Giratina|0 fnt\n|faint|p2a: Giratina\n|\n|upkeep\n|\n|t:|1783562115\n|switch|p2a: Houndstone|Houndstone, L86, F|27/100\n|turn|27\n|inactive|Time left: 300 sec this turn | 300 sec total\n|\n|t:|1783562115\n|move|p2a: Houndstone|Poltergeist|p1a: Dewgong\n|-activate|p1a: Dewgong|move: Poltergeist|Assault Vest\n|-damage|p1a: Dewgong|0 fnt\n|faint|p1a: Dewgong\n|\n|upkeep\n|inactive|Time left: 300 sec this turn | 300 sec total | 5 sec grace\n|\n|t:|1783562116\n|switch|p1a: Jolteon|Jolteon, L84, F|246/246\n|turn|28\n|inactive|Time left: 300 sec this turn | 300 sec total\n|\n|t:|1783562117\n|move|p1a: Jolteon|Calm Mind|p1a: Jolteon\n|-boost|p1a: Jolteon|spa|1\n|-boost|p1a: Jolteon|spd|1\n|move|p2a: Houndstone|Poltergeist|p1a: Jolteon\n|-activate|p1a: Jolteon|move: Poltergeist|Heavy-Duty Boots\n|-damage|p1a: Jolteon|71/246\n|\n|upkeep\n|turn|29\n|inactive|Time left: 300 sec this turn | 300 sec total\n|\n|t:|1783562118\n|-terastallize|p1a: Jolteon|Electric\n|-terastallize|p2a: Houndstone|Fighting\n|move|p1a: Jolteon|Alluring Voice|p2a: Houndstone\n|-supereffective|p2a: Houndstone\n|-damage|p2a: Houndstone|0 fnt\n|faint|p2a: Houndstone\n|\n|upkeep\n|\n|t:|1783562118\n|switch|p2a: Slither Wing|Slither Wing, L81|29/100\n|turn|30\n|inactive|Time left: 300 sec this turn | 300 sec total\n|\n|t:|1783562119\n|move|p2a: Slither Wing|First Impression|p1a: Jolteon\n|-damage|p1a: Jolteon|0 fnt\n|faint|p1a: Jolteon\n|-damage|p2a: Slither Wing|19/100|[from] item: Life Orb\n|\n|win|p0y1972f194", "uploadtime": 1783562119, "views": 0, "rating": 0, "private": 0, "password": null, "_winner": "p0y1972f194", "_our_name": "p0x19726675"}