{"id": "battle-gen9randombattle-263", "formatid": "gen9randombattle", "format": "[Gen 9] Random Battle", "players": ["p0x263fd0b", "p0y2634b87"], "log": "|init|battle\n|title|p0x263fd0b vs. p0y2634b87\n|j|\u2606p0x263fd0b\n|j|\u2606p0y2634b87\n|t:|1783542141\n|gametype|singles\n|player|p1|p0x263fd0b|1|\n|player|p2|p0y2634b87|266|\n|gen|9\n|tier|[Gen 9] Random Battle\n|rule|Species Clause: Limit one of each Pok\u00e9mon\n|rule|HP Percentage Mod: HP is shown in percentages\n|rule|Sleep Clause Mod: Limit one foe put to sleep\n|rule|Illusion Level Mod: Illusion disguises the Pok\u00e9mon's true level\n|\n|t:|1783542142\n|teamsize|p1|6\n|teamsize|p2|6\n|start\n|switch|p1a: Stonjourner|Stonjourner, L91, F|330/330\n|switch|p2a: Kingambit|Kingambit, L74, M|100/100\n|turn|1\n|inactive|Battle timer is ON: inactive players will automatically lose when time's up. (requested by p0y2634b87)\n|inactive|Time left: 300 sec this turn | 300 sec total | 60 sec grace\n|inactive|p0x263fd0b also wants the timer to be on.\n|\n|t:|1783542143\n|-end|p2a: Kingambit|fallenundefined|[silent]\n|switch|p2a: Gliscor|Gliscor, L76, M|100/100\n|move|p1a: Stonjourner|Heat Crash|p2a: Gliscor\n|-damage|p2a: Gliscor|45/100\n|-damage|p1a: Stonjourner|297/330|[from] item: Life Orb\n|\n|-status|p2a: Gliscor|tox|[from] item: Toxic Orb\n|upkeep\n|turn|2\n|inactive|Time left: 300 sec this turn | 300 sec total\n|\n|t:|1783542144\n|move|p2a: Gliscor|Protect|p2a: Gliscor\n|-singleturn|p2a: Gliscor|Protect\n|move|p1a: Stonjourner|Heat Crash|p2a: Gliscor\n|-activate|p2a: Gliscor|move: Protect\n|\n|-heal|p2a: Gliscor|57/100 tox|[from] ability: Poison Heal\n|upkeep\n|turn|3\n|inactive|Time left: 300 sec this turn | 300 sec total\n|\n|t:|1783542145\n|move|p2a: Gliscor|Toxic Spikes|p1a: Stonjourner\n|-sidestart|p1: p0x263fd0b|move: Toxic Spikes\n|move|p1a: Stonjourner|Stone Edge|p2a: Gliscor\n|-crit|p2a: Gliscor\n|-damage|p2a: Gliscor|0 fnt\n|faint|p2a: Gliscor\n|-damage|p1a: Stonjourner|264/330|[from] item: Life Orb\n|\n|upkeep\n|\n|t:|1783542146\n|switch|p2a: Spectrier|Spectrier, L75|100/100\n|turn|4\n|inactive|Time left: 300 sec this turn | 300 sec total\n|\n|t:|1783542147\n|move|p2a: Spectrier|Shadow Ball|p1a: Stonjourner\n|-damage|p1a: Stonjourner|0 fnt\n|faint|p1a: Stonjourner\n|-ability|p2a: Spectrier|Grim Neigh|boost\n|-boost|p2a: Spectrier|spa|1\n|-damage|p2a: Spectrier|91/100|[from] item: Life Orb\n|\n|upkeep\n|inactive|Time left: 300 sec this turn | 300 sec total | 5 sec grace\n|\n|t:|1783542148\n|switch|p1a: Emboar|Emboar, L84, F|322/322\n|-status|p1a: Emboar|psn\n|turn|5\n|inactive|Time left: 300 sec this turn | 300 sec total\n|\n|t:|1783542149\n|move|p2a: Spectrier|Shadow Ball|p1a: Emboar\n|-damage|p1a: Emboar|102/322 psn\n|-damage|p2a: Spectrier|81/100|[from] item: Life Orb\n|move|p1a: Emboar|Flare Blitz|p2a: Spectrier\n|-damage|p2a: Spectrier|0 fnt\n|faint|p2a: Spectrier\n|-damage|p1a: Emboar|29/322 psn|[from] Recoil\n|\n|-damage|p1a: Emboar|0 fnt|[from] psn\n|faint|p1a: Emboar\n|upkeep\n|inactive|Time left: 300 sec this turn | 300 sec total | 5 sec grace\n|\n|t:|1783542150\n|switch|p2a: Mienshao|Mienshao, L83, M|100/100\n|switch|p1a: Slither Wing|Slither Wing, L81|270/270\n|turn|6\n|inactive|Time left: 300 sec this turn | 300 sec total\n|\n|t:|1783542151\n|move|p2a: Mienshao|High Jump Kick|p1a: Slither Wing\n|-resisted|p1a: Slither Wing\n|-damage|p1a: Slither Wing|102/270\n|move|p1a: Slither Wing|Close Combat|p2a: Mienshao\n|-damage|p2a: Mienshao|12/100\n|-unboost|p1a: Slither Wing|def|1\n|-unboost|p1a: Slither Wing|spd|1\n|\n|upkeep\n|turn|7\n|inactive|Time left: 300 sec this turn | 300 sec total\n|\n|t:|1783542153\n|-end|p1a: Slither Wing|Protosynthesis|[silent]\n|switch|p1a: Mismagius|Mismagius, L86, M|243/243\n|move|p2a: Mienshao|High Jump Kick|p1a: Mismagius\n|-immune|p1a: Mismagius\n|-damage|p2a: Mienshao|0 fnt|[from] highjumpkick\n|faint|p2a: Mienshao\n|\n|upkeep\n|\n|t:|1783542154\n|switch|p2a: Kingambit|Kingambit, L74, M|100/100\n|-activate|p2a: Kingambit|ability: Supreme Overlord\n|-start|p2a: Kingambit|fallen3|[silent]\n|turn|8\n|inactive|Time left: 300 sec this turn | 300 sec total\n|\n|t:|1783542155\n|switch|p1a: Slither Wing|Slither Wing, L81|102/270\n|move|p2a: Kingambit|Iron Head|p1a: Slither Wing\n|-damage|p1a: Slither Wing|0 fnt\n|faint|p1a: Slither Wing\n|-end|p1a: Slither Wing|Protosynthesis|[silent]\n|\n|upkeep\n|inactive|Time left: 300 sec this turn | 300 sec total | 5 sec grace\n|\n|t:|1783542156\n|switch|p1a: Duraludon|Duraludon, L82, F|249/249\n|turn|9\n|inactive|Time left: 300 sec this turn | 300 sec total\n|\n|t:|1783542157\n|-end|p2a: Kingambit|fallen3|[silent]\n|switch|p2a: Whimsicott|Whimsicott, L84, M|100/100\n|move|p1a: Duraludon|Body Press|p2a: Whimsicott\n|-resisted|p2a: Whimsicott\n|-damage|p2a: Whimsicott|88/100\n|\n|-heal|p2a: Whimsicott|94/100|[from] item: Leftovers\n|upkeep\n|turn|10\n|inactive|Time left: 300 sec this turn | 300 sec total\n|\n|t:|1783542157\n|move|p2a: Whimsicott|Moonblast|p1a: Duraludon\n|-damage|p1a: Duraludon|168/249\n|-unboost|p1a: Duraludon|spa|1\n|move|p1a: Duraludon|Flash Cannon|p2a: Whimsicott\n|-supereffective|p2a: Whimsicott\n|-damage|p2a: Whimsicott|30/100\n|\n|-heal|p2a: Whimsicott|36/100|[from] item: Leftovers\n|upkeep\n|turn|11\n|inactive|Time left: 300 sec this turn | 300 sec total\n|\n|t:|1783542159\n|move|p2a: Whimsicott|Moonblast|p1a: Duraludon\n|-crit|p1a: Duraludon\n|-damage|p1a: Duraludon|41/249\n|move|p1a: Duraludon|Flash Cannon|p2a: Whimsicott\n|-supereffective|p2a: Whimsicott\n|-crit|p2a: Whimsicott\n|-damage|p2a: Whimsicott|0 fnt\n|faint|p2a: Whimsicott\n|\n|upkeep\n|\n|t:|1783542159\n|switch|p2a: Scizor|Scizor, L79, M|100/100\n|turn|12\n|inactive|Time left: 300 sec this turn | 300 sec total\n|\n|t:|1783542160\n|move|p1a: Duraludon|Body Press|p2a: Scizor\n|-damage|p2a: Scizor|78/100\n|move|p2a: Scizor|Swords Dance|p2a: Scizor\n|-boost|p2a: Scizor|atk|2\n|\n|upkeep\n|turn|13\n|inactive|Time left: 300 sec this turn | 300 sec total\n|\n|t:|1783542162\n|move|p2a: Scizor|Bullet Punch|p1a: Duraludon\n|-resisted|p1a: Duraludon\n|-damage|p1a: Duraludon|0 fnt\n|faint|p1a: Duraludon\n|-damage|p2a: Scizor|68/100|[from] item: Life Orb\n|\n|upkeep\n|inactive|Time left: 300 sec this turn | 300 sec total | 5 sec grace\n|\n|t:|1783542163\n|switch|p1a: Mismagius|Mismagius, L86, M|243/243\n|turn|14\n|inactive|Time left: 300 sec this turn | 300 sec total\n|\n|t:|1783542164\n|-terastallize|p1a: Mismagius|Electric\n|-terastallize|p2a: Scizor|Steel\n|move|p2a: Scizor|Bullet Punch|p1a: Mismagius\n|-resisted|p1a: Mismagius\n|-damage|p1a: Mismagius|90/243\n|-damage|p2a: Scizor|58/100|[from] item: Life Orb\n|move|p1a: Mismagius|Thunderbolt|p2a: Scizor\n|-damage|p2a: Scizor|0 fnt\n|faint|p2a: Scizor\n|\n|upkeep\n|\n|t:|1783542164\n|switch|p2a: Kingambit|Kingambit, L74, M|100/100\n|-activate|p2a: Kingambit|ability: Supreme Overlord\n|-start|p2a: Kingambit|fallen5|[silent]\n|turn|15\n|inactive|Time left: 300 sec this turn | 300 sec total\n|\n|t:|1783542165\n|switch|p1a: Blastoise|Blastoise, L80, F|258/258\n|-status|p1a: Blastoise|psn\n|move|p2a: Kingambit|Sucker Punch||[still]\n|-fail|p2a: Kingambit\n|\n|-damage|p1a: Blastoise|226/258 psn|[from] psn\n|upkeep\n|turn|16\n|inactive|Time left: 300 sec this turn | 300 sec total\n|\n|t:|1783542166\n|move|p1a: Blastoise|Ice Beam|p2a: Kingambit\n|-resisted|p2a: Kingambit\n|-damage|p2a: Kingambit|88/100\n|move|p2a: Kingambit|Swords Dance|p2a: Kingambit\n|-boost|p2a: Kingambit|atk|2\n|\n|-heal|p2a: Kingambit|94/100|[from] item: Leftovers\n|-damage|p1a: Blastoise|194/258 psn|[from] psn\n|upkeep\n|turn|17\n|inactive|Time left: 300 sec this turn | 300 sec total\n|\n|t:|1783542167\n|move|p1a: Blastoise|Ice Beam|p2a: Kingambit\n|-resisted|p2a: Kingambit\n|-crit|p2a: Kingambit\n|-damage|p2a: Kingambit|76/100\n|move|p2a: Kingambit|Kowtow Cleave|p1a: Blastoise\n|-damage|p1a: Blastoise|0 fnt\n|faint|p1a: Blastoise\n|\n|-heal|p2a: Kingambit|82/100|[from] item: Leftovers\n|upkeep\n|inactive|Time left: 300 sec this turn | 300 sec total | 5 sec grace\n|\n|t:|1783542168\n|switch|p1a: Mismagius|Mismagius, L86, M, tera:Electric|90/243\n|turn|18\n|inactive|Time left: 300 sec this turn | 300 sec total\n|\n|t:|1783542169\n|move|p2a: Kingambit|Sucker Punch|p1a: Mismagius\n|-damage|p1a: Mismagius|0 fnt\n|faint|p1a: Mismagius\n|\n|win|p0y2634b87", "uploadtime": 1783542169, "views": 0, "rating": 0, "private": 0, "password": null, "_winner": "p0y2634b87", "_our_name": "p0x263fd0b"}