{"id": "battle-gen9randombattle-1154", "formatid": "gen9randombattle", "format": "[Gen 9] Random Battle", "players": ["p0x1154ce3c", "p0y1154b1ae"], "log": "|init|battle\n|title|p0x1154ce3c vs. p0y1154b1ae\n|j|\u2606p0x1154ce3c\n|j|\u2606p0y1154b1ae\n|t:|1783553394\n|gametype|singles\n|player|p1|p0x1154ce3c|101|\n|player|p2|p0y1154b1ae|102|\n|gen|9\n|tier|[Gen 9] Random Battle\n|rule|Species Clause: Limit one of each Pok\u00e9mon\n|rule|HP Percentage Mod: HP is shown in percentages\n|rule|Sleep Clause Mod: Limit one foe put to sleep\n|rule|Illusion Level Mod: Illusion disguises the Pok\u00e9mon's true level\n|\n|t:|1783553394\n|teamsize|p1|6\n|teamsize|p2|6\n|start\n|switch|p1a: Hippowdon|Hippowdon, L82, F|100/100\n|switch|p2a: Kyogre|Kyogre, L71|259/259\n|-weather|RainDance|[from] ability: Drizzle|[of] p2a: Kyogre\n|-weather|Sandstorm|[from] ability: Sand Stream|[of] p1a: Hippowdon\n|turn|1\n|inactive|Battle timer is ON: inactive players will automatically lose when time's up. (requested by p0x1154ce3c)\n|inactive|Time left: 300 sec this turn | 300 sec total | 60 sec grace\n|inactive|p0y1154b1ae also wants the timer to be on.\n|\n|t:|1783553396\n|move|p2a: Kyogre|Origin Pulse|p1a: Hippowdon\n|-supereffective|p1a: Hippowdon\n|-damage|p1a: Hippowdon|16/100\n|move|p1a: Hippowdon|Earthquake|p2a: Kyogre\n|-damage|p2a: Kyogre|138/259\n|\n|-weather|Sandstorm|[upkeep]\n|-damage|p2a: Kyogre|122/259|[from] Sandstorm\n|-heal|p2a: Kyogre|138/259|[from] item: Leftovers\n|-heal|p1a: Hippowdon|22/100|[from] item: Leftovers\n|upkeep\n|turn|2\n|inactive|Time left: 300 sec this turn | 300 sec total\n|\n|t:|1783553397\n|move|p2a: Kyogre|Origin Pulse|p1a: Hippowdon\n|-supereffective|p1a: Hippowdon\n|-damage|p1a: Hippowdon|0 fnt\n|faint|p1a: Hippowdon\n|\n|-weather|Sandstorm|[upkeep]\n|-damage|p2a: Kyogre|122/259|[from] Sandstorm\n|-heal|p2a: Kyogre|138/259|[from] item: Leftovers\n|upkeep\n|\n|t:|1783553398\n|switch|p1a: Hitmonchan|Hitmonchan, L87, M|100/100\n|turn|3\n|inactive|Time left: 300 sec this turn | 300 sec total\n|\n|t:|1783553400\n|switch|p2a: Metagross|Metagross, L79|256/256\n|move|p1a: Hitmonchan|Drain Punch|p2a: Metagross\n|-damage|p2a: Metagross|177/256\n|\n|-weather|Sandstorm|[upkeep]\n|-damage|p1a: Hitmonchan|94/100|[from] Sandstorm\n|-heal|p1a: Hitmonchan|100/100|[from] item: Leftovers\n|upkeep\n|turn|4\n|inactive|Time left: 300 sec this turn | 300 sec total\n|\n|t:|1783553401\n|move|p1a: Hitmonchan|Bulk Up|p1a: Hitmonchan\n|-boost|p1a: Hitmonchan|atk|1\n|-boost|p1a: Hitmonchan|def|1\n|move|p2a: Metagross|Psychic Fangs|p1a: Hitmonchan\n|-supereffective|p1a: Hitmonchan\n|-crit|p1a: Hitmonchan\n|-damage|p1a: Hitmonchan|0 fnt\n|faint|p1a: Hitmonchan\n|\n|-weather|Sandstorm|[upkeep]\n|upkeep\n|\n|t:|1783553402\n|switch|p1a: Magmortar|Magmortar, L88, M|100/100\n|turn|5\n|inactive|Time left: 300 sec this turn | 300 sec total\n|\n|t:|1783553403\n|switch|p2a: Kyogre|Kyogre, L71|138/259\n|-weather|RainDance|[from] ability: Drizzle|[of] p2a: Kyogre\n|move|p1a: Magmortar|Fire Blast|p2a: Kyogre\n|-resisted|p2a: Kyogre\n|-damage|p2a: Kyogre|104/259\n|\n|-weather|RainDance|[upkeep]\n|-heal|p2a: Kyogre|120/259|[from] item: Leftovers\n|upkeep\n|turn|6\n|inactive|Time left: 300 sec this turn | 300 sec total\n|\n|t:|1783553404\n|move|p1a: Magmortar|Thunderbolt|p2a: Kyogre\n|-supereffective|p2a: Kyogre\n|-damage|p2a: Kyogre|0 fnt\n|faint|p2a: Kyogre\n|\n|-weather|RainDance|[upkeep]\n|upkeep\n|inactive|Time left: 300 sec this turn | 300 sec total | 5 sec grace\n|\n|t:|1783553406\n|switch|p2a: Metagross|Metagross, L79|177/256\n|turn|7\n|inactive|Time left: 300 sec this turn | 300 sec total\n|\n|t:|1783553407\n|-terastallize|p2a: Metagross|Ground\n|move|p1a: Magmortar|Knock Off|p2a: Metagross\n|-damage|p2a: Metagross|121/256\n|-enditem|p2a: Metagross|Weakness Policy|[from] move: Knock Off|[of] p1a: Magmortar\n|move|p2a: Metagross|Earthquake|p1a: Magmortar\n|-supereffective|p1a: Magmortar\n|-damage|p1a: Magmortar|0 fnt\n|faint|p1a: Magmortar\n|\n|-weather|RainDance|[upkeep]\n|upkeep\n|\n|t:|1783553408\n|switch|p1a: Gengar|Gengar, L81, M|100/100\n|turn|8\n|inactive|Time left: 300 sec this turn | 300 sec total\n|\n|t:|1783553409\n|switch|p2a: Regice|Regice, L88|284/284\n|move|p1a: Gengar|Shadow Ball|p2a: Regice\n|-damage|p2a: Regice|222/284\n|-damage|p1a: Gengar|90/100|[from] item: Life Orb\n|\n|-weather|RainDance|[upkeep]\n|upkeep\n|turn|9\n|inactive|Time left: 300 sec this turn | 300 sec total\n|\n|t:|1783553410\n|move|p1a: Gengar|Focus Blast|p2a: Regice|[miss]\n|-miss|p1a: Gengar|p2a: Regice\n|move|p2a: Regice|Ice Beam|p1a: Gengar\n|-damage|p1a: Gengar|31/100\n|\n|-weather|none\n|upkeep\n|turn|10\n|inactive|Time left: 300 sec this turn | 300 sec total\n|\n|t:|1783553410\n|switch|p1a: Torkoal|Torkoal, L88, M|100/100\n|-weather|SunnyDay|[from] ability: Drought|[of] p1a: Torkoal\n|move|p2a: Regice|Ice Beam|p1a: Torkoal\n|-resisted|p1a: Torkoal\n|-damage|p1a: Torkoal|78/100\n|\n|-weather|SunnyDay|[upkeep]\n|upkeep\n|turn|11\n|inactive|Time left: 300 sec this turn | 300 sec total\n|\n|t:|1783553411\n|move|p2a: Regice|Thunderbolt|p1a: Torkoal\n|-damage|p1a: Torkoal|48/100\n|move|p1a: Torkoal|Fire Blast|p2a: Regice\n|-supereffective|p2a: Regice\n|-damage|p2a: Regice|36/284\n|\n|-weather|SunnyDay|[upkeep]\n|upkeep\n|turn|12\n|inactive|Time left: 300 sec this turn | 300 sec total\n|\n|t:|1783553412\n|move|p2a: Regice|Thunderbolt|p1a: Torkoal\n|-damage|p1a: Torkoal|17/100\n|-status|p1a: Torkoal|par\n|move|p1a: Torkoal|Fire Blast|p2a: Regice\n|-supereffective|p2a: Regice\n|-damage|p2a: Regice|0 fnt\n|faint|p2a: Regice\n|\n|-weather|SunnyDay|[upkeep]\n|upkeep\n|inactive|Time left: 300 sec this turn | 300 sec total | 5 sec grace\n|\n|t:|1783553413\n|switch|p2a: Kingambit|Kingambit, L74, M|270/270\n|-activate|p2a: Kingambit|ability: Supreme Overlord\n|-start|p2a: Kingambit|fallen2|[silent]\n|turn|13\n|inactive|Time left: 300 sec this turn | 300 sec total\n|\n|t:|1783553414\n|move|p2a: Kingambit|Kowtow Cleave|p1a: Torkoal\n|-damage|p1a: Torkoal|0 fnt\n|faint|p1a: Torkoal\n|\n|-weather|SunnyDay|[upkeep]\n|upkeep\n|\n|t:|1783553414\n|switch|p1a: Gengar|Gengar, L81, M|31/100\n|turn|14\n|inactive|Time left: 300 sec this turn | 300 sec total\n|\n|t:|1783553415\n|-terastallize|p1a: Gengar|Fighting\n|move|p2a: Kingambit|Sucker Punch|p1a: Gengar\n|-resisted|p1a: Gengar\n|-damage|p1a: Gengar|5/100\n|move|p1a: Gengar|Focus Blast|p2a: Kingambit|[miss]\n|-miss|p1a: Gengar|p2a: Kingambit\n|\n|-weather|none\n|upkeep\n|turn|15\n|inactive|Time left: 300 sec this turn | 300 sec total\n|\n|t:|1783553416\n|move|p2a: Kingambit|Sucker Punch||[still]\n|-fail|p2a: Kingambit\n|move|p1a: Gengar|Toxic Spikes|p2a: Kingambit\n|-sidestart|p2: p0y1154b1ae|move: Toxic Spikes\n|\n|upkeep\n|turn|16\n|inactive|Time left: 300 sec this turn | 300 sec total\n|\n|t:|1783553417\n|move|p2a: Kingambit|Sucker Punch||[still]\n|-fail|p2a: Kingambit\n|move|p1a: Gengar|Toxic Spikes|p2a: Kingambit\n|-sidestart|p2: p0y1154b1ae|move: Toxic Spikes\n|\n|upkeep\n|turn|17\n|inactive|Time left: 300 sec this turn | 300 sec total\n|\n|t:|1783553418\n|move|p2a: Kingambit|Sucker Punch|p1a: Gengar\n|-resisted|p1a: Gengar\n|-damage|p1a: Gengar|0 fnt\n|faint|p1a: Gengar\n|\n|upkeep\n|\n|t:|1783553418\n|switch|p1a: Volbeat|Volbeat, L90, M|100/100\n|turn|18\n|inactive|Time left: 300 sec this turn | 300 sec total\n|\n|t:|1783553419\n|move|p1a: Volbeat|Roost||[still]\n|-fail|p1a: Volbeat|heal\n|move|p2a: Kingambit|Swords Dance|p2a: Kingambit\n|-boost|p2a: Kingambit|atk|2\n|\n|upkeep\n|turn|19\n|inactive|Time left: 300 sec this turn | 300 sec total\n|\n|t:|1783553420\n|move|p1a: Volbeat|U-turn|p2a: Kingambit\n|-damage|p2a: Kingambit|204/270\n|move|p2a: Kingambit|Kowtow Cleave|p1a: Volbeat\n|-damage|p1a: Volbeat|9/100\n|\n|-heal|p2a: Kingambit|220/270|[from] item: Leftovers\n|upkeep\n|turn|20\n|inactive|Time left: 300 sec this turn | 300 sec total\n|\n|t:|1783553421\n|move|p1a: Volbeat|Roost|p1a: Volbeat\n|-heal|p1a: Volbeat|59/100\n|-singleturn|p1a: Volbeat|move: Roost\n|move|p2a: Kingambit|Iron Head|p1a: Volbeat\n|-damage|p1a: Volbeat|0 fnt\n|faint|p1a: Volbeat\n|\n|win|p0y1154b1ae", "uploadtime": 1783553421, "views": 0, "rating": 0, "private": 0, "password": null, "_winner": "p0y1154b1ae", "_our_name": "p0y1154b1ae"}