{"id": "battle-gen9randombattle-1333", "formatid": "gen9randombattle", "format": "[Gen 9] Random Battle", "players": ["p0x13333ab6", "p0y133394ed"], "log": "|init|battle\n|title|p0x13333ab6 vs. p0y133394ed\n|j|\u2606p0x13333ab6\n|j|\u2606p0y133394ed\n|t:|1783554609\n|gametype|singles\n|player|p1|p0x13333ab6|2|\n|player|p2|p0y133394ed|266|\n|gen|9\n|tier|[Gen 9] Random Battle\n|rule|Species Clause: Limit one of each Pok\u00e9mon\n|rule|HP Percentage Mod: HP is shown in percentages\n|rule|Sleep Clause Mod: Limit one foe put to sleep\n|rule|Illusion Level Mod: Illusion disguises the Pok\u00e9mon's true level\n|\n|t:|1783554609\n|teamsize|p1|6\n|teamsize|p2|6\n|start\n|switch|p1a: Fezandipiti|Fezandipiti, L82, M|100/100\n|switch|p2a: Keldeo|Keldeo-Resolute, L79|273/273\n|turn|1\n|inactive|Battle timer is ON: inactive players will automatically lose when time's up. (requested by p0y133394ed)\n|inactive|p0x13333ab6 also wants the timer to be on.\n|\n|t:|1783554611\n|move|p2a: Keldeo|Calm Mind|p2a: Keldeo\n|-boost|p2a: Keldeo|spa|1\n|-boost|p2a: Keldeo|spd|1\n|move|p1a: Fezandipiti|Moonblast|p2a: Keldeo\n|-supereffective|p2a: Keldeo\n|-damage|p2a: Keldeo|159/273\n|-unboost|p2a: Keldeo|spa|1\n|-status|p2a: Keldeo|tox|[from] ability: Toxic Chain|[of] p1a: Fezandipiti\n|\n|-heal|p2a: Keldeo|176/273 tox|[from] item: Leftovers\n|-damage|p2a: Keldeo|159/273 tox|[from] psn\n|upkeep\n|turn|2\n|inactive|Time left: 300 sec this turn | 300 sec total\n|\n|t:|1783554612\n|switch|p2a: Ariados|Ariados, L95, F|287/287\n|move|p1a: Fezandipiti|Moonblast|p2a: Ariados\n|-resisted|p2a: Ariados\n|-damage|p2a: Ariados|248/287\n|\n|upkeep\n|turn|3\n|inactive|Time left: 300 sec this turn | 300 sec total\n|\n|t:|1783554613\n|move|p1a: Fezandipiti|Moonblast|p2a: Ariados\n|-resisted|p2a: Ariados\n|-damage|p2a: Ariados|209/287\n|move|p2a: Ariados|Sticky Web|p1a: Fezandipiti\n|-sidestart|p1: p0x13333ab6|move: Sticky Web\n|\n|upkeep\n|turn|4\n|inactive|Time left: 300 sec this turn | 300 sec total\n|\n|t:|1783554614\n|move|p1a: Fezandipiti|Moonblast|p2a: Ariados\n|-resisted|p2a: Ariados\n|-damage|p2a: Ariados|168/287\n|-unboost|p2a: Ariados|spa|1\n|move|p2a: Ariados|Poison Jab|p1a: Fezandipiti\n|-damage|p1a: Fezandipiti|58/100\n|\n|-heal|p1a: Fezandipiti|64/100|[from] item: Leftovers\n|upkeep\n|turn|5\n|inactive|Time left: 300 sec this turn | 300 sec total\n|\n|t:|1783554615\n|move|p1a: Fezandipiti|Gunk Shot|p2a: Ariados\n|-resisted|p2a: Ariados\n|-damage|p2a: Ariados|108/287\n|move|p2a: Ariados|Poison Jab|p1a: Fezandipiti\n|-damage|p1a: Fezandipiti|22/100\n|\n|-heal|p1a: Fezandipiti|28/100|[from] item: Leftovers\n|upkeep\n|turn|6\n|inactive|Time left: 300 sec this turn | 300 sec total\n|\n|t:|1783554616\n|move|p1a: Fezandipiti|Roost|p1a: Fezandipiti\n|-heal|p1a: Fezandipiti|78/100\n|-singleturn|p1a: Fezandipiti|move: Roost\n|move|p2a: Ariados|Poison Jab|p1a: Fezandipiti\n|-damage|p1a: Fezandipiti|38/100\n|\n|-heal|p1a: Fezandipiti|44/100|[from] item: Leftovers\n|upkeep\n|turn|7\n|inactive|Time left: 300 sec this turn | 300 sec total\n|\n|t:|1783554617\n|move|p1a: Fezandipiti|Roost|p1a: Fezandipiti\n|-heal|p1a: Fezandipiti|94/100\n|-singleturn|p1a: Fezandipiti|move: Roost\n|move|p2a: Ariados|Poison Jab|p1a: Fezandipiti\n|-damage|p1a: Fezandipiti|50/100\n|\n|-heal|p1a: Fezandipiti|57/100|[from] item: Leftovers\n|upkeep\n|turn|8\n|inactive|Time left: 300 sec this turn | 300 sec total\n|\n|t:|1783554618\n|move|p1a: Fezandipiti|Roost|p1a: Fezandipiti\n|-heal|p1a: Fezandipiti|100/100\n|-singleturn|p1a: Fezandipiti|move: Roost\n|move|p2a: Ariados|Knock Off|p1a: Fezandipiti\n|-resisted|p1a: Fezandipiti\n|-damage|p1a: Fezandipiti|84/100\n|-enditem|p1a: Fezandipiti|Leftovers|[from] move: Knock Off|[of] p2a: Ariados\n|\n|upkeep\n|turn|9\n|inactive|Time left: 300 sec this turn | 300 sec total\n|\n|t:|1783554619\n|move|p1a: Fezandipiti|Moonblast|p2a: Ariados\n|-resisted|p2a: Ariados\n|-damage|p2a: Ariados|71/287\n|move|p2a: Ariados|Poison Jab|p1a: Fezandipiti\n|-damage|p1a: Fezandipiti|47/100\n|\n|upkeep\n|turn|10\n|inactive|Time left: 300 sec this turn | 300 sec total\n|\n|t:|1783554620\n|move|p1a: Fezandipiti|Roost|p1a: Fezandipiti\n|-heal|p1a: Fezandipiti|97/100\n|-singleturn|p1a: Fezandipiti|move: Roost\n|move|p2a: Ariados|Poison Jab|p1a: Fezandipiti\n|-damage|p1a: Fezandipiti|53/100\n|\n|upkeep\n|turn|11\n|inactive|Time left: 300 sec this turn | 300 sec total\n|\n|t:|1783554621\n|move|p1a: Fezandipiti|Roost|p1a: Fezandipiti\n|-heal|p1a: Fezandipiti|100/100\n|-singleturn|p1a: Fezandipiti|move: Roost\n|move|p2a: Ariados|Poison Jab|p1a: Fezandipiti\n|-damage|p1a: Fezandipiti|58/100\n|\n|upkeep\n|turn|12\n|inactive|Time left: 300 sec this turn | 300 sec total\n|\n|t:|1783554622\n|move|p1a: Fezandipiti|Moonblast|p2a: Ariados\n|-resisted|p2a: Ariados\n|-damage|p2a: Ariados|34/287\n|-unboost|p2a: Ariados|spa|1\n|move|p2a: Ariados|Poison Jab|p1a: Fezandipiti\n|-damage|p1a: Fezandipiti|20/100\n|\n|upkeep\n|turn|13\n|inactive|Time left: 300 sec this turn | 300 sec total\n|\n|t:|1783554623\n|switch|p2a: Kingdra|Kingdra, L84, M|263/263\n|move|p1a: Fezandipiti|Roost|p1a: Fezandipiti\n|-heal|p1a: Fezandipiti|70/100\n|-singleturn|p1a: Fezandipiti|move: Roost\n|\n|upkeep\n|turn|14\n|inactive|Time left: 300 sec this turn | 300 sec total\n|\n|t:|1783554624\n|move|p1a: Fezandipiti|Moonblast|p2a: Kingdra\n|-supereffective|p2a: Kingdra\n|-damage|p2a: Kingdra|119/263\n|move|p2a: Kingdra|Dragon Dance|p2a: Kingdra\n|-boost|p2a: Kingdra|atk|1\n|-boost|p2a: Kingdra|spe|1\n|\n|upkeep\n|turn|15\n|inactive|Time left: 300 sec this turn | 300 sec total\n|\n|t:|1783554625\n|move|p2a: Kingdra|Wave Crash|p1a: Fezandipiti\n|-damage|p1a: Fezandipiti|3/100\n|-damage|p2a: Kingdra|57/263|[from] Recoil\n|move|p1a: Fezandipiti|Moonblast|p2a: Kingdra\n|-supereffective|p2a: Kingdra\n|-damage|p2a: Kingdra|0 fnt\n|faint|p2a: Kingdra\n|\n|upkeep\n|inactive|Time left: 300 sec this turn | 300 sec total | 5 sec grace\n|\n|t:|1783554626\n|switch|p2a: Pachirisu|Pachirisu, L96, M|271/271\n|turn|16\n|inactive|Time left: 300 sec this turn | 300 sec total\n|\n|t:|1783554627\n|move|p2a: Pachirisu|Nuzzle|p1a: Fezandipiti\n|-damage|p1a: Fezandipiti|0 fnt\n|faint|p1a: Fezandipiti\n|\n|upkeep\n|\n|t:|1783554628\n|switch|p1a: Leavanny|Leavanny, L86, F|100/100\n|turn|17\n|inactive|Time left: 300 sec this turn | 300 sec total\n|\n|t:|1783554629\n|move|p2a: Pachirisu|Nuzzle|p1a: Leavanny\n|-resisted|p1a: Leavanny\n|-damage|p1a: Leavanny|97/100\n|-status|p1a: Leavanny|par\n|move|p1a: Leavanny|Sticky Web|p2a: Pachirisu\n|-sidestart|p2: p0y133394ed|move: Sticky Web\n|\n|upkeep\n|turn|18\n|inactive|Time left: 300 sec this turn | 300 sec total\n|\n|t:|1783554630\n|move|p2a: Pachirisu|Super Fang|p1a: Leavanny\n|-damage|p1a: Leavanny|49/100 par\n|move|p1a: Leavanny|Lunge|p2a: Pachirisu\n|-damage|p2a: Pachirisu|174/271\n|-unboost|p2a: Pachirisu|atk|1\n|\n|upkeep\n|turn|19\n|inactive|Time left: 300 sec this turn | 300 sec total\n|\n|t:|1783554631\n|move|p2a: Pachirisu|Super Fang|p1a: Leavanny|[miss]\n|-miss|p2a: Pachirisu|p1a: Leavanny\n|move|p1a: Leavanny|Lunge|p2a: Pachirisu\n|-damage|p2a: Pachirisu|83/271\n|-unboost|p2a: Pachirisu|atk|1\n|\n|upkeep\n|turn|20\n|inactive|Time left: 300 sec this turn | 300 sec total\n|\n|t:|1783554632\n|move|p2a: Pachirisu|Super Fang|p1a: Leavanny\n|-damage|p1a: Leavanny|25/100 par\n|cant|p1a: Leavanny|par\n|\n|upkeep\n|turn|21\n|inactive|Time left: 300 sec this turn | 300 sec total\n|\n|t:|1783554633\n|move|p2a: Pachirisu|Super Fang|p1a: Leavanny\n|-damage|p1a: Leavanny|13/100 par\n|move|p1a: Leavanny|Knock Off|p2a: Pachirisu\n|-damage|p2a: Pachirisu|9/271\n|-enditem|p2a: Pachirisu|Assault Vest|[from] move: Knock Off|[of] p1a: Leavanny\n|\n|upkeep\n|turn|22\n|inactive|Time left: 300 sec this turn | 300 sec total\n|\n|t:|1783554635\n|move|p2a: Pachirisu|Thunderbolt|p1a: Leavanny\n|-resisted|p1a: Leavanny\n|-damage|p1a: Leavanny|0 fnt\n|faint|p1a: Leavanny\n|\n|upkeep\n|\n|t:|1783554635\n|switch|p1a: Jolteon|Jolteon, L84, M|100/100\n|-activate|p1a: Jolteon|move: Sticky Web\n|-unboost|p1a: Jolteon|spe|1\n|turn|23\n|inactive|Time left: 300 sec this turn | 300 sec total\n|\n|t:|1783554636\n|move|p2a: Pachirisu|Super Fang|p1a: Jolteon\n|-damage|p1a: Jolteon|50/100\n|move|p1a: Jolteon|Calm Mind|p1a: Jolteon\n|-boost|p1a: Jolteon|spa|1\n|-boost|p1a: Jolteon|spd|1\n|\n|upkeep\n|turn|24\n|inactive|Time left: 300 sec this turn | 300 sec total\n|\n|t:|1783554637\n|move|p2a: Pachirisu|Super Fang|p1a: Jolteon\n|-damage|p1a: Jolteon|26/100\n|move|p1a: Jolteon|Calm Mind|p1a: Jolteon\n|-boost|p1a: Jolteon|spa|1\n|-boost|p1a: Jolteon|spd|1\n|\n|upkeep\n|turn|25\n|inactive|Time left: 300 sec this turn | 300 sec total\n|\n|t:|1783554639\n|move|p2a: Pachirisu|Super Fang|p1a: Jolteon\n|-damage|p1a: Jolteon|13/100\n|move|p1a: Jolteon|Calm Mind|p1a: Jolteon\n|-boost|p1a: Jolteon|spa|1\n|-boost|p1a: Jolteon|spd|1\n|\n|upkeep\n|turn|26\n|inactive|Time left: 300 sec this turn | 300 sec total\n|\n|t:|1783554640\n|move|p2a: Pachirisu|Super Fang|p1a: Jolteon\n|-damage|p1a: Jolteon|7/100\n|move|p1a: Jolteon|Calm Mind|p1a: Jolteon\n|-boost|p1a: Jolteon|spa|1\n|-boost|p1a: Jolteon|spd|1\n|\n|upkeep\n|turn|27\n|inactive|Time left: 300 sec this turn | 300 sec total\n|\n|t:|1783554641\n|move|p2a: Pachirisu|U-turn|p1a: Jolteon\n|-damage|p1a: Jolteon|0 fnt\n|faint|p1a: Jolteon\n|inactive|Time left: 300 sec this turn | 300 sec total | 5 sec grace\n|\n|t:|1783554642\n|switch|p2a: Brambleghast|Brambleghast, L88, F|240/240|[from] U-turn\n|-activate|p2a: Brambleghast|move: Sticky Web\n|-unboost|p2a: Brambleghast|spe|1\n|\n|upkeep\n|\n|t:|1783554643\n|switch|p1a: Mightyena|Mightyena, L96, F|100/100\n|-activate|p1a: Mightyena|move: Sticky Web\n|-unboost|p1a: Mightyena|spe|1\n|-ability|p1a: Mightyena|Intimidate|boost\n|-unboost|p2a: Brambleghast|atk|1\n|turn|28\n|inactive|Time left: 300 sec this turn | 300 sec total\n|\n|t:|1783554644\n|switch|p2a: Pachirisu|Pachirisu, L96, M|9/271\n|-activate|p2a: Pachirisu|move: Sticky Web\n|-unboost|p2a: Pachirisu|spe|1\n|move|p1a: Mightyena|Crunch|p2a: Pachirisu\n|-damage|p2a: Pachirisu|0 fnt\n|faint|p2a: Pachirisu\n|\n|upkeep\n|inactive|Time left: 300 sec this turn | 300 sec total | 5 sec grace\n|\n|t:|1783554645\n|switch|p2a: Keldeo|Keldeo-Resolute, L79|159/273 tox\n|-activate|p2a: Keldeo|move: Sticky Web\n|-unboost|p2a: Keldeo|spe|1\n|turn|29\n|inactive|Time left: 300 sec this turn | 300 sec total\n|\n|t:|1783554646\n|switch|p1a: Poliwrath|Poliwrath, L88, M|100/100\n|-activate|p1a: Poliwrath|move: Sticky Web\n|-unboost|p1a: Poliwrath|spe|1\n|move|p2a: Keldeo|Secret Sword|p1a: Poliwrath\n|-damage|p1a: Poliwrath|71/100\n|\n|-heal|p2a: Keldeo|176/273 tox|[from] item: Leftovers\n|-damage|p2a: Keldeo|159/273 tox|[from] psn\n|upkeep\n|turn|30\n|inactive|Time left: 300 sec this turn | 300 sec total\n|\n|t:|1783554647\n|move|p2a: Keldeo|Secret Sword|p1a: Poliwrath\n|-damage|p1a: Poliwrath|41/100\n|move|p1a: Poliwrath|Knock Off|p2a: Keldeo\n|-resisted|p2a: Keldeo\n|-damage|p2a: Keldeo|123/273 tox\n|-ability|p2a: Keldeo|Justified|boost\n|-boost|p2a: Keldeo|atk|1\n|-enditem|p2a: Keldeo|Leftovers|[from] move: Knock Off|[of] p1a: Poliwrath\n|\n|-damage|p2a: Keldeo|89/273 tox|[from] psn\n|upkeep\n|turn|31\n|inactive|Time left: 300 sec this turn | 300 sec total\n|\n|t:|1783554648\n|move|p2a: Keldeo|Secret Sword|p1a: Poliwrath\n|-damage|p1a: Poliwrath|12/100\n|move|p1a: Poliwrath|Knock Off|p2a: Keldeo\n|-resisted|p2a: Keldeo\n|-damage|p2a: Keldeo|62/273 tox\n|-ability|p2a: Keldeo|Justified|boost\n|-boost|p2a: Keldeo|atk|1\n|\n|-damage|p2a: Keldeo|11/273 tox|[from] psn\n|upkeep\n|turn|32\n|inactive|Time left: 300 sec this turn | 300 sec total\n|\n|t:|1783554650\n|move|p2a: Keldeo|Secret Sword|p1a: Poliwrath\n|-damage|p1a: Poliwrath|0 fnt\n|faint|p1a: Poliwrath\n|\n|-damage|p2a: Keldeo|0 fnt|[from] psn\n|faint|p2a: Keldeo\n|upkeep\n|inactive|Time left: 300 sec this turn | 300 sec total | 5 sec grace\n|\n|t:|1783554651\n|switch|p2a: Plusle|Plusle, L95, M|268/268\n|switch|p1a: Mightyena|Mightyena, L96, F|100/100\n|-activate|p2a: Plusle|move: Sticky Web\n|-unboost|p2a: Plusle|spe|1\n|-activate|p1a: Mightyena|move: Sticky Web\n|-unboost|p1a: Mightyena|spe|1\n|-ability|p1a: Mightyena|Intimidate|boost\n|-unboost|p2a: Plusle|atk|1\n|turn|33\n|inactive|Time left: 300 sec this turn | 300 sec total\n|\n|t:|1783554652\n|move|p2a: Plusle|Nasty Plot|p2a: Plusle\n|-boost|p2a: Plusle|spa|2\n|move|p1a: Mightyena|Crunch|p2a: Plusle\n|-damage|p2a: Plusle|28/268\n|\n|upkeep\n|turn|34\n|inactive|Time left: 300 sec this turn | 300 sec total\n|\n|t:|1783554653\n|switch|p1a: Umbreon|Umbreon, L84, F|100/100\n|-activate|p1a: Umbreon|move: Sticky Web\n|-unboost|p1a: Umbreon|spe|1\n|move|p2a: Plusle|Thunderbolt|p1a: Umbreon\n|-damage|p1a: Umbreon|29/100\n|-damage|p2a: Plusle|2/268|[from] item: Life Orb\n|\n|-heal|p1a: Umbreon|35/100|[from] item: Leftovers\n|upkeep\n|turn|35\n|inactive|Time left: 300 sec this turn | 300 sec total\n|\n|t:|1783554654\n|move|p2a: Plusle|Thunderbolt|p1a: Umbreon\n|-damage|p1a: Umbreon|0 fnt\n|faint|p1a: Umbreon\n|-damage|p2a: Plusle|0 fnt|[from] item: Life Orb\n|faint|p2a: Plusle\n|\n|upkeep\n|inactive|Time left: 300 sec this turn | 300 sec total | 5 sec grace\n|\n|t:|1783554655\n|switch|p2a: Ariados|Ariados, L95, F|34/287\n|switch|p1a: Mightyena|Mightyena, L96, F|100/100\n|-activate|p1a: Mightyena|move: Sticky Web\n|-unboost|p1a: Mightyena|spe|1\n|-ability|p1a: Mightyena|Intimidate|boost\n|-unboost|p2a: Ariados|atk|1\n|turn|36\n|inactive|Time left: 300 sec this turn | 300 sec total\n|\n|t:|1783554656\n|move|p1a: Mightyena|Sucker Punch|p2a: Ariados\n|-damage|p2a: Ariados|0 fnt\n|faint|p2a: Ariados\n|\n|upkeep\n|inactive|Time left: 300 sec this turn | 300 sec total | 5 sec grace\n|\n|t:|1783554657\n|switch|p2a: Brambleghast|Brambleghast, L88, F|240/240\n|-activate|p2a: Brambleghast|move: Sticky Web\n|-unboost|p2a: Brambleghast|spe|1\n|turn|37\n|inactive|Time left: 300 sec this turn | 300 sec total\n|\n|t:|1783554658\n|-terastallize|p2a: Brambleghast|Steel\n|move|p1a: Mightyena|Sucker Punch||[still]\n|-fail|p1a: Mightyena\n|move|p2a: Brambleghast|Leech Seed|p1a: Mightyena|[miss]\n|-miss|p2a: Brambleghast|p1a: Mightyena\n|\n|upkeep\n|turn|38\n|inactive|Time left: 300 sec this turn | 300 sec total\n|\n|t:|1783554659\n|move|p1a: Mightyena|Sucker Punch||[still]\n|-fail|p1a: Mightyena\n|move|p2a: Brambleghast|Leech Seed|p1a: Mightyena\n|-start|p1a: Mightyena|move: Leech Seed\n|\n|-damage|p1a: Mightyena|88/100|[from] Leech Seed|[of] p2a: Brambleghast\n|upkeep\n|turn|39\n|inactive|Time left: 300 sec this turn | 300 sec total\n|\n|t:|1783554659\n|move|p1a: Mightyena|Sucker Punch||[still]\n|-fail|p1a: Mightyena\n|move|p2a: Brambleghast|Substitute|p2a: Brambleghast\n|-start|p2a: Brambleghast|Substitute\n|-damage|p2a: Brambleghast|180/240\n|\n|-heal|p2a: Brambleghast|195/240|[from] item: Leftovers\n|-damage|p1a: Mightyena|76/100|[from] Leech Seed|[of] p2a: Brambleghast\n|-heal|p2a: Brambleghast|231/240|[silent]\n|upkeep\n|turn|40\n|inactive|Time left: 300 sec this turn | 300 sec total\n|\n|t:|1783554660\n|move|p1a: Mightyena|Sucker Punch|p2a: Brambleghast\n|-end|p2a: Brambleghast|Substitute\n|move|p2a: Brambleghast|Power Whip|p1a: Mightyena\n|-damage|p1a: Mightyena|19/100\n|\n|-heal|p2a: Brambleghast|240/240|[from] item: Leftovers\n|-damage|p1a: Mightyena|7/100|[from] Leech Seed|[of] p2a: Brambleghast\n|upkeep\n|turn|41\n|inactive|Time left: 300 sec this turn | 300 sec total\n|\n|t:|1783554661\n|move|p1a: Mightyena|Sucker Punch|p2a: Brambleghast\n|-damage|p2a: Brambleghast|75/240\n|move|p2a: Brambleghast|Power Whip|p1a: Mightyena\n|-damage|p1a: Mightyena|0 fnt\n|faint|p1a: Mightyena\n|\n|win|p0y133394ed", "uploadtime": 1783554661, "views": 0, "rating": 0, "private": 0, "password": null, "_winner": "p0y133394ed", "_our_name": "p0y133394ed"}