{"id": "battle-gen9randombattle-961", "formatid": "gen9randombattle", "format": "[Gen 9] Random Battle", "players": ["p0x961de64", "p0y9613ef5"], "log": "|init|battle\n|title|p0x961de64 vs. p0y9613ef5\n|j|\u2606p0x961de64\n|j|\u2606p0y9613ef5\n|t:|1783550273\n|gametype|singles\n|player|p1|p0x961de64|170|\n|player|p2|p0y9613ef5|2|\n|gen|9\n|tier|[Gen 9] Random Battle\n|rule|Species Clause: Limit one of each Pok\u00e9mon\n|rule|HP Percentage Mod: HP is shown in percentages\n|rule|Sleep Clause Mod: Limit one foe put to sleep\n|rule|Illusion Level Mod: Illusion disguises the Pok\u00e9mon's true level\n|\n|t:|1783550273\n|teamsize|p1|6\n|teamsize|p2|6\n|start\n|switch|p1a: Iron Moth|Iron Moth, L78|100/100\n|switch|p2a: Eiscue|Eiscue, L88, M|274/274\n|turn|1\n|inactive|Battle timer is ON: inactive players will automatically lose when time's up. (requested by p0y9613ef5)\n|inactive|p0x961de64 also wants the timer to be on.\n|\n|t:|1783550275\n|move|p1a: Iron Moth|Fire Blast|p2a: Eiscue|[miss]\n|-miss|p1a: Iron Moth|p2a: Eiscue\n|move|p2a: Eiscue|Zen Headbutt|p1a: Iron Moth\n|-supereffective|p1a: Iron Moth\n|-damage|p1a: Iron Moth|35/100\n|\n|upkeep\n|turn|2\n|inactive|Time left: 300 sec this turn | 300 sec total\n|\n|t:|1783550276\n|move|p1a: Iron Moth|Fire Blast|p2a: Eiscue\n|-supereffective|p2a: Eiscue\n|-damage|p2a: Eiscue|38/274\n|-enditem|p2a: Eiscue|Sitrus Berry|[eat]\n|-heal|p2a: Eiscue|106/274|[from] item: Sitrus Berry\n|move|p2a: Eiscue|Liquidation|p1a: Iron Moth\n|-supereffective|p1a: Iron Moth\n|-damage|p1a: Iron Moth|0 fnt\n|faint|p1a: Iron Moth\n|-end|p1a: Iron Moth|Quark Drive|[silent]\n|\n|upkeep\n|\n|t:|1783550277\n|switch|p1a: Reuniclus|Reuniclus, L88, F|100/100\n|turn|3\n|inactive|Time left: 300 sec this turn | 300 sec total\n|\n|t:|1783550278\n|switch|p2a: Mismagius|Mismagius, L86, F|243/243\n|move|p1a: Reuniclus|Psychic|p2a: Mismagius\n|-damage|p2a: Mismagius|90/243\n|\n|upkeep\n|turn|4\n|inactive|Time left: 300 sec this turn | 300 sec total\n|\n|t:|1783550279\n|move|p2a: Mismagius|Shadow Ball|p1a: Reuniclus\n|-supereffective|p1a: Reuniclus\n|-damage|p1a: Reuniclus|18/100\n|move|p1a: Reuniclus|Psychic|p2a: Mismagius\n|-damage|p2a: Mismagius|0 fnt\n|faint|p2a: Mismagius\n|\n|upkeep\n|inactive|Time left: 300 sec this turn | 300 sec total | 5 sec grace\n|\n|t:|1783550280\n|switch|p2a: Goodra|Goodra-Hisui, L82, F|265/265\n|turn|5\n|inactive|Time left: 300 sec this turn | 300 sec total\n|\n|t:|1783550281\n|switch|p1a: Eelektross|Eelektross, L87, F|100/100\n|move|p2a: Goodra|Knock Off|p1a: Eelektross\n|-damage|p1a: Eelektross|78/100\n|-enditem|p1a: Eelektross|Leftovers|[from] move: Knock Off|[of] p2a: Goodra\n|\n|upkeep\n|turn|6\n|inactive|Time left: 300 sec this turn | 300 sec total\n|\n|t:|1783550282\n|switch|p2a: Eiscue|Eiscue, L88, M|106/274\n|move|p1a: Eelektross|Drain Punch|p2a: Eiscue\n|-activate|p2a: Eiscue|ability: Ice Face\n|-damage|p2a: Eiscue|106/274\n|detailschange|p2a: Eiscue|Eiscue-Noice, L88, M\n|\n|upkeep\n|turn|7\n|inactive|Time left: 300 sec this turn | 300 sec total\n|\n|t:|1783550283\n|move|p2a: Eiscue|Ice Spinner|p1a: Eelektross\n|-damage|p1a: Eelektross|51/100\n|move|p1a: Eelektross|Coil|p1a: Eelektross\n|-boost|p1a: Eelektross|atk|1\n|-boost|p1a: Eelektross|def|1\n|-boost|p1a: Eelektross|accuracy|1\n|\n|upkeep\n|turn|8\n|inactive|Time left: 300 sec this turn | 300 sec total\n|\n|t:|1783550284\n|move|p2a: Eiscue|Zen Headbutt|p1a: Eelektross\n|-damage|p1a: Eelektross|38/100\n|move|p1a: Eelektross|Drain Punch|p2a: Eiscue\n|-supereffective|p2a: Eiscue\n|-damage|p2a: Eiscue|0 fnt\n|-heal|p1a: Eelektross|56/100|[from] drain|[of] p2a: Eiscue\n|faint|p2a: Eiscue\n|\n|upkeep\n|inactive|Time left: 300 sec this turn | 300 sec total | 5 sec grace\n|\n|t:|1783550286\n|switch|p2a: Goodra|Goodra-Hisui, L82, F|265/265\n|turn|9\n|inactive|Time left: 300 sec this turn | 300 sec total\n|\n|t:|1783550287\n|-terastallize|p2a: Goodra|Dragon\n|move|p2a: Goodra|Draco Meteor|p1a: Eelektross\n|-damage|p1a: Eelektross|0 fnt\n|-unboost|p2a: Goodra|spa|2\n|faint|p1a: Eelektross\n|\n|upkeep\n|\n|t:|1783550288\n|switch|p1a: Toucannon|Toucannon, L88, M|100/100\n|turn|10\n|inactive|Time left: 300 sec this turn | 300 sec total\n|\n|t:|1783550289\n|switch|p2a: Orthworm|Orthworm, L88, M|266/266\n|-singleturn|p1a: Toucannon|move: Beak Blast\n|move|p1a: Toucannon|Beak Blast|p2a: Orthworm\n|-resisted|p2a: Orthworm\n|-damage|p2a: Orthworm|221/266\n|\n|-heal|p2a: Orthworm|237/266|[from] item: Leftovers\n|upkeep\n|turn|11\n|inactive|Time left: 300 sec this turn | 300 sec total\n|\n|t:|1783550290\n|move|p2a: Orthworm|Heavy Slam|p1a: Toucannon\n|-damage|p1a: Toucannon|56/100\n|move|p1a: Toucannon|Boomburst|p2a: Orthworm\n|-resisted|p2a: Orthworm\n|-damage|p2a: Orthworm|152/266\n|\n|-heal|p2a: Orthworm|168/266|[from] item: Leftovers\n|upkeep\n|turn|12\n|inactive|Time left: 300 sec this turn | 300 sec total\n|\n|t:|1783550291\n|move|p2a: Orthworm|Heavy Slam|p1a: Toucannon\n|-damage|p1a: Toucannon|4/100\n|move|p1a: Toucannon|Roost|p1a: Toucannon\n|-heal|p1a: Toucannon|54/100\n|-singleturn|p1a: Toucannon|move: Roost\n|\n|-heal|p2a: Orthworm|184/266|[from] item: Leftovers\n|upkeep\n|turn|13\n|inactive|Time left: 300 sec this turn | 300 sec total\n|\n|t:|1783550292\n|move|p2a: Orthworm|Heavy Slam|p1a: Toucannon\n|-damage|p1a: Toucannon|2/100\n|move|p1a: Toucannon|Roost|p1a: Toucannon\n|-heal|p1a: Toucannon|52/100\n|-singleturn|p1a: Toucannon|move: Roost\n|\n|-heal|p2a: Orthworm|200/266|[from] item: Leftovers\n|upkeep\n|turn|14\n|inactive|Time left: 300 sec this turn | 300 sec total\n|\n|t:|1783550293\n|move|p2a: Orthworm|Heavy Slam|p1a: Toucannon\n|-damage|p1a: Toucannon|8/100\n|move|p1a: Toucannon|Roost|p1a: Toucannon\n|-heal|p1a: Toucannon|58/100\n|-singleturn|p1a: Toucannon|move: Roost\n|\n|-heal|p2a: Orthworm|216/266|[from] item: Leftovers\n|upkeep\n|turn|15\n|inactive|Time left: 300 sec this turn | 300 sec total\n|\n|t:|1783550295\n|move|p2a: Orthworm|Heavy Slam|p1a: Toucannon\n|-damage|p1a: Toucannon|6/100\n|move|p1a: Toucannon|Roost|p1a: Toucannon\n|-heal|p1a: Toucannon|56/100\n|-singleturn|p1a: Toucannon|move: Roost\n|\n|-heal|p2a: Orthworm|232/266|[from] item: Leftovers\n|upkeep\n|turn|16\n|inactive|Time left: 300 sec this turn | 300 sec total\n|\n|t:|1783550296\n|move|p2a: Orthworm|Heavy Slam|p1a: Toucannon\n|-damage|p1a: Toucannon|6/100\n|move|p1a: Toucannon|Roost|p1a: Toucannon\n|-heal|p1a: Toucannon|56/100\n|-singleturn|p1a: Toucannon|move: Roost\n|\n|-heal|p2a: Orthworm|248/266|[from] item: Leftovers\n|upkeep\n|turn|17\n|inactive|Time left: 300 sec this turn | 300 sec total\n|\n|t:|1783550297\n|move|p2a: Orthworm|Heavy Slam|p1a: Toucannon\n|-damage|p1a: Toucannon|8/100\n|move|p1a: Toucannon|Roost|p1a: Toucannon\n|-heal|p1a: Toucannon|58/100\n|-singleturn|p1a: Toucannon|move: Roost\n|\n|-heal|p2a: Orthworm|264/266|[from] item: Leftovers\n|upkeep\n|turn|18\n|inactive|Time left: 300 sec this turn | 300 sec total\n|\n|t:|1783550298\n|move|p2a: Orthworm|Heavy Slam|p1a: Toucannon\n|-damage|p1a: Toucannon|7/100\n|move|p1a: Toucannon|Roost|p1a: Toucannon\n|-heal|p1a: Toucannon|57/100\n|-singleturn|p1a: Toucannon|move: Roost\n|\n|-heal|p2a: Orthworm|266/266|[from] item: Leftovers\n|upkeep\n|turn|19\n|inactive|Time left: 300 sec this turn | 300 sec total\n|\n|t:|1783550299\n|move|p2a: Orthworm|Heavy Slam|p1a: Toucannon\n|-damage|p1a: Toucannon|9/100\n|move|p1a: Toucannon|Roost|p1a: Toucannon\n|-heal|p1a: Toucannon|59/100\n|-singleturn|p1a: Toucannon|move: Roost\n|\n|upkeep\n|turn|20\n|inactive|Time left: 300 sec this turn | 300 sec total\n|\n|t:|1783550300\n|move|p2a: Orthworm|Body Press|p1a: Toucannon\n|-damage|p1a: Toucannon|24/100\n|move|p1a: Toucannon|Boomburst|p2a: Orthworm\n|-resisted|p2a: Orthworm\n|-damage|p2a: Orthworm|171/266\n|\n|-heal|p2a: Orthworm|187/266|[from] item: Leftovers\n|upkeep\n|turn|21\n|inactive|Time left: 300 sec this turn | 300 sec total\n|\n|t:|1783550302\n|switch|p1a: Mienshao|Mienshao, L83, F|100/100\n|move|p2a: Orthworm|Heavy Slam|p1a: Mienshao\n|-damage|p1a: Mienshao|28/100\n|\n|-heal|p2a: Orthworm|203/266|[from] item: Leftovers\n|upkeep\n|turn|22\n|inactive|Time left: 300 sec this turn | 300 sec total\n|\n|t:|1783550303\n|move|p1a: Mienshao|Close Combat|p2a: Orthworm\n|-supereffective|p2a: Orthworm\n|-damage|p2a: Orthworm|11/266\n|-unboost|p1a: Mienshao|def|1\n|-unboost|p1a: Mienshao|spd|1\n|move|p2a: Orthworm|Body Press|p1a: Mienshao\n|-damage|p1a: Mienshao|0 fnt\n|faint|p1a: Mienshao\n|\n|-heal|p2a: Orthworm|27/266|[from] item: Leftovers\n|upkeep\n|\n|t:|1783550304\n|switch|p1a: Perrserker|Perrserker, L89, M|100/100\n|turn|23\n|inactive|Time left: 300 sec this turn | 300 sec total\n|\n|t:|1783550305\n|move|p2a: Orthworm|Body Press|p1a: Perrserker\n|-supereffective|p1a: Perrserker\n|-damage|p1a: Perrserker|50/100\n|move|p1a: Perrserker|Iron Head|p2a: Orthworm\n|-resisted|p2a: Orthworm\n|-damage|p2a: Orthworm|0 fnt\n|faint|p2a: Orthworm\n|-damage|p1a: Perrserker|40/100|[from] item: Life Orb\n|\n|upkeep\n|inactive|Time left: 300 sec this turn | 300 sec total | 5 sec grace\n|\n|t:|1783550306\n|switch|p2a: Keldeo|Keldeo-Resolute, L79|273/273\n|turn|24\n|inactive|Time left: 300 sec this turn | 300 sec total\n|\n|t:|1783550307\n|move|p2a: Keldeo|Surf|p1a: Perrserker\n|-damage|p1a: Perrserker|0 fnt\n|faint|p1a: Perrserker\n|\n|upkeep\n|\n|t:|1783550308\n|switch|p1a: Toucannon|Toucannon, L88, M|24/100\n|turn|25\n|inactive|Time left: 300 sec this turn | 300 sec total\n|\n|t:|1783550308\n|move|p2a: Keldeo|Surf|p1a: Toucannon\n|-damage|p1a: Toucannon|0 fnt\n|faint|p1a: Toucannon\n|\n|upkeep\n|\n|t:|1783550309\n|switch|p1a: Reuniclus|Reuniclus, L88, F|18/100\n|turn|26\n|inactive|Time left: 300 sec this turn | 300 sec total\n|\n|t:|1783550310\n|move|p2a: Keldeo|Surf|p1a: Reuniclus\n|-damage|p1a: Reuniclus|0 fnt\n|faint|p1a: Reuniclus\n|\n|win|p0y9613ef5", "uploadtime": 1783550310, "views": 0, "rating": 0, "private": 0, "password": null, "_winner": "p0y9613ef5", "_our_name": "p0y9613ef5"}