{"id": "battle-gen9randombattle-157", "formatid": "gen9randombattle", "format": "[Gen 9] Random Battle", "players": ["p0x157c553", "p0y157f3e9"], "log": "|init|battle\n|title|p0x157c553 vs. p0y157f3e9\n|j|\u2606p0x157c553\n|j|\u2606p0y157f3e9\n|t:|1783535064\n|gametype|singles\n|player|p1|p0x157c553|1|\n|player|p2|p0y157f3e9|2|\n|gen|9\n|tier|[Gen 9] Random Battle\n|rule|Species Clause: Limit one of each Pok\u00e9mon\n|rule|HP Percentage Mod: HP is shown in percentages\n|rule|Sleep Clause Mod: Limit one foe put to sleep\n|rule|Illusion Level Mod: Illusion disguises the Pok\u00e9mon's true level\n|\n|t:|1783535064\n|teamsize|p1|6\n|teamsize|p2|6\n|start\n|switch|p1a: Zapdos|Zapdos, L78|100/100\n|switch|p2a: Perrserker|Perrserker, L89, M|269/269\n|turn|1\n|inactive|Battle timer is ON: inactive players will automatically lose when time's up. (requested by p0y157f3e9)\n|inactive|p0x157c553 also wants the timer to be on.\n|\n|t:|1783535065\n|switch|p2a: Raging Bolt|Raging Bolt, L78|323/323\n|move|p1a: Zapdos|Heat Wave|p2a: Raging Bolt\n|-resisted|p2a: Raging Bolt\n|-damage|p2a: Raging Bolt|299/323\n|\n|upkeep\n|turn|2\n|inactive|Time left: 300 sec this turn | 300 sec total\n|\n|t:|1783535067\n|switch|p1a: Mudsdale|Mudsdale, L83, M|100/100\n|move|p2a: Raging Bolt|Volt Switch|p1a: Mudsdale\n|-immune|p1a: Mudsdale\n|\n|upkeep\n|turn|3\n|inactive|Time left: 300 sec this turn | 300 sec total\n|\n|t:|1783535068\n|-end|p2a: Raging Bolt|Protosynthesis|[silent]\n|switch|p2a: Stantler|Stantler, L92, M|284/284\n|-ability|p2a: Stantler|Intimidate|boost\n|-unboost|p1a: Mudsdale|atk|1\n|move|p1a: Mudsdale|Earthquake|p2a: Stantler\n|-crit|p2a: Stantler\n|-damage|p2a: Stantler|137/284\n|\n|upkeep\n|turn|4\n|inactive|Time left: 300 sec this turn | 300 sec total\n|\n|t:|1783535070\n|move|p2a: Stantler|Body Slam|p1a: Mudsdale\n|-damage|p1a: Mudsdale|66/100\n|-ability|p1a: Mudsdale|Stamina|boost\n|-boost|p1a: Mudsdale|def|1\n|move|p1a: Mudsdale|Stealth Rock|p2a: Stantler\n|-sidestart|p2: p0y157f3e9|move: Stealth Rock\n|\n|-heal|p1a: Mudsdale|72/100|[from] item: Leftovers\n|upkeep\n|turn|5\n|inactive|Time left: 300 sec this turn | 300 sec total\n|\n|t:|1783535071\n|move|p2a: Stantler|Body Slam|p1a: Mudsdale\n|-damage|p1a: Mudsdale|52/100\n|-ability|p1a: Mudsdale|Stamina|boost\n|-boost|p1a: Mudsdale|def|1\n|move|p1a: Mudsdale|Earthquake|p2a: Stantler\n|-damage|p2a: Stantler|68/284\n|\n|-heal|p1a: Mudsdale|58/100|[from] item: Leftovers\n|upkeep\n|turn|6\n|inactive|Time left: 300 sec this turn | 300 sec total\n|\n|t:|1783535072\n|move|p2a: Stantler|Body Slam|p1a: Mudsdale\n|-damage|p1a: Mudsdale|41/100\n|-ability|p1a: Mudsdale|Stamina|boost\n|-boost|p1a: Mudsdale|def|1\n|move|p1a: Mudsdale|Earthquake|p2a: Stantler\n|-damage|p2a: Stantler|0 fnt\n|faint|p2a: Stantler\n|\n|-heal|p1a: Mudsdale|47/100|[from] item: Leftovers\n|upkeep\n|inactive|Time left: 300 sec this turn | 300 sec total | 5 sec grace\n|\n|t:|1783535073\n|switch|p2a: Scrafty|Scrafty, L83, F|244/244\n|-damage|p2a: Scrafty|229/244|[from] Stealth Rock\n|turn|7\n|inactive|Time left: 300 sec this turn | 300 sec total\n|\n|t:|1783535073\n|move|p2a: Scrafty|Bulk Up|p2a: Scrafty\n|-boost|p2a: Scrafty|atk|1\n|-boost|p2a: Scrafty|def|1\n|move|p1a: Mudsdale|Roar|p2a: Scrafty\n|drag|p2a: Barraskewda|Barraskewda, L81, M|231/231\n|-damage|p2a: Barraskewda|203/231|[from] Stealth Rock\n|\n|-heal|p1a: Mudsdale|53/100|[from] item: Leftovers\n|upkeep\n|turn|8\n|inactive|Time left: 300 sec this turn | 300 sec total\n|\n|t:|1783535074\n|move|p2a: Barraskewda|Waterfall|p1a: Mudsdale\n|-supereffective|p1a: Mudsdale\n|-damage|p1a: Mudsdale|18/100\n|-ability|p1a: Mudsdale|Stamina|boost\n|-boost|p1a: Mudsdale|def|1\n|move|p1a: Mudsdale|Earthquake|p2a: Barraskewda\n|-damage|p2a: Barraskewda|95/231\n|\n|-heal|p1a: Mudsdale|24/100|[from] item: Leftovers\n|upkeep\n|turn|9\n|inactive|Time left: 300 sec this turn | 300 sec total\n|\n|t:|1783535075\n|-terastallize|p1a: Mudsdale|Steel\n|move|p2a: Barraskewda|Waterfall|p1a: Mudsdale\n|-damage|p1a: Mudsdale|9/100\n|-ability|p1a: Mudsdale|Stamina|boost\n|-boost|p1a: Mudsdale|def|1\n|move|p1a: Mudsdale|Earthquake|p2a: Barraskewda\n|-damage|p2a: Barraskewda|0 fnt\n|faint|p2a: Barraskewda\n|\n|-heal|p1a: Mudsdale|15/100|[from] item: Leftovers\n|upkeep\n|inactive|Time left: 300 sec this turn | 300 sec total | 5 sec grace\n|\n|t:|1783535076\n|switch|p2a: Scrafty|Scrafty, L83, F|229/244\n|-damage|p2a: Scrafty|214/244|[from] Stealth Rock\n|turn|10\n|inactive|Time left: 300 sec this turn | 300 sec total\n|\n|t:|1783535077\n|move|p2a: Scrafty|Knock Off|p1a: Mudsdale\n|-damage|p1a: Mudsdale|7/100\n|-ability|p1a: Mudsdale|Stamina|boost\n|-boost|p1a: Mudsdale|def|1\n|-enditem|p1a: Mudsdale|Leftovers|[from] move: Knock Off|[of] p2a: Scrafty\n|move|p1a: Mudsdale|Roar|p2a: Scrafty\n|drag|p2a: Raging Bolt|Raging Bolt, L78|299/323\n|-damage|p2a: Raging Bolt|259/323|[from] Stealth Rock\n|\n|upkeep\n|turn|11\n|inactive|Time left: 300 sec this turn | 300 sec total\n|\n|t:|1783535078\n|switch|p1a: Gurdurr|Gurdurr, L85, M|100/100\n|move|p2a: Raging Bolt|Thunderbolt|p1a: Gurdurr\n|-damage|p1a: Gurdurr|62/100\n|-status|p1a: Gurdurr|par\n|\n|upkeep\n|turn|12\n|inactive|Time left: 300 sec this turn | 300 sec total\n|\n|t:|1783535079\n|move|p2a: Raging Bolt|Thunderbolt|p1a: Gurdurr\n|-damage|p1a: Gurdurr|22/100 par\n|move|p1a: Gurdurr|Drain Punch|p2a: Raging Bolt\n|-damage|p2a: Raging Bolt|112/323\n|-heal|p1a: Gurdurr|48/100 par|[from] drain|[of] p2a: Raging Bolt\n|\n|upkeep\n|turn|13\n|inactive|Time left: 300 sec this turn | 300 sec total\n|\n|t:|1783535081\n|move|p2a: Raging Bolt|Draco Meteor|p1a: Gurdurr\n|-damage|p1a: Gurdurr|0 fnt\n|-unboost|p2a: Raging Bolt|spa|2\n|faint|p1a: Gurdurr\n|\n|upkeep\n|\n|t:|1783535082\n|switch|p1a: Iron Jugulis|Iron Jugulis, L77|100/100\n|turn|14\n|inactive|Time left: 300 sec this turn | 300 sec total\n|\n|t:|1783535083\n|move|p1a: Iron Jugulis|Earth Power|p2a: Raging Bolt\n|-supereffective|p2a: Raging Bolt\n|-damage|p2a: Raging Bolt|0 fnt\n|faint|p2a: Raging Bolt\n|-end|p2a: Raging Bolt|Protosynthesis|[silent]\n|\n|upkeep\n|inactive|Time left: 300 sec this turn | 300 sec total | 5 sec grace\n|\n|t:|1783535083\n|switch|p2a: Scrafty|Scrafty, L83, F|214/244\n|-damage|p2a: Scrafty|199/244|[from] Stealth Rock\n|turn|15\n|inactive|Time left: 300 sec this turn | 300 sec total\n|\n|t:|1783535084\n|move|p1a: Iron Jugulis|Earth Power|p2a: Scrafty\n|-crit|p2a: Scrafty\n|-damage|p2a: Scrafty|76/244\n|-unboost|p2a: Scrafty|spd|1\n|move|p2a: Scrafty|Drain Punch|p1a: Iron Jugulis\n|-damage|p1a: Iron Jugulis|68/100\n|-heal|p2a: Scrafty|120/244|[from] drain|[of] p1a: Iron Jugulis\n|\n|-heal|p2a: Scrafty|135/244|[from] item: Leftovers\n|upkeep\n|turn|16\n|inactive|Time left: 300 sec this turn | 300 sec total\n|\n|t:|1783535085\n|move|p1a: Iron Jugulis|Earth Power|p2a: Scrafty\n|-damage|p2a: Scrafty|27/244\n|-unboost|p2a: Scrafty|spd|1\n|move|p2a: Scrafty|Rest|p2a: Scrafty\n|-status|p2a: Scrafty|slp|[from] move: Rest\n|-heal|p2a: Scrafty|244/244 slp|[silent]\n|\n|-activate|p2a: Scrafty|ability: Shed Skin\n|-curestatus|p2a: Scrafty|slp|[msg]\n|upkeep\n|turn|17\n|inactive|Time left: 300 sec this turn | 300 sec total\n|\n|t:|1783535086\n|switch|p2a: Slowking|Slowking-Galar, L85, M|300/300\n|-damage|p2a: Slowking|263/300|[from] Stealth Rock\n|move|p1a: Iron Jugulis|Earth Power|p2a: Slowking\n|-supereffective|p2a: Slowking\n|-damage|p2a: Slowking|159/300\n|\n|upkeep\n|turn|18\n|inactive|Time left: 300 sec this turn | 300 sec total\n|\n|t:|1783535087\n|switch|p2a: Scrafty|Scrafty, L83, F|244/244\n|-damage|p2a: Scrafty|229/244|[from] Stealth Rock\n|move|p1a: Iron Jugulis|Earth Power|p2a: Scrafty\n|-damage|p2a: Scrafty|150/244\n|\n|-heal|p2a: Scrafty|165/244|[from] item: Leftovers\n|upkeep\n|turn|19\n|inactive|Time left: 300 sec this turn | 300 sec total\n|\n|t:|1783535088\n|move|p1a: Iron Jugulis|Earth Power|p2a: Scrafty\n|-damage|p2a: Scrafty|82/244\n|move|p2a: Scrafty|Drain Punch|p1a: Iron Jugulis\n|-damage|p1a: Iron Jugulis|40/100\n|-heal|p2a: Scrafty|121/244|[from] drain|[of] p1a: Iron Jugulis\n|\n|-heal|p2a: Scrafty|136/244|[from] item: Leftovers\n|upkeep\n|turn|20\n|inactive|Time left: 300 sec this turn | 300 sec total\n|\n|t:|1783535089\n|move|p1a: Iron Jugulis|Earth Power|p2a: Scrafty\n|-damage|p2a: Scrafty|52/244\n|move|p2a: Scrafty|Rest|p2a: Scrafty\n|-status|p2a: Scrafty|slp|[from] move: Rest\n|-heal|p2a: Scrafty|244/244 slp|[silent]\n|\n|-activate|p2a: Scrafty|ability: Shed Skin\n|-curestatus|p2a: Scrafty|slp|[msg]\n|upkeep\n|turn|21\n|inactive|Time left: 300 sec this turn | 300 sec total\n|\n|t:|1783535090\n|move|p1a: Iron Jugulis|Earth Power|p2a: Scrafty\n|-damage|p2a: Scrafty|171/244\n|move|p2a: Scrafty|Bulk Up|p2a: Scrafty\n|-boost|p2a: Scrafty|atk|1\n|-boost|p2a: Scrafty|def|1\n|\n|-heal|p2a: Scrafty|186/244|[from] item: Leftovers\n|upkeep\n|turn|22\n|inactive|Time left: 300 sec this turn | 300 sec total\n|\n|t:|1783535092\n|-end|p1a: Iron Jugulis|Quark Drive|[silent]\n|switch|p1a: Zapdos|Zapdos, L78|100/100\n|-terastallize|p2a: Scrafty|Poison\n|move|p2a: Scrafty|Drain Punch|p1a: Zapdos\n|-resisted|p1a: Zapdos\n|-damage|p1a: Zapdos|78/100\n|-heal|p2a: Scrafty|216/244|[from] drain|[of] p1a: Zapdos\n|\n|-heal|p2a: Scrafty|231/244|[from] item: Leftovers\n|upkeep\n|turn|23\n|inactive|Time left: 300 sec this turn | 300 sec total\n|\n|t:|1783535093\n|move|p1a: Zapdos|Hurricane|p2a: Scrafty\n|-damage|p2a: Scrafty|125/244\n|move|p2a: Scrafty|Knock Off|p1a: Zapdos\n|-damage|p1a: Zapdos|17/100\n|-enditem|p1a: Zapdos|Heavy-Duty Boots|[from] move: Knock Off|[of] p2a: Scrafty\n|\n|-heal|p2a: Scrafty|140/244|[from] item: Leftovers\n|upkeep\n|turn|24\n|inactive|Time left: 300 sec this turn | 300 sec total\n|\n|t:|1783535094\n|move|p1a: Zapdos|Hurricane|p2a: Scrafty\n|-crit|p2a: Scrafty\n|-damage|p2a: Scrafty|0 fnt\n|faint|p2a: Scrafty\n|\n|upkeep\n|inactive|Time left: 300 sec this turn | 300 sec total | 5 sec grace\n|\n|t:|1783535095\n|switch|p2a: Slowking|Slowking-Galar, L85, M|259/300\n|-damage|p2a: Slowking|222/300|[from] Stealth Rock\n|turn|25\n|inactive|Time left: 300 sec this turn | 300 sec total\n|\n|t:|1783535096\n|move|p1a: Zapdos|Roost|p1a: Zapdos\n|-heal|p1a: Zapdos|67/100\n|-singleturn|p1a: Zapdos|move: Roost\n|move|p2a: Slowking|Psychic Noise|p1a: Zapdos\n|-damage|p1a: Zapdos|32/100\n|-start|p1a: Zapdos|move: Heal Block\n|\n|upkeep\n|turn|26\n|inactive|Time left: 300 sec this turn | 300 sec total\n|\n|t:|1783535097\n|move|p1a: Zapdos|Hurricane|p2a: Slowking\n|-damage|p2a: Slowking|152/300\n|move|p2a: Slowking|Psychic Noise|p1a: Zapdos\n|-damage|p1a: Zapdos|0 fnt\n|faint|p1a: Zapdos\n|\n|upkeep\n|\n|t:|1783535098\n|switch|p1a: Mudsdale|Mudsdale, L83, M, tera:Steel|7/100\n|turn|27\n|inactive|Time left: 300 sec this turn | 300 sec total\n|\n|t:|1783535099\n|switch|p2a: Perrserker|Perrserker, L89, M|269/269\n|-damage|p2a: Perrserker|253/269|[from] Stealth Rock\n|move|p1a: Mudsdale|Earthquake|p2a: Perrserker\n|-supereffective|p2a: Perrserker\n|-damage|p2a: Perrserker|35/269\n|\n|upkeep\n|turn|28\n|inactive|Time left: 300 sec this turn | 300 sec total\n|\n|t:|1783535100\n|move|p2a: Perrserker|Iron Head|p1a: Mudsdale\n|-resisted|p1a: Mudsdale\n|-damage|p1a: Mudsdale|0 fnt\n|faint|p1a: Mudsdale\n|-damage|p2a: Perrserker|9/269|[from] item: Life Orb\n|\n|upkeep\n|\n|t:|1783535100\n|switch|p1a: Iron Jugulis|Iron Jugulis, L77|40/100\n|turn|29\n|inactive|Time left: 300 sec this turn | 300 sec total\n|\n|t:|1783535101\n|move|p1a: Iron Jugulis|Dark Pulse|p2a: Perrserker\n|-damage|p2a: Perrserker|0 fnt\n|faint|p2a: Perrserker\n|\n|upkeep\n|inactive|Time left: 300 sec this turn | 300 sec total | 5 sec grace\n|\n|t:|1783535102\n|switch|p2a: Slowking|Slowking-Galar, L85, M|252/300\n|-damage|p2a: Slowking|215/300|[from] Stealth Rock\n|turn|30\n|inactive|Time left: 300 sec this turn | 300 sec total\n|\n|t:|1783535103\n|move|p1a: Iron Jugulis|Dark Pulse|p2a: Slowking\n|-supereffective|p2a: Slowking\n|-damage|p2a: Slowking|77/300\n|move|p2a: Slowking|Fire Blast|p1a: Iron Jugulis\n|-damage|p1a: Iron Jugulis|2/100\n|\n|upkeep\n|turn|31\n|inactive|Time left: 300 sec this turn | 300 sec total\n|\n|t:|1783535105\n|move|p1a: Iron Jugulis|Dark Pulse|p2a: Slowking\n|-supereffective|p2a: Slowking\n|-damage|p2a: Slowking|0 fnt\n|faint|p2a: Slowking\n|\n|win|p0x157c553", "uploadtime": 1783535105, "views": 0, "rating": 0, "private": 0, "password": null, "_winner": "p0x157c553", "_our_name": "p0y157f3e9"}