{"id": "battle-gen9randombattle-2719", "formatid": "gen9randombattle", "format": "[Gen 9] Random Battle", "players": ["p0x27193f72", "p0y2719cb8f"], "log": "|init|battle\n|title|p0x27193f72 vs. p0y2719cb8f\n|j|\u2606p0x27193f72\n|j|\u2606p0y2719cb8f\n|t:|1783571361\n|gametype|singles\n|player|p1|p0x27193f72|169|\n|player|p2|p0y2719cb8f|2|\n|gen|9\n|tier|[Gen 9] Random Battle\n|rule|Species Clause: Limit one of each Pok\u00e9mon\n|rule|HP Percentage Mod: HP is shown in percentages\n|rule|Sleep Clause Mod: Limit one foe put to sleep\n|rule|Illusion Level Mod: Illusion disguises the Pok\u00e9mon's true level\n|\n|t:|1783571361\n|teamsize|p1|6\n|teamsize|p2|6\n|start\n|switch|p1a: Meowstic|Meowstic, L89, M|277/277\n|switch|p2a: Greedent|Greedent, L86, F|100/100\n|turn|1\n|inactive|Battle timer is ON: inactive players will automatically lose when time's up. (requested by p0x27193f72)\n|inactive|p0y2719cb8f also wants the timer to be on.\n|\n|t:|1783571362\n|move|p1a: Meowstic|Reflect|p1a: Meowstic\n|-sidestart|p1: p0x27193f72|Reflect\n|move|p2a: Greedent|Knock Off|p1a: Meowstic\n|-supereffective|p1a: Meowstic\n|-damage|p1a: Meowstic|206/277\n|-enditem|p1a: Meowstic|Light Clay|[from] move: Knock Off|[of] p2a: Greedent\n|\n|upkeep\n|turn|2\n|inactive|Time left: 300 sec this turn | 300 sec total\n|\n|t:|1783571364\n|move|p1a: Meowstic|Light Screen|p1a: Meowstic\n|-sidestart|p1: p0x27193f72|move: Light Screen\n|move|p2a: Greedent|Swords Dance|p2a: Greedent\n|-boost|p2a: Greedent|atk|2\n|\n|upkeep\n|turn|3\n|inactive|Time left: 300 sec this turn | 300 sec total\n|\n|t:|1783571364\n|switch|p1a: Vespiquen|Vespiquen, L99, F|299/299\n|-ability|p1a: Vespiquen|Pressure\n|move|p2a: Greedent|Knock Off|p1a: Vespiquen\n|-crit|p1a: Vespiquen\n|-damage|p1a: Vespiquen|128/299\n|-enditem|p1a: Vespiquen|Heavy-Duty Boots|[from] move: Knock Off|[of] p2a: Greedent\n|\n|upkeep\n|turn|4\n|inactive|Time left: 300 sec this turn | 300 sec total\n|\n|t:|1783571366\n|move|p1a: Vespiquen|Roost|p1a: Vespiquen\n|-heal|p1a: Vespiquen|278/299\n|-singleturn|p1a: Vespiquen|move: Roost\n|move|p2a: Greedent|Double-Edge|p1a: Vespiquen\n|-crit|p1a: Vespiquen\n|-damage|p1a: Vespiquen|4/299\n|-damage|p2a: Greedent|75/100|[from] Recoil\n|\n|upkeep\n|turn|5\n|inactive|Time left: 300 sec this turn | 300 sec total\n|\n|t:|1783571366\n|move|p1a: Vespiquen|Roost|p1a: Vespiquen\n|-heal|p1a: Vespiquen|154/299\n|-singleturn|p1a: Vespiquen|move: Roost\n|move|p2a: Greedent|Double-Edge|p1a: Vespiquen\n|-damage|p1a: Vespiquen|60/299\n|-damage|p2a: Greedent|66/100|[from] Recoil\n|\n|upkeep\n|turn|6\n|inactive|Time left: 300 sec this turn | 300 sec total\n|\n|t:|1783571367\n|move|p1a: Vespiquen|Roost|p1a: Vespiquen\n|-heal|p1a: Vespiquen|210/299\n|-singleturn|p1a: Vespiquen|move: Roost\n|move|p2a: Greedent|Double-Edge|p1a: Vespiquen\n|-damage|p1a: Vespiquen|108/299\n|-damage|p2a: Greedent|56/100|[from] Recoil\n|\n|-sideend|p1: p0x27193f72|move: Light Screen\n|upkeep\n|turn|7\n|inactive|Time left: 300 sec this turn | 300 sec total\n|\n|t:|1783571369\n|move|p1a: Vespiquen|Roost|p1a: Vespiquen\n|-heal|p1a: Vespiquen|258/299\n|-singleturn|p1a: Vespiquen|move: Roost\n|move|p2a: Greedent|Double-Edge|p1a: Vespiquen\n|-damage|p1a: Vespiquen|155/299\n|-damage|p2a: Greedent|46/100|[from] Recoil\n|-enditem|p2a: Greedent|Sitrus Berry|[eat]\n|-heal|p2a: Greedent|71/100|[from] item: Sitrus Berry\n|-heal|p2a: Greedent|100/100|[from] ability: Cheek Pouch\n|\n|upkeep\n|turn|8\n|inactive|Time left: 300 sec this turn | 300 sec total\n|\n|t:|1783571370\n|move|p1a: Vespiquen|Roost|p1a: Vespiquen\n|-heal|p1a: Vespiquen|299/299\n|-singleturn|p1a: Vespiquen|move: Roost\n|move|p2a: Greedent|Swords Dance|p2a: Greedent\n|-boost|p2a: Greedent|atk|2\n|\n|-sideend|p1: p0x27193f72|Reflect\n|upkeep\n|turn|9\n|inactive|Time left: 300 sec this turn | 300 sec total\n|\n|t:|1783571371\n|move|p1a: Vespiquen|Air Slash|p2a: Greedent\n|-damage|p2a: Greedent|71/100\n|cant|p2a: Greedent|flinch\n|\n|upkeep\n|turn|10\n|inactive|Time left: 300 sec this turn | 300 sec total\n|\n|t:|1783571372\n|move|p1a: Vespiquen|Air Slash|p2a: Greedent\n|-damage|p2a: Greedent|40/100\n|move|p2a: Greedent|Double-Edge|p1a: Vespiquen\n|-damage|p1a: Vespiquen|1/299\n|-damage|p2a: Greedent|11/100|[from] Recoil\n|\n|upkeep\n|turn|11\n|inactive|Time left: 300 sec this turn | 300 sec total\n|\n|t:|1783571373\n|move|p1a: Vespiquen|U-turn|p2a: Greedent\n|-damage|p2a: Greedent|0 fnt\n|faint|p2a: Greedent\n|inactive|Time left: 300 sec this turn | 300 sec total | 5 sec grace\n|\n|t:|1783571373\n|switch|p1a: Raging Bolt|Raging Bolt, L78|323/323|[from] U-turn\n|-enditem|p1a: Raging Bolt|Booster Energy\n|-activate|p1a: Raging Bolt|ability: Protosynthesis|[fromitem]\n|-start|p1a: Raging Bolt|protosynthesisspa\n|\n|upkeep\n|\n|t:|1783571374\n|switch|p2a: Gardevoir|Gardevoir, L83, F|100/100\n|turn|12\n|inactive|Time left: 300 sec this turn | 300 sec total\n|\n|t:|1783571375\n|-end|p1a: Raging Bolt|Protosynthesis|[silent]\n|switch|p1a: Empoleon|Empoleon, L84, M|278/278\n|-ability|p2a: Gardevoir|Competitive|Trace|[from] ability: Trace|[of] p1a: Empoleon\n|move|p2a: Gardevoir|Moonblast|p1a: Empoleon\n|-resisted|p1a: Empoleon\n|-damage|p1a: Empoleon|207/278\n|-damage|p2a: Gardevoir|91/100|[from] item: Life Orb\n|\n|-heal|p1a: Empoleon|224/278|[from] item: Leftovers\n|upkeep\n|turn|13\n|inactive|Time left: 300 sec this turn | 300 sec total\n|\n|t:|1783571376\n|move|p2a: Gardevoir|Calm Mind|p2a: Gardevoir\n|-boost|p2a: Gardevoir|spa|1\n|-boost|p2a: Gardevoir|spd|1\n|move|p1a: Empoleon|Knock Off|p2a: Gardevoir\n|-damage|p2a: Gardevoir|58/100\n|-enditem|p2a: Gardevoir|Life Orb|[from] move: Knock Off|[of] p1a: Empoleon\n|\n|-heal|p1a: Empoleon|241/278|[from] item: Leftovers\n|upkeep\n|turn|14\n|inactive|Time left: 300 sec this turn | 300 sec total\n|\n|t:|1783571377\n|move|p2a: Gardevoir|Calm Mind|p2a: Gardevoir\n|-boost|p2a: Gardevoir|spa|1\n|-boost|p2a: Gardevoir|spd|1\n|move|p1a: Empoleon|Stealth Rock|p2a: Gardevoir\n|-sidestart|p2: p0y2719cb8f|move: Stealth Rock\n|\n|-heal|p1a: Empoleon|258/278|[from] item: Leftovers\n|upkeep\n|turn|15\n|inactive|Time left: 300 sec this turn | 300 sec total\n|\n|t:|1783571378\n|move|p2a: Gardevoir|Moonblast|p1a: Empoleon\n|-resisted|p1a: Empoleon\n|-damage|p1a: Empoleon|155/278\n|move|p1a: Empoleon|Surf|p2a: Gardevoir\n|-damage|p2a: Gardevoir|41/100\n|\n|-heal|p1a: Empoleon|172/278|[from] item: Leftovers\n|upkeep\n|turn|16\n|inactive|Time left: 300 sec this turn | 300 sec total\n|\n|t:|1783571379\n|move|p2a: Gardevoir|Psyshock|p1a: Empoleon\n|-resisted|p1a: Empoleon\n|-damage|p1a: Empoleon|75/278\n|move|p1a: Empoleon|Roost|p1a: Empoleon\n|-heal|p1a: Empoleon|214/278\n|-singleturn|p1a: Empoleon|move: Roost\n|\n|-heal|p1a: Empoleon|231/278|[from] item: Leftovers\n|upkeep\n|turn|17\n|inactive|Time left: 300 sec this turn | 300 sec total\n|\n|t:|1783571380\n|move|p2a: Gardevoir|Moonblast|p1a: Empoleon\n|-resisted|p1a: Empoleon\n|-damage|p1a: Empoleon|122/278\n|-unboost|p1a: Empoleon|spa|1\n|-ability|p1a: Empoleon|Competitive|boost\n|-boost|p1a: Empoleon|spa|2\n|move|p1a: Empoleon|Roost|p1a: Empoleon\n|-heal|p1a: Empoleon|261/278\n|-singleturn|p1a: Empoleon|move: Roost\n|\n|-heal|p1a: Empoleon|278/278|[from] item: Leftovers\n|upkeep\n|turn|18\n|inactive|Time left: 300 sec this turn | 300 sec total\n|\n|t:|1783571381\n|move|p2a: Gardevoir|Moonblast|p1a: Empoleon\n|-resisted|p1a: Empoleon\n|-damage|p1a: Empoleon|177/278\n|move|p1a: Empoleon|Surf|p2a: Gardevoir\n|-damage|p2a: Gardevoir|15/100\n|\n|-heal|p1a: Empoleon|194/278|[from] item: Leftovers\n|upkeep\n|turn|19\n|inactive|Time left: 300 sec this turn | 300 sec total\n|\n|t:|1783571382\n|move|p2a: Gardevoir|Psyshock|p1a: Empoleon\n|-resisted|p1a: Empoleon\n|-damage|p1a: Empoleon|95/278\n|move|p1a: Empoleon|Surf|p2a: Gardevoir\n|-damage|p2a: Gardevoir|0 fnt\n|faint|p2a: Gardevoir\n|\n|-heal|p1a: Empoleon|112/278|[from] item: Leftovers\n|upkeep\n|\n|t:|1783571383\n|switch|p2a: Porygon2|Porygon2, L81|100/100\n|-damage|p2a: Porygon2|88/100|[from] Stealth Rock\n|-ability|p2a: Porygon2|Download|boost\n|-boost|p2a: Porygon2|atk|1\n|turn|20\n|inactive|Time left: 300 sec this turn | 300 sec total\n|\n|t:|1783571384\n|move|p1a: Empoleon|Roost|p1a: Empoleon\n|-heal|p1a: Empoleon|251/278\n|-singleturn|p1a: Empoleon|move: Roost\n|move|p2a: Porygon2|Discharge|p1a: Empoleon\n|-supereffective|p1a: Empoleon\n|-damage|p1a: Empoleon|143/278\n|\n|-heal|p1a: Empoleon|160/278|[from] item: Leftovers\n|upkeep\n|turn|21\n|inactive|Time left: 300 sec this turn | 300 sec total\n|\n|t:|1783571385\n|move|p1a: Empoleon|Roost|p1a: Empoleon\n|-heal|p1a: Empoleon|278/278\n|-singleturn|p1a: Empoleon|move: Roost\n|move|p2a: Porygon2|Discharge|p1a: Empoleon\n|-supereffective|p1a: Empoleon\n|-damage|p1a: Empoleon|166/278\n|-status|p1a: Empoleon|par\n|\n|-heal|p1a: Empoleon|183/278 par|[from] item: Leftovers\n|upkeep\n|turn|22\n|inactive|Time left: 300 sec this turn | 300 sec total\n|\n|t:|1783571386\n|move|p2a: Porygon2|Discharge|p1a: Empoleon\n|-supereffective|p1a: Empoleon\n|-damage|p1a: Empoleon|87/278 par\n|move|p1a: Empoleon|Roost|p1a: Empoleon\n|-heal|p1a: Empoleon|226/278 par\n|-singleturn|p1a: Empoleon|move: Roost\n|\n|-heal|p1a: Empoleon|243/278 par|[from] item: Leftovers\n|upkeep\n|turn|23\n|inactive|Time left: 300 sec this turn | 300 sec total\n|\n|t:|1783571387\n|move|p2a: Porygon2|Discharge|p1a: Empoleon\n|-supereffective|p1a: Empoleon\n|-damage|p1a: Empoleon|143/278 par\n|cant|p1a: Empoleon|par\n|\n|-heal|p1a: Empoleon|160/278 par|[from] item: Leftovers\n|upkeep\n|turn|24\n|inactive|Time left: 300 sec this turn | 300 sec total\n|\n|t:|1783571389\n|move|p2a: Porygon2|Discharge|p1a: Empoleon\n|-supereffective|p1a: Empoleon\n|-damage|p1a: Empoleon|52/278 par\n|move|p1a: Empoleon|Roost|p1a: Empoleon\n|-heal|p1a: Empoleon|191/278 par\n|-singleturn|p1a: Empoleon|move: Roost\n|\n|-heal|p1a: Empoleon|208/278 par|[from] item: Leftovers\n|upkeep\n|turn|25\n|inactive|Time left: 300 sec this turn | 300 sec total\n|\n|t:|1783571390\n|move|p2a: Porygon2|Discharge|p1a: Empoleon\n|-supereffective|p1a: Empoleon\n|-damage|p1a: Empoleon|104/278 par\n|move|p1a: Empoleon|Surf|p2a: Porygon2\n|-damage|p2a: Porygon2|53/100\n|\n|-heal|p1a: Empoleon|121/278 par|[from] item: Leftovers\n|upkeep\n|turn|26\n|inactive|Time left: 300 sec this turn | 300 sec total\n|\n|t:|1783571391\n|move|p2a: Porygon2|Discharge|p1a: Empoleon\n|-supereffective|p1a: Empoleon\n|-damage|p1a: Empoleon|11/278 par\n|cant|p1a: Empoleon|par\n|\n|-heal|p1a: Empoleon|28/278 par|[from] item: Leftovers\n|upkeep\n|turn|27\n|inactive|Time left: 300 sec this turn | 300 sec total\n|\n|t:|1783571392\n|move|p2a: Porygon2|Tri Attack|p1a: Empoleon\n|-resisted|p1a: Empoleon\n|-damage|p1a: Empoleon|0 fnt\n|faint|p1a: Empoleon\n|\n|upkeep\n|inactive|Time left: 300 sec this turn | 300 sec total | 5 sec grace\n|\n|t:|1783571393\n|switch|p1a: Meowstic|Meowstic, L89, M|206/277\n|turn|28\n|inactive|Time left: 300 sec this turn | 300 sec total\n|\n|t:|1783571394\n|move|p1a: Meowstic|Light Screen|p1a: Meowstic\n|-sidestart|p1: p0x27193f72|move: Light Screen\n|move|p2a: Porygon2|Recover|p2a: Porygon2\n|-heal|p2a: Porygon2|100/100\n|\n|upkeep\n|turn|29\n|inactive|Time left: 300 sec this turn | 300 sec total\n|\n|t:|1783571395\n|move|p1a: Meowstic|Reflect|p1a: Meowstic\n|-sidestart|p1: p0x27193f72|Reflect\n|move|p2a: Porygon2|Ice Beam|p1a: Meowstic\n|-damage|p1a: Meowstic|176/277\n|\n|upkeep\n|turn|30\n|inactive|Time left: 300 sec this turn | 300 sec total\n|\n|t:|1783571396\n|switch|p1a: Raging Bolt|Raging Bolt, L78|323/323\n|move|p2a: Porygon2|Ice Beam|p1a: Raging Bolt\n|-supereffective|p1a: Raging Bolt\n|-damage|p1a: Raging Bolt|257/323\n|\n|upkeep\n|turn|31\n|inactive|Time left: 300 sec this turn | 300 sec total\n|\n|t:|1783571397\n|move|p1a: Raging Bolt|Calm Mind|p1a: Raging Bolt\n|-boost|p1a: Raging Bolt|spa|1\n|-boost|p1a: Raging Bolt|spd|1\n|move|p2a: Porygon2|Ice Beam|p1a: Raging Bolt\n|-supereffective|p1a: Raging Bolt\n|-damage|p1a: Raging Bolt|208/323\n|\n|upkeep\n|turn|32\n|inactive|Time left: 300 sec this turn | 300 sec total\n|\n|t:|1783571398\n|move|p1a: Raging Bolt|Calm Mind|p1a: Raging Bolt\n|-boost|p1a: Raging Bolt|spa|1\n|-boost|p1a: Raging Bolt|spd|1\n|move|p2a: Porygon2|Tri Attack|p1a: Raging Bolt\n|-damage|p1a: Raging Bolt|187/323\n|-status|p1a: Raging Bolt|frz\n|\n|-sideend|p1: p0x27193f72|move: Light Screen\n|upkeep\n|turn|33\n|inactive|Time left: 300 sec this turn | 300 sec total\n|\n|t:|1783571399\n|cant|p1a: Raging Bolt|frz\n|move|p2a: Porygon2|Tri Attack|p1a: Raging Bolt\n|-damage|p1a: Raging Bolt|141/323 frz\n|\n|-sideend|p1: p0x27193f72|Reflect\n|upkeep\n|turn|34\n|inactive|Time left: 300 sec this turn | 300 sec total\n|\n|t:|1783571400\n|-curestatus|p1a: Raging Bolt|frz|[msg]\n|move|p1a: Raging Bolt|Thunderbolt|p2a: Porygon2\n|-damage|p2a: Porygon2|49/100\n|move|p2a: Porygon2|Ice Beam|p1a: Raging Bolt\n|-supereffective|p1a: Raging Bolt\n|-damage|p1a: Raging Bolt|73/323\n|\n|upkeep\n|turn|35\n|inactive|Time left: 300 sec this turn | 300 sec total\n|\n|t:|1783571401\n|move|p1a: Raging Bolt|Thunderbolt|p2a: Porygon2\n|-damage|p2a: Porygon2|0 fnt\n|faint|p2a: Porygon2\n|\n|upkeep\n|\n|t:|1783571402\n|switch|p2a: Grumpig|Grumpig, L92, M|100/100\n|-damage|p2a: Grumpig|88/100|[from] Stealth Rock\n|turn|36\n|inactive|Time left: 300 sec this turn | 300 sec total\n|\n|t:|1783571403\n|-terastallize|p2a: Grumpig|Fairy\n|move|p2a: Grumpig|Dazzling Gleam|p1a: Raging Bolt\n|-supereffective|p1a: Raging Bolt\n|-damage|p1a: Raging Bolt|0 fnt\n|faint|p1a: Raging Bolt\n|-end|p1a: Raging Bolt|Protosynthesis|[silent]\n|\n|-heal|p2a: Grumpig|94/100|[from] item: Leftovers\n|upkeep\n|inactive|Time left: 300 sec this turn | 300 sec total | 5 sec grace\n|\n|t:|1783571404\n|switch|p1a: Pincurchin|Pincurchin, F|258/258\n|-fieldstart|move: Electric Terrain|[from] ability: Electric Surge|[of] p1a: Pincurchin\n|turn|37\n|inactive|Time left: 300 sec this turn | 300 sec total\n|\n|t:|1783571405\n|move|p2a: Grumpig|Nasty Plot|p2a: Grumpig\n|-boost|p2a: Grumpig|spa|2\n|move|p1a: Pincurchin|Zing Zap|p2a: Grumpig\n|-damage|p2a: Grumpig|36/100\n|\n|-heal|p2a: Grumpig|42/100|[from] item: Leftovers\n|upkeep\n|turn|38\n|inactive|Time left: 300 sec this turn | 300 sec total\n|\n|t:|1783571405\n|move|p2a: Grumpig|Psychic|p1a: Pincurchin\n|-damage|p1a: Pincurchin|80/258\n|move|p1a: Pincurchin|Zing Zap|p2a: Grumpig\n|-damage|p2a: Grumpig|0 fnt\n|faint|p2a: Grumpig\n|\n|-heal|p1a: Pincurchin|96/258|[from] item: Leftovers\n|upkeep\n|\n|t:|1783571406\n|switch|p2a: Kingdra|Kingdra, L84, F|100/100\n|-damage|p2a: Kingdra|88/100|[from] Stealth Rock\n|turn|39\n|inactive|Time left: 300 sec this turn | 300 sec total\n|\n|t:|1783571407\n|move|p2a: Kingdra|Wave Crash|p1a: Pincurchin\n|-damage|p1a: Pincurchin|0 fnt\n|faint|p1a: Pincurchin\n|-damage|p2a: Kingdra|76/100|[from] Recoil\n|-damage|p2a: Kingdra|66/100|[from] item: Life Orb\n|\n|upkeep\n|inactive|Time left: 300 sec this turn | 300 sec total | 5 sec grace\n|\n|t:|1783571407\n|switch|p1a: Meowstic|Meowstic, L89, M|176/277\n|turn|40\n|inactive|Time left: 300 sec this turn | 300 sec total\n|\n|t:|1783571408\n|move|p1a: Meowstic|Reflect|p1a: Meowstic\n|-sidestart|p1: p0x27193f72|Reflect\n|move|p2a: Kingdra|Wave Crash|p1a: Meowstic\n|-damage|p1a: Meowstic|92/277\n|-damage|p2a: Kingdra|56/100|[from] Recoil\n|-damage|p2a: Kingdra|46/100|[from] item: Life Orb\n|\n|upkeep\n|turn|41\n|inactive|Time left: 300 sec this turn | 300 sec total\n|\n|t:|1783571409\n|switch|p2a: Klefki|Klefki, L84, F|100/100\n|-damage|p2a: Klefki|94/100|[from] Stealth Rock\n|-terastallize|p1a: Meowstic|Fairy\n|move|p1a: Meowstic|Alluring Voice|p2a: Klefki\n|-resisted|p2a: Klefki\n|-damage|p2a: Klefki|78/100\n|\n|-heal|p2a: Klefki|84/100|[from] item: Leftovers\n|-fieldend|move: Electric Terrain\n|upkeep\n|turn|42\n|inactive|Time left: 300 sec this turn | 300 sec total\n|\n|t:|1783571410\n|move|p2a: Klefki|Thunder Wave|p1a: Meowstic\n|-status|p1a: Meowstic|par\n|move|p1a: Meowstic|Alluring Voice|p2a: Klefki\n|-resisted|p2a: Klefki\n|-damage|p2a: Klefki|65/100\n|\n|-heal|p2a: Klefki|71/100|[from] item: Leftovers\n|upkeep\n|turn|43\n|inactive|Time left: 300 sec this turn | 300 sec total\n|\n|t:|1783571411\n|cant|p1a: Meowstic|par\n|move|p2a: Klefki|Play Rough|p1a: Meowstic\n|-damage|p1a: Meowstic|50/277 par\n|\n|-heal|p2a: Klefki|77/100|[from] item: Leftovers\n|upkeep\n|turn|44\n|inactive|Time left: 300 sec this turn | 300 sec total\n|\n|t:|1783571411\n|move|p2a: Klefki|Spikes|p1a: Meowstic\n|-sidestart|p1: p0x27193f72|Spikes\n|move|p1a: Meowstic|Light Screen|p1a: Meowstic\n|-sidestart|p1: p0x27193f72|move: Light Screen\n|\n|-heal|p2a: Klefki|83/100|[from] item: Leftovers\n|-sideend|p1: p0x27193f72|Reflect\n|upkeep\n|turn|45\n|inactive|Time left: 300 sec this turn | 300 sec total\n|\n|t:|1783571412\n|move|p1a: Meowstic|Reflect|p1a: Meowstic\n|-sidestart|p1: p0x27193f72|Reflect\n|move|p2a: Klefki|Play Rough|p1a: Meowstic\n|-damage|p1a: Meowstic|9/277 par\n|\n|-heal|p2a: Klefki|89/100|[from] item: Leftovers\n|upkeep\n|turn|46\n|inactive|Time left: 300 sec this turn | 300 sec total\n|\n|t:|1783571413\n|move|p2a: Klefki|Play Rough|p1a: Meowstic\n|-damage|p1a: Meowstic|0 fnt\n|faint|p1a: Meowstic\n|\n|-heal|p2a: Klefki|95/100|[from] item: Leftovers\n|upkeep\n|inactive|Time left: 300 sec this turn | 300 sec total | 5 sec grace\n|\n|t:|1783571414\n|switch|p1a: Cryogonal|Cryogonal, L89|287/287\n|turn|47\n|inactive|Time left: 300 sec this turn | 300 sec total\n|\n|t:|1783571415\n|move|p1a: Cryogonal|Rapid Spin|p2a: Klefki\n|-resisted|p2a: Klefki\n|-damage|p2a: Klefki|90/100\n|-boost|p1a: Cryogonal|spe|1\n|-sideend|p1: p0x27193f72|Spikes|[from] move: Rapid Spin|[of] p1a: Cryogonal\n|move|p2a: Klefki|Play Rough|p1a: Cryogonal\n|-damage|p1a: Cryogonal|231/287\n|\n|-heal|p2a: Klefki|96/100|[from] item: Leftovers\n|upkeep\n|turn|48\n|inactive|Time left: 300 sec this turn | 300 sec total\n|\n|t:|1783571416\n|move|p1a: Cryogonal|Rapid Spin|p2a: Klefki\n|-resisted|p2a: Klefki\n|-damage|p2a: Klefki|91/100\n|-boost|p1a: Cryogonal|spe|1\n|move|p2a: Klefki|Play Rough|p1a: Cryogonal\n|-damage|p1a: Cryogonal|172/287\n|\n|-heal|p2a: Klefki|97/100|[from] item: Leftovers\n|-sideend|p1: p0x27193f72|move: Light Screen\n|upkeep\n|turn|49\n|inactive|Time left: 300 sec this turn | 300 sec total\n|\n|t:|1783571417\n|move|p2a: Klefki|Thunder Wave|p1a: Cryogonal\n|-status|p1a: Cryogonal|par\n|cant|p1a: Cryogonal|par\n|\n|-heal|p2a: Klefki|100/100|[from] item: Leftovers\n|-sideend|p1: p0x27193f72|Reflect\n|upkeep\n|turn|50\n|inactive|Time left: 300 sec this turn | 300 sec total\n|\n|t:|1783571418\n|move|p1a: Cryogonal|Recover|p1a: Cryogonal\n|-heal|p1a: Cryogonal|287/287 par\n|move|p2a: Klefki|Play Rough|p1a: Cryogonal\n|-damage|p1a: Cryogonal|178/287 par\n|\n|upkeep\n|turn|51\n|inactive|Time left: 300 sec this turn | 300 sec total\n|\n|t:|1783571419\n|move|p1a: Cryogonal|Recover|p1a: Cryogonal\n|-heal|p1a: Cryogonal|287/287 par\n|move|p2a: Klefki|Play Rough|p1a: Cryogonal\n|-damage|p1a: Cryogonal|178/287 par\n|\n|upkeep\n|turn|52\n|inactive|Time left: 300 sec this turn | 300 sec total\n|\n|t:|1783571421\n|cant|p1a: Cryogonal|par\n|move|p2a: Klefki|Play Rough|p1a: Cryogonal\n|-damage|p1a: Cryogonal|57/287 par\n|-unboost|p1a: Cryogonal|atk|1\n|\n|upkeep\n|turn|53\n|inactive|Time left: 300 sec this turn | 300 sec total\n|\n|t:|1783571422\n|move|p1a: Cryogonal|Recover|p1a: Cryogonal\n|-heal|p1a: Cryogonal|201/287 par\n|move|p2a: Klefki|Play Rough|p1a: Cryogonal\n|-damage|p1a: Cryogonal|86/287 par\n|\n|upkeep\n|turn|54\n|inactive|Time left: 300 sec this turn | 300 sec total\n|\n|t:|1783571423\n|move|p1a: Cryogonal|Recover|p1a: Cryogonal\n|-heal|p1a: Cryogonal|230/287 par\n|move|p2a: Klefki|Play Rough|p1a: Cryogonal\n|-damage|p1a: Cryogonal|110/287 par\n|\n|upkeep\n|turn|55\n|inactive|Time left: 300 sec this turn | 300 sec total\n|\n|t:|1783571424\n|move|p1a: Cryogonal|Recover|p1a: Cryogonal\n|-heal|p1a: Cryogonal|254/287 par\n|move|p2a: Klefki|Play Rough|p1a: Cryogonal\n|-damage|p1a: Cryogonal|137/287 par\n|\n|upkeep\n|turn|56\n|inactive|Time left: 300 sec this turn | 300 sec total\n|\n|t:|1783571425\n|move|p1a: Cryogonal|Recover|p1a: Cryogonal\n|-heal|p1a: Cryogonal|281/287 par\n|move|p2a: Klefki|Play Rough|p1a: Cryogonal\n|-damage|p1a: Cryogonal|164/287 par\n|\n|upkeep\n|turn|57\n|inactive|Time left: 300 sec this turn | 300 sec total\n|\n|t:|1783571426\n|move|p1a: Cryogonal|Recover|p1a: Cryogonal\n|-heal|p1a: Cryogonal|287/287 par\n|move|p2a: Klefki|Play Rough|p1a: Cryogonal|[miss]\n|-miss|p2a: Klefki|p1a: Cryogonal\n|\n|upkeep\n|turn|58\n|inactive|Time left: 300 sec this turn | 300 sec total\n|\n|t:|1783571427\n|move|p1a: Cryogonal|Ice Beam|p2a: Klefki\n|-resisted|p2a: Klefki\n|-damage|p2a: Klefki|79/100\n|move|p2a: Klefki|Play Rough|p1a: Cryogonal\n|-damage|p1a: Cryogonal|173/287 par\n|\n|-heal|p2a: Klefki|85/100|[from] item: Leftovers\n|upkeep\n|turn|59\n|inactive|Time left: 300 sec this turn | 300 sec total\n|\n|t:|1783571428\n|cant|p1a: Cryogonal|par\n|move|p2a: Klefki|Play Rough|p1a: Cryogonal\n|-crit|p1a: Cryogonal\n|-damage|p1a: Cryogonal|0 fnt\n|faint|p1a: Cryogonal\n|\n|-heal|p2a: Klefki|91/100|[from] item: Leftovers\n|upkeep\n|inactive|Time left: 300 sec this turn | 300 sec total | 5 sec grace\n|\n|t:|1783571429\n|switch|p1a: Vespiquen|Vespiquen, L99, F|1/299\n|-ability|p1a: Vespiquen|Pressure\n|turn|60\n|inactive|Time left: 300 sec this turn | 300 sec total\n|\n|t:|1783571429\n|move|p2a: Klefki|Play Rough|p1a: Vespiquen\n|-damage|p1a: Vespiquen|0 fnt\n|faint|p1a: Vespiquen\n|\n|win|p0y2719cb8f", "uploadtime": 1783571430, "views": 0, "rating": 0, "private": 0, "password": null, "_winner": "p0y2719cb8f", "_our_name": "p0x27193f72"}