{"id": "battle-gen9randombattle-2582", "formatid": "gen9randombattle", "format": "[Gen 9] Random Battle", "players": ["p0x25828ab0", "p0y2582bb4d"], "log": "|init|battle\n|title|p0x25828ab0 vs. p0y2582bb4d\n|j|\u2606p0x25828ab0\n|j|\u2606p0y2582bb4d\n|t:|1783568894\n|gametype|singles\n|player|p1|p0x25828ab0|2|\n|player|p2|p0y2582bb4d|102|\n|gen|9\n|tier|[Gen 9] Random Battle\n|rule|Species Clause: Limit one of each Pok\u00e9mon\n|rule|HP Percentage Mod: HP is shown in percentages\n|rule|Sleep Clause Mod: Limit one foe put to sleep\n|rule|Illusion Level Mod: Illusion disguises the Pok\u00e9mon's true level\n|\n|t:|1783568894\n|teamsize|p1|6\n|teamsize|p2|6\n|start\n|switch|p1a: Palafin|Palafin, L77, M|281/281\n|switch|p2a: Arboliva|Arboliva, L91, F|100/100\n|turn|1\n|inactive|Battle timer is ON: inactive players will automatically lose when time's up. (requested by p0x25828ab0)\n|inactive|p0y2582bb4d also wants the timer to be on.\n|\n|t:|1783568896\n|detailschange|p1a: Palafin|Palafin-Hero, L77, M\n|switch|p1a: Glastrier|Glastrier, L86|311/311\n|move|p2a: Arboliva|Hyper Voice|p1a: Glastrier\n|-damage|p1a: Glastrier|196/311\n|\n|upkeep\n|turn|2\n|inactive|Time left: 300 sec this turn | 300 sec total\n|\n|t:|1783568897\n|move|p2a: Arboliva|Hyper Voice|p1a: Glastrier\n|-damage|p1a: Glastrier|90/311\n|move|p1a: Glastrier|Icicle Crash|p2a: Arboliva\n|-supereffective|p2a: Arboliva\n|-damage|p2a: Arboliva|0 fnt\n|faint|p2a: Arboliva\n|-ability|p1a: Glastrier|Chilling Neigh|boost\n|-boost|p1a: Glastrier|atk|1\n|\n|upkeep\n|\n|t:|1783568898\n|switch|p2a: Iron Hands|Iron Hands, L79|100/100\n|turn|3\n|inactive|Time left: 300 sec this turn | 300 sec total\n|\n|t:|1783568899\n|move|p2a: Iron Hands|Drain Punch|p1a: Glastrier\n|-supereffective|p1a: Glastrier\n|-damage|p1a: Glastrier|0 fnt\n|faint|p1a: Glastrier\n|\n|upkeep\n|inactive|Time left: 300 sec this turn | 300 sec total | 5 sec grace\n|\n|t:|1783568900\n|switch|p1a: Clawitzer|Clawitzer, L87, M|265/265\n|turn|4\n|inactive|Time left: 300 sec this turn | 300 sec total\n|\n|t:|1783568901\n|move|p1a: Clawitzer|Water Pulse|p2a: Iron Hands\n|-damage|p2a: Iron Hands|37/100\n|-start|p2a: Iron Hands|confusion\n|-activate|p2a: Iron Hands|confusion\n|move|p2a: Iron Hands|Thunder Punch|p1a: Clawitzer\n|-supereffective|p1a: Clawitzer\n|-damage|p1a: Clawitzer|79/265\n|\n|-heal|p2a: Iron Hands|43/100|[from] item: Leftovers\n|upkeep\n|turn|5\n|inactive|Time left: 300 sec this turn | 300 sec total\n|\n|t:|1783568902\n|-end|p2a: Iron Hands|Quark Drive|[silent]\n|switch|p2a: Kingdra|Kingdra, L84, M|100/100\n|move|p1a: Clawitzer|Water Pulse|p2a: Kingdra\n|-resisted|p2a: Kingdra\n|-damage|p2a: Kingdra|85/100\n|\n|upkeep\n|turn|6\n|inactive|Time left: 300 sec this turn | 300 sec total\n|\n|t:|1783568903\n|move|p2a: Kingdra|Draco Meteor|p1a: Clawitzer\n|-damage|p1a: Clawitzer|0 fnt\n|-unboost|p2a: Kingdra|spa|2\n|faint|p1a: Clawitzer\n|-damage|p2a: Kingdra|75/100|[from] item: Life Orb\n|\n|upkeep\n|inactive|Time left: 300 sec this turn | 300 sec total | 5 sec grace\n|\n|t:|1783568904\n|switch|p1a: Tropius|Tropius, L91, F|328/328\n|turn|7\n|inactive|Time left: 300 sec this turn | 300 sec total\n|\n|t:|1783568905\n|switch|p2a: Iron Hands|Iron Hands, L79|43/100\n|move|p1a: Tropius|Dragon Dance|p1a: Tropius\n|-boost|p1a: Tropius|atk|1\n|-boost|p1a: Tropius|spe|1\n|\n|-heal|p2a: Iron Hands|49/100|[from] item: Leftovers\n|upkeep\n|turn|8\n|inactive|Time left: 300 sec this turn | 300 sec total\n|\n|t:|1783568906\n|move|p1a: Tropius|Dragon Dance|p1a: Tropius\n|-boost|p1a: Tropius|atk|1\n|-boost|p1a: Tropius|spe|1\n|move|p2a: Iron Hands|Ice Punch|p1a: Tropius\n|-supereffective|p1a: Tropius\n|-damage|p1a: Tropius|80/328\n|-enditem|p1a: Tropius|Sitrus Berry|[eat]\n|-heal|p1a: Tropius|162/328|[from] item: Sitrus Berry\n|\n|-heal|p2a: Iron Hands|55/100|[from] item: Leftovers\n|-item|p1a: Tropius|Sitrus Berry|[from] ability: Harvest\n|upkeep\n|-enditem|p1a: Tropius|Sitrus Berry|[eat]\n|-heal|p1a: Tropius|244/328|[from] item: Sitrus Berry\n|turn|9\n|inactive|Time left: 300 sec this turn | 300 sec total\n|\n|t:|1783568907\n|-terastallize|p2a: Iron Hands|Fighting\n|move|p1a: Tropius|Earthquake|p2a: Iron Hands\n|-damage|p2a: Iron Hands|25/100\n|move|p2a: Iron Hands|Ice Punch|p1a: Tropius\n|-supereffective|p1a: Tropius\n|-damage|p1a: Tropius|0 fnt\n|faint|p1a: Tropius\n|\n|-heal|p2a: Iron Hands|31/100|[from] item: Leftovers\n|upkeep\n|inactive|Time left: 300 sec this turn | 300 sec total | 5 sec grace\n|\n|t:|1783568908\n|switch|p1a: Toucannon|Toucannon, L88, M|284/284\n|turn|10\n|inactive|Time left: 300 sec this turn | 300 sec total\n|\n|t:|1783568909\n|move|p1a: Toucannon|Boomburst|p2a: Iron Hands\n|-damage|p2a: Iron Hands|0 fnt\n|faint|p2a: Iron Hands\n|-end|p2a: Iron Hands|Quark Drive|[silent]\n|\n|upkeep\n|\n|t:|1783568910\n|switch|p2a: Magmortar|Magmortar, L88, F|100/100\n|turn|11\n|inactive|Time left: 300 sec this turn | 300 sec total\n|\n|t:|1783568911\n|-singleturn|p1a: Toucannon|move: Beak Blast\n|move|p2a: Magmortar|Fire Blast|p1a: Toucannon|[miss]\n|-miss|p2a: Magmortar|p1a: Toucannon\n|move|p1a: Toucannon|Beak Blast|p2a: Magmortar\n|-damage|p2a: Magmortar|41/100\n|\n|upkeep\n|turn|12\n|inactive|Time left: 300 sec this turn | 300 sec total\n|\n|t:|1783568912\n|-singleturn|p1a: Toucannon|move: Beak Blast\n|move|p2a: Magmortar|Fire Blast|p1a: Toucannon|[miss]\n|-miss|p2a: Magmortar|p1a: Toucannon\n|move|p1a: Toucannon|Beak Blast|p2a: Magmortar\n|-damage|p2a: Magmortar|0 fnt\n|faint|p2a: Magmortar\n|\n|upkeep\n|\n|t:|1783568913\n|switch|p2a: Vivillon|Vivillon-Monsoon, L83, M, shiny|100/100\n|turn|13\n|inactive|Time left: 300 sec this turn | 300 sec total\n|\n|t:|1783568914\n|-singleturn|p1a: Toucannon|move: Beak Blast\n|move|p2a: Vivillon|Sleep Powder|p1a: Toucannon\n|-status|p1a: Toucannon|slp|[from] move: Sleep Powder\n|cant|p1a: Toucannon|slp\n|\n|upkeep\n|turn|14\n|inactive|Time left: 300 sec this turn | 300 sec total\n|\n|t:|1783568915\n|switch|p1a: Tyranitar|Tyranitar, L78, M|284/284\n|-weather|Sandstorm|[from] ability: Sand Stream|[of] p1a: Tyranitar\n|move|p2a: Vivillon|Hurricane|p1a: Tyranitar\n|-resisted|p1a: Tyranitar\n|-damage|p1a: Tyranitar|247/284\n|-start|p1a: Tyranitar|confusion\n|\n|-weather|Sandstorm|[upkeep]\n|-damage|p2a: Vivillon|95/100|[from] Sandstorm\n|-heal|p1a: Tyranitar|264/284|[from] item: Leftovers\n|upkeep\n|turn|15\n|inactive|Time left: 300 sec this turn | 300 sec total\n|\n|t:|1783568916\n|switch|p2a: Iron Valiant|Iron Valiant, L78|100/100\n|-activate|p1a: Tyranitar|confusion\n|-damage|p1a: Tyranitar|235/284|[from] confusion\n|\n|-weather|Sandstorm|[upkeep]\n|-damage|p2a: Iron Valiant|94/100|[from] Sandstorm\n|-heal|p1a: Tyranitar|252/284|[from] item: Leftovers\n|upkeep\n|turn|16\n|inactive|Time left: 300 sec this turn | 300 sec total\n|\n|t:|1783568916\n|switch|p1a: Toucannon|Toucannon, L88, M|284/284 slp\n|move|p2a: Iron Valiant|Swords Dance|p2a: Iron Valiant\n|-boost|p2a: Iron Valiant|atk|2\n|\n|-weather|Sandstorm|[upkeep]\n|-damage|p2a: Iron Valiant|88/100|[from] Sandstorm\n|-damage|p1a: Toucannon|267/284 slp|[from] Sandstorm\n|upkeep\n|turn|17\n|inactive|Time left: 300 sec this turn | 300 sec total\n|\n|t:|1783568917\n|-singleturn|p1a: Toucannon|move: Beak Blast\n|move|p2a: Iron Valiant|Close Combat|p1a: Toucannon\n|-damage|p1a: Toucannon|0 fnt\n|-status|p2a: Iron Valiant|brn\n|-unboost|p2a: Iron Valiant|def|1\n|-unboost|p2a: Iron Valiant|spd|1\n|faint|p1a: Toucannon\n|-damage|p2a: Iron Valiant|78/100 brn|[from] item: Life Orb\n|\n|-weather|Sandstorm|[upkeep]\n|-damage|p2a: Iron Valiant|72/100 brn|[from] Sandstorm\n|-damage|p2a: Iron Valiant|66/100 brn|[from] brn\n|upkeep\n|inactive|Time left: 300 sec this turn | 300 sec total | 5 sec grace\n|\n|t:|1783568918\n|switch|p1a: Palafin|Palafin-Hero, L77, M|281/281\n|-activate|p1a: Palafin|ability: Zero to Hero\n|turn|18\n|inactive|Time left: 300 sec this turn | 300 sec total\n|\n|t:|1783568919\n|move|p2a: Iron Valiant|Close Combat|p1a: Palafin\n|-damage|p1a: Palafin|90/281\n|-unboost|p2a: Iron Valiant|def|1\n|-unboost|p2a: Iron Valiant|spd|1\n|-damage|p2a: Iron Valiant|56/100 brn|[from] item: Life Orb\n|move|p1a: Palafin|Bulk Up|p1a: Palafin\n|-boost|p1a: Palafin|atk|1\n|-boost|p1a: Palafin|def|1\n|\n|-weather|none\n|-heal|p1a: Palafin|107/281|[from] item: Leftovers\n|-damage|p2a: Iron Valiant|50/100 brn|[from] brn\n|upkeep\n|turn|19\n|inactive|Time left: 300 sec this turn | 300 sec total\n|\n|t:|1783568920\n|move|p1a: Palafin|Jet Punch|p2a: Iron Valiant\n|-damage|p2a: Iron Valiant|0 fnt\n|faint|p2a: Iron Valiant\n|-end|p2a: Iron Valiant|Quark Drive|[silent]\n|\n|-heal|p1a: Palafin|124/281|[from] item: Leftovers\n|upkeep\n|\n|t:|1783568921\n|switch|p2a: Kingdra|Kingdra, L84, M|75/100\n|turn|20\n|inactive|Time left: 300 sec this turn | 300 sec total\n|\n|t:|1783568922\n|switch|p1a: Tyranitar|Tyranitar, L78, M|252/284\n|-weather|Sandstorm|[from] ability: Sand Stream|[of] p1a: Tyranitar\n|move|p2a: Kingdra|Draco Meteor|p1a: Tyranitar\n|-damage|p1a: Tyranitar|131/284\n|-unboost|p2a: Kingdra|spa|2\n|-damage|p2a: Kingdra|66/100|[from] item: Life Orb\n|\n|-weather|Sandstorm|[upkeep]\n|-damage|p2a: Kingdra|59/100|[from] Sandstorm\n|-heal|p1a: Tyranitar|148/284|[from] item: Leftovers\n|upkeep\n|turn|21\n|inactive|Time left: 300 sec this turn | 300 sec total\n|\n|t:|1783568923\n|switch|p1a: Palafin|Palafin-Hero, L77, M|124/281\n|move|p2a: Kingdra|Wave Crash|p1a: Palafin\n|-resisted|p1a: Palafin\n|-damage|p1a: Palafin|34/281\n|-damage|p2a: Kingdra|48/100|[from] Recoil\n|-damage|p2a: Kingdra|38/100|[from] item: Life Orb\n|\n|-weather|Sandstorm|[upkeep]\n|-damage|p1a: Palafin|17/281|[from] Sandstorm\n|-damage|p2a: Kingdra|32/100|[from] Sandstorm\n|-heal|p1a: Palafin|34/281|[from] item: Leftovers\n|upkeep\n|turn|22\n|inactive|Time left: 300 sec this turn | 300 sec total\n|\n|t:|1783568924\n|move|p1a: Palafin|Ice Punch|p2a: Kingdra\n|-damage|p2a: Kingdra|7/100\n|move|p2a: Kingdra|Draco Meteor|p1a: Palafin\n|-damage|p1a: Palafin|0 fnt\n|-unboost|p2a: Kingdra|spa|2\n|faint|p1a: Palafin\n|-damage|p2a: Kingdra|0 fnt|[from] item: Life Orb\n|faint|p2a: Kingdra\n|\n|-weather|Sandstorm|[upkeep]\n|upkeep\n|inactive|Time left: 300 sec this turn | 300 sec total | 5 sec grace\n|\n|t:|1783568924\n|switch|p1a: Tyranitar|Tyranitar, L78, M|148/284\n|switch|p2a: Vivillon|Vivillon-Monsoon, L83, M, shiny|95/100\n|turn|23\n|inactive|Time left: 300 sec this turn | 300 sec total\n|\n|t:|1783568925\n|-terastallize|p1a: Tyranitar|Rock\n|move|p2a: Vivillon|Sleep Powder|p1a: Tyranitar\n|-status|p1a: Tyranitar|slp|[from] move: Sleep Powder\n|cant|p1a: Tyranitar|slp\n|\n|-weather|Sandstorm|[upkeep]\n|-damage|p2a: Vivillon|89/100|[from] Sandstorm\n|-heal|p1a: Tyranitar|165/284 slp|[from] item: Leftovers\n|upkeep\n|turn|24\n|inactive|Time left: 300 sec this turn | 300 sec total\n|\n|t:|1783568926\n|move|p2a: Vivillon|Quiver Dance|p2a: Vivillon\n|-boost|p2a: Vivillon|spa|1\n|-boost|p2a: Vivillon|spd|1\n|-boost|p2a: Vivillon|spe|1\n|cant|p1a: Tyranitar|slp\n|\n|-weather|none\n|-heal|p1a: Tyranitar|182/284 slp|[from] item: Leftovers\n|upkeep\n|turn|25\n|inactive|Time left: 300 sec this turn | 300 sec total\n|\n|t:|1783568927\n|move|p2a: Vivillon|Bug Buzz|p1a: Tyranitar\n|-damage|p1a: Tyranitar|41/284 slp\n|-curestatus|p1a: Tyranitar|slp|[msg]\n|move|p1a: Tyranitar|Stone Edge|p2a: Vivillon\n|-supereffective|p2a: Vivillon\n|-crit|p2a: Vivillon\n|-damage|p2a: Vivillon|0 fnt\n|faint|p2a: Vivillon\n|\n|win|p0x25828ab0", "uploadtime": 1783568927, "views": 0, "rating": 0, "private": 0, "password": null, "_winner": "p0x25828ab0", "_our_name": "p0x25828ab0"}