{"id": "battle-gen9randombattle-2629", "formatid": "gen9randombattle", "format": "[Gen 9] Random Battle", "players": ["p0x26296ab9", "p0y26297b69"], "log": "|init|battle\n|title|p0x26296ab9 vs. p0y26297b69\n|j|\u2606p0x26296ab9\n|j|\u2606p0y26297b69\n|t:|1783570371\n|gametype|singles\n|player|p1|p0x26296ab9|2|\n|player|p2|p0y26297b69|102|\n|gen|9\n|tier|[Gen 9] Random Battle\n|rule|Species Clause: Limit one of each Pok\u00e9mon\n|rule|HP Percentage Mod: HP is shown in percentages\n|rule|Sleep Clause Mod: Limit one foe put to sleep\n|rule|Illusion Level Mod: Illusion disguises the Pok\u00e9mon's true level\n|\n|t:|1783570371\n|teamsize|p1|6\n|teamsize|p2|6\n|start\n|switch|p1a: Goodra|Goodra-Hisui, L82, F|100/100\n|switch|p2a: Dewgong|Dewgong, L94, M|322/322\n|turn|1\n|inactive|Battle timer is ON: inactive players will automatically lose when time's up. (requested by p0x26296ab9)\n|inactive|Time left: 300 sec this turn | 300 sec total | 60 sec grace\n|inactive|p0y26297b69 also wants the timer to be on.\n|\n|t:|1783570372\n|move|p2a: Dewgong|Ice Beam|p1a: Goodra\n|-damage|p1a: Goodra|84/100\n|move|p1a: Goodra|Thunderbolt|p2a: Dewgong\n|-supereffective|p2a: Dewgong\n|-damage|p2a: Dewgong|214/322\n|\n|upkeep\n|turn|2\n|inactive|Time left: 300 sec this turn | 300 sec total\n|\n|t:|1783570374\n|move|p2a: Dewgong|Ice Beam|p1a: Goodra\n|-damage|p1a: Goodra|67/100\n|move|p1a: Goodra|Thunderbolt|p2a: Dewgong\n|-supereffective|p2a: Dewgong\n|-damage|p2a: Dewgong|98/322\n|\n|upkeep\n|turn|3\n|inactive|Time left: 300 sec this turn | 300 sec total\n|\n|t:|1783570375\n|move|p2a: Dewgong|Flip Turn|p1a: Goodra\n|-resisted|p1a: Goodra\n|-damage|p1a: Goodra|56/100\n|inactive|Time left: 300 sec this turn | 300 sec total | 5 sec grace\n|\n|t:|1783570376\n|switch|p2a: Dragonite|Dragonite, L74, F|257/257|[from] Flip Turn\n|move|p1a: Goodra|Heavy Slam|p2a: Dragonite\n|-damage|p2a: Dragonite|236/257\n|\n|upkeep\n|turn|4\n|inactive|Time left: 300 sec this turn | 300 sec total\n|\n|t:|1783570377\n|move|p2a: Dragonite|Outrage|p1a: Goodra\n|-damage|p1a: Goodra|13/100\n|move|p1a: Goodra|Draco Meteor|p2a: Dragonite|[miss]\n|-miss|p1a: Goodra|p2a: Dragonite\n|\n|upkeep\n|turn|5\n|inactive|Time left: 300 sec this turn | 300 sec total\n|\n|t:|1783570378\n|switch|p1a: Revavroom|Revavroom, L79, M|100/100\n|move|p2a: Dragonite|Outrage|p1a: Revavroom|[from] lockedmove\n|-resisted|p1a: Revavroom\n|-damage|p1a: Revavroom|74/100\n|-start|p2a: Dragonite|confusion|[fatigue]\n|\n|upkeep\n|turn|6\n|inactive|Time left: 300 sec this turn | 300 sec total\n|\n|t:|1783570379\n|move|p1a: Revavroom|Iron Head|p2a: Dragonite\n|-damage|p2a: Dragonite|122/257\n|-damage|p1a: Revavroom|64/100|[from] item: Life Orb\n|-activate|p2a: Dragonite|confusion\n|move|p2a: Dragonite|Earthquake|p1a: Revavroom\n|-supereffective|p1a: Revavroom\n|-damage|p1a: Revavroom|0 fnt\n|faint|p1a: Revavroom\n|\n|upkeep\n|\n|t:|1783570380\n|switch|p1a: Clawitzer|Clawitzer, L87, M|100/100\n|turn|7\n|inactive|Time left: 300 sec this turn | 300 sec total\n|\n|t:|1783570381\n|-activate|p2a: Dragonite|confusion\n|-damage|p2a: Dragonite|93/257|[from] confusion\n|move|p1a: Clawitzer|Dark Pulse|p2a: Dragonite\n|-damage|p2a: Dragonite|0 fnt\n|faint|p2a: Dragonite\n|\n|upkeep\n|inactive|Time left: 300 sec this turn | 300 sec total | 5 sec grace\n|\n|t:|1783570382\n|switch|p2a: Terrakion|Terrakion, L79|273/273\n|turn|8\n|inactive|Time left: 300 sec this turn | 300 sec total\n|\n|t:|1783570383\n|switch|p1a: Lugia|Lugia, L73|100/100\n|move|p2a: Terrakion|Swords Dance|p2a: Terrakion\n|-boost|p2a: Terrakion|atk|2\n|\n|upkeep\n|turn|9\n|inactive|Time left: 300 sec this turn | 300 sec total\n|\n|t:|1783570384\n|move|p2a: Terrakion|Stone Edge|p1a: Lugia\n|-supereffective|p1a: Lugia\n|-damage|p1a: Lugia|1/100\n|-damage|p2a: Terrakion|246/273|[from] item: Life Orb\n|move|p1a: Lugia|Psychic Noise|p2a: Terrakion\n|-supereffective|p2a: Terrakion\n|-damage|p2a: Terrakion|112/273\n|-start|p2a: Terrakion|move: Heal Block\n|\n|upkeep\n|turn|10\n|inactive|Time left: 300 sec this turn | 300 sec total\n|\n|t:|1783570385\n|move|p2a: Terrakion|Close Combat|p1a: Lugia\n|-resisted|p1a: Lugia\n|-damage|p1a: Lugia|0 fnt\n|-unboost|p2a: Terrakion|def|1\n|-unboost|p2a: Terrakion|spd|1\n|faint|p1a: Lugia\n|-damage|p2a: Terrakion|85/273|[from] item: Life Orb\n|\n|-end|p2a: Terrakion|move: Heal Block\n|upkeep\n|\n|t:|1783570386\n|switch|p1a: Gurdurr|Gurdurr, L85, F|100/100\n|turn|11\n|inactive|Time left: 300 sec this turn | 300 sec total\n|\n|t:|1783570387\n|-terastallize|p2a: Terrakion|Fighting\n|move|p1a: Gurdurr|Mach Punch|p2a: Terrakion\n|-damage|p2a: Terrakion|13/273\n|move|p2a: Terrakion|Close Combat|p1a: Gurdurr\n|-damage|p1a: Gurdurr|0 fnt\n|-unboost|p2a: Terrakion|def|1\n|-unboost|p2a: Terrakion|spd|1\n|faint|p1a: Gurdurr\n|-damage|p2a: Terrakion|0 fnt|[from] item: Life Orb\n|faint|p2a: Terrakion\n|\n|upkeep\n|inactive|Time left: 300 sec this turn | 300 sec total | 5 sec grace\n|\n|t:|1783570388\n|switch|p2a: Minun|Minun, L95, F|268/268\n|switch|p1a: Clawitzer|Clawitzer, L87, M|100/100\n|turn|12\n|inactive|Time left: 300 sec this turn | 300 sec total\n|\n|t:|1783570389\n|-terastallize|p1a: Clawitzer|Fighting\n|move|p2a: Minun|Thunderbolt|p1a: Clawitzer\n|-damage|p1a: Clawitzer|52/100\n|-damage|p2a: Minun|242/268|[from] item: Life Orb\n|move|p1a: Clawitzer|Aura Sphere|p2a: Minun\n|-damage|p2a: Minun|38/268\n|\n|upkeep\n|turn|13\n|inactive|Time left: 300 sec this turn | 300 sec total\n|\n|t:|1783570390\n|switch|p1a: Hydrapple|Hydrapple, L83, M|100/100\n|move|p2a: Minun|Thunderbolt|p1a: Hydrapple\n|-resisted|p1a: Hydrapple\n|-damage|p1a: Hydrapple|92/100\n|-status|p1a: Hydrapple|par\n|-damage|p2a: Minun|12/268|[from] item: Life Orb\n|\n|upkeep\n|turn|14\n|inactive|Time left: 300 sec this turn | 300 sec total\n|\n|t:|1783570391\n|switch|p2a: Trevenant|Trevenant, L89, F|296/296\n|move|p1a: Hydrapple|Fickle Beam|p2a: Trevenant\n|-damage|p2a: Trevenant|196/296\n|\n|upkeep\n|turn|15\n|inactive|Time left: 300 sec this turn | 300 sec total\n|\n|t:|1783570391\n|move|p2a: Trevenant|Poltergeist|p1a: Hydrapple\n|-activate|p1a: Hydrapple|move: Poltergeist|Assault Vest\n|-damage|p1a: Hydrapple|52/100 par\n|move|p1a: Hydrapple|Fickle Beam|p2a: Trevenant\n|-damage|p2a: Trevenant|102/296\n|-enditem|p2a: Trevenant|Sitrus Berry|[eat]\n|-heal|p2a: Trevenant|176/296|[from] item: Sitrus Berry\n|\n|upkeep\n|turn|16\n|inactive|Time left: 300 sec this turn | 300 sec total\n|\n|t:|1783570392\n|switch|p1a: Goodra|Goodra-Hisui, L82, F|13/100\n|move|p2a: Trevenant|Poltergeist|p1a: Goodra\n|-activate|p1a: Goodra|move: Poltergeist|Assault Vest\n|-damage|p1a: Goodra|0 fnt\n|faint|p1a: Goodra\n|\n|upkeep\n|\n|t:|1783570393\n|switch|p1a: Clawitzer|Clawitzer, L87, M, tera:Fighting|52/100\n|turn|17\n|inactive|Time left: 300 sec this turn | 300 sec total\n|\n|t:|1783570394\n|switch|p2a: Minun|Minun, L95, F|12/268\n|move|p1a: Clawitzer|Dark Pulse|p2a: Minun\n|-damage|p2a: Minun|0 fnt\n|faint|p2a: Minun\n|\n|upkeep\n|inactive|Time left: 300 sec this turn | 300 sec total | 5 sec grace\n|\n|t:|1783570395\n|switch|p2a: Azelf|Azelf, L82|257/257\n|turn|18\n|inactive|Time left: 300 sec this turn | 300 sec total\n|\n|t:|1783570396\n|switch|p1a: Hydrapple|Hydrapple, L83, M|85/100 par\n|move|p2a: Azelf|Psychic|p1a: Hydrapple\n|-damage|p1a: Hydrapple|61/100 par\n|\n|upkeep\n|turn|19\n|inactive|Time left: 300 sec this turn | 300 sec total\n|\n|t:|1783570397\n|move|p2a: Azelf|Knock Off|p1a: Hydrapple\n|-crit|p1a: Hydrapple\n|-damage|p1a: Hydrapple|28/100 par\n|-enditem|p1a: Hydrapple|Assault Vest|[from] move: Knock Off|[of] p2a: Azelf\n|move|p1a: Hydrapple|Dragon Tail|p2a: Azelf\n|-damage|p2a: Azelf|190/257\n|drag|p2a: Dewgong|Dewgong, L94, M|98/322\n|\n|upkeep\n|turn|20\n|inactive|Time left: 300 sec this turn | 300 sec total\n|\n|t:|1783570398\n|switch|p1a: Clawitzer|Clawitzer, L87, M, tera:Fighting|52/100\n|move|p2a: Dewgong|Ice Beam|p1a: Clawitzer\n|-damage|p1a: Clawitzer|15/100\n|\n|upkeep\n|turn|21\n|inactive|Time left: 300 sec this turn | 300 sec total\n|\n|t:|1783570399\n|switch|p1a: Hydrapple|Hydrapple, L83, M|61/100 par\n|move|p2a: Dewgong|Ice Beam|p1a: Hydrapple\n|-supereffective|p1a: Hydrapple\n|-damage|p1a: Hydrapple|0 fnt\n|faint|p1a: Hydrapple\n|\n|upkeep\n|\n|t:|1783570400\n|switch|p1a: Clawitzer|Clawitzer, L87, M, tera:Fighting|15/100\n|turn|22\n|inactive|Time left: 300 sec this turn | 300 sec total\n|\n|t:|1783570400\n|move|p2a: Dewgong|Flip Turn|p1a: Clawitzer\n|-damage|p1a: Clawitzer|0 fnt\n|faint|p1a: Clawitzer\n|\n|win|p0y26297b69", "uploadtime": 1783570400, "views": 0, "rating": 0, "private": 0, "password": null, "_winner": "p0y26297b69", "_our_name": "p0y26297b69"}