{"id": "battle-gen9randombattle-2910", "formatid": "gen9randombattle", "format": "[Gen 9] Random Battle", "players": ["p0x29109e46", "p0y29107a9d"], "log": "|init|battle\n|title|p0x29109e46 vs. p0y29107a9d\n|j|\u2606p0x29109e46\n|j|\u2606p0y29107a9d\n|t:|1783572548\n|gametype|singles\n|player|p1|p0x29109e46|170|\n|player|p2|p0y29107a9d|1|\n|gen|9\n|tier|[Gen 9] Random Battle\n|rule|Species Clause: Limit one of each Pok\u00e9mon\n|rule|HP Percentage Mod: HP is shown in percentages\n|rule|Sleep Clause Mod: Limit one foe put to sleep\n|rule|Illusion Level Mod: Illusion disguises the Pok\u00e9mon's true level\n|\n|t:|1783572548\n|teamsize|p1|6\n|teamsize|p2|6\n|start\n|switch|p1a: Volcanion|Volcanion, L79|100/100\n|switch|p2a: Espeon|Espeon, L84, M|246/246\n|turn|1\n|inactive|Battle timer is ON: inactive players will automatically lose when time's up. (requested by p0y29107a9d)\n|inactive|p0x29109e46 also wants the timer to be on.\n|\n|t:|1783572549\n|move|p2a: Espeon|Psychic|p1a: Volcanion\n|-damage|p1a: Volcanion|49/100\n|move|p1a: Volcanion|Flame Charge|p2a: Espeon\n|-damage|p2a: Espeon|177/246\n|-boost|p1a: Volcanion|spe|1\n|\n|upkeep\n|turn|2\n|inactive|Time left: 300 sec this turn | 300 sec total\n|\n|t:|1783572550\n|move|p1a: Volcanion|Steam Eruption|p2a: Espeon\n|-damage|p2a: Espeon|45/246\n|move|p2a: Espeon|Psychic|p1a: Volcanion\n|-damage|p1a: Volcanion|0 fnt\n|faint|p1a: Volcanion\n|\n|upkeep\n|\n|t:|1783572551\n|switch|p1a: Zangoose|Zangoose, L85, M|100/100\n|turn|3\n|inactive|Time left: 300 sec this turn | 300 sec total\n|\n|t:|1783572552\n|move|p1a: Zangoose|Quick Attack|p2a: Espeon\n|-damage|p2a: Espeon|0 fnt\n|faint|p2a: Espeon\n|\n|-status|p1a: Zangoose|tox|[from] item: Toxic Orb\n|upkeep\n|inactive|Time left: 300 sec this turn | 300 sec total | 5 sec grace\n|\n|t:|1783572553\n|switch|p2a: Breloom|Breloom, L83, M|235/235\n|turn|4\n|inactive|Time left: 300 sec this turn | 300 sec total\n|\n|t:|1783572554\n|move|p2a: Breloom|Mach Punch|p1a: Zangoose\n|-supereffective|p1a: Zangoose\n|-damage|p1a: Zangoose|0 fnt\n|faint|p1a: Zangoose\n|-damage|p2a: Breloom|212/235|[from] item: Life Orb\n|\n|upkeep\n|\n|t:|1783572555\n|switch|p1a: Glimmora|Glimmora, L75, M|100/100\n|turn|5\n|inactive|Time left: 300 sec this turn | 300 sec total\n|\n|t:|1783572556\n|switch|p2a: Lapras|Lapras, L87, F|367/367\n|move|p1a: Glimmora|Sludge Wave|p2a: Lapras\n|-damage|p2a: Lapras|280/367\n|\n|upkeep\n|turn|6\n|inactive|Time left: 300 sec this turn | 300 sec total\n|\n|t:|1783572557\n|switch|p2a: Registeel|Registeel, L81|262/262\n|move|p1a: Glimmora|Meteor Beam||[still]\n|-prepare|p1a: Glimmora|Meteor Beam\n|-boost|p1a: Glimmora|spa|1\n|-enditem|p1a: Glimmora|Power Herb\n|-anim|p1a: Glimmora|Meteor Beam|p2a: Registeel\n|-resisted|p2a: Registeel\n|-damage|p2a: Registeel|196/262\n|\n|upkeep\n|turn|7\n|inactive|Time left: 300 sec this turn | 300 sec total\n|\n|t:|1783572558\n|move|p1a: Glimmora|Earth Power|p2a: Registeel\n|-supereffective|p2a: Registeel\n|-damage|p2a: Registeel|70/262\n|move|p2a: Registeel|Iron Head|p1a: Glimmora\n|-supereffective|p1a: Glimmora\n|-damage|p1a: Glimmora|40/100\n|-activate|p1a: Glimmora|ability: Toxic Debris\n|-sidestart|p2: p0y29107a9d|move: Toxic Spikes\n|\n|upkeep\n|turn|8\n|inactive|Time left: 300 sec this turn | 300 sec total\n|\n|t:|1783572560\n|move|p1a: Glimmora|Earth Power|p2a: Registeel\n|-supereffective|p2a: Registeel\n|-damage|p2a: Registeel|0 fnt\n|faint|p2a: Registeel\n|\n|upkeep\n|inactive|Time left: 300 sec this turn | 300 sec total | 5 sec grace\n|\n|t:|1783572561\n|switch|p2a: Lapras|Lapras, L87, F|280/367\n|-status|p2a: Lapras|psn\n|turn|9\n|inactive|Time left: 300 sec this turn | 300 sec total\n|\n|t:|1783572561\n|move|p1a: Glimmora|Energy Ball|p2a: Lapras\n|-supereffective|p2a: Lapras\n|-damage|p2a: Lapras|88/367 psn\n|move|p2a: Lapras|Freeze-Dry|p1a: Glimmora\n|-damage|p1a: Glimmora|0 fnt\n|faint|p1a: Glimmora\n|\n|-damage|p2a: Lapras|43/367 psn|[from] psn\n|upkeep\n|\n|t:|1783572562\n|switch|p1a: Carbink|Carbink, L90|100/100\n|turn|10\n|inactive|Time left: 300 sec this turn | 300 sec total\n|\n|t:|1783572563\n|move|p2a: Lapras|Freeze-Dry|p1a: Carbink\n|-damage|p1a: Carbink|75/100\n|move|p1a: Carbink|Iron Defense|p1a: Carbink\n|-boost|p1a: Carbink|def|2\n|\n|-heal|p1a: Carbink|81/100|[from] item: Leftovers\n|-damage|p2a: Lapras|0 fnt|[from] psn\n|faint|p2a: Lapras\n|upkeep\n|inactive|Time left: 300 sec this turn | 300 sec total | 5 sec grace\n|\n|t:|1783572564\n|switch|p2a: Swanna|Swanna, L89, F|278/278\n|turn|11\n|inactive|Time left: 300 sec this turn | 300 sec total\n|\n|t:|1783572565\n|-terastallize|p1a: Carbink|Fighting\n|move|p2a: Swanna|Hydro Pump|p1a: Carbink\n|-damage|p1a: Carbink|51/100\n|move|p1a: Carbink|Body Press|p2a: Swanna\n|-resisted|p2a: Swanna\n|-damage|p2a: Swanna|100/278\n|\n|-heal|p1a: Carbink|57/100|[from] item: Leftovers\n|upkeep\n|turn|12\n|inactive|Time left: 300 sec this turn | 300 sec total\n|\n|t:|1783572566\n|move|p2a: Swanna|Hydro Pump|p1a: Carbink\n|-damage|p1a: Carbink|27/100\n|move|p1a: Carbink|Body Press|p2a: Swanna\n|-resisted|p2a: Swanna\n|-damage|p2a: Swanna|0 fnt\n|faint|p2a: Swanna\n|\n|-heal|p1a: Carbink|33/100|[from] item: Leftovers\n|upkeep\n|inactive|Time left: 300 sec this turn | 300 sec total | 5 sec grace\n|\n|t:|1783572567\n|switch|p2a: Articuno|Articuno, L86|295/295\n|-ability|p2a: Articuno|Pressure\n|turn|13\n|inactive|Time left: 300 sec this turn | 300 sec total\n|\n|t:|1783572568\n|move|p2a: Articuno|Brave Bird|p1a: Carbink\n|-supereffective|p1a: Carbink\n|-damage|p1a: Carbink|0 fnt\n|faint|p1a: Carbink\n|-damage|p2a: Articuno|270/295|[from] Recoil\n|\n|upkeep\n|\n|t:|1783572569\n|switch|p1a: Scovillain|Scovillain, L91, F|100/100\n|turn|14\n|inactive|Time left: 300 sec this turn | 300 sec total\n|\n|t:|1783572570\n|move|p1a: Scovillain|Protect|p1a: Scovillain\n|-singleturn|p1a: Scovillain|Protect\n|move|p2a: Articuno|Brave Bird|p1a: Scovillain\n|-activate|p1a: Scovillain|move: Protect\n|\n|upkeep\n|turn|15\n|inactive|Time left: 300 sec this turn | 300 sec total\n|\n|t:|1783572571\n|switch|p1a: Swampert|Swampert, L83, F|100/100\n|move|p2a: Articuno|Brave Bird|p1a: Swampert\n|-damage|p1a: Swampert|61/100\n|-damage|p2a: Articuno|231/295|[from] Recoil\n|\n|-heal|p1a: Swampert|67/100|[from] item: Leftovers\n|upkeep\n|turn|16\n|inactive|Time left: 300 sec this turn | 300 sec total\n|\n|t:|1783572572\n|switch|p1a: Scovillain|Scovillain, L91, F|100/100\n|move|p2a: Articuno|Freeze-Dry|p1a: Scovillain\n|-damage|p1a: Scovillain|70/100\n|\n|-heal|p1a: Scovillain|76/100|[from] item: Leftovers\n|upkeep\n|turn|17\n|inactive|Time left: 300 sec this turn | 300 sec total\n|\n|t:|1783572573\n|move|p1a: Scovillain|Protect|p1a: Scovillain\n|-singleturn|p1a: Scovillain|Protect\n|move|p2a: Articuno|Brave Bird|p1a: Scovillain\n|-activate|p1a: Scovillain|move: Protect\n|\n|-heal|p1a: Scovillain|82/100|[from] item: Leftovers\n|upkeep\n|turn|18\n|inactive|Time left: 300 sec this turn | 300 sec total\n|\n|t:|1783572574\n|switch|p1a: Swampert|Swampert, L83, F|67/100\n|move|p2a: Articuno|Brave Bird|p1a: Swampert\n|-crit|p1a: Swampert\n|-damage|p1a: Swampert|4/100\n|-damage|p2a: Articuno|168/295|[from] Recoil\n|\n|-heal|p1a: Swampert|10/100|[from] item: Leftovers\n|upkeep\n|turn|19\n|inactive|Time left: 300 sec this turn | 300 sec total\n|\n|t:|1783572575\n|move|p2a: Articuno|Brave Bird|p1a: Swampert\n|-damage|p1a: Swampert|0 fnt\n|faint|p1a: Swampert\n|-damage|p2a: Articuno|158/295|[from] Recoil\n|\n|upkeep\n|\n|t:|1783572576\n|switch|p1a: Scovillain|Scovillain, L91, F|82/100\n|turn|20\n|inactive|Time left: 300 sec this turn | 300 sec total\n|\n|t:|1783572576\n|-terastallize|p2a: Articuno|Ground\n|move|p1a: Scovillain|Protect|p1a: Scovillain\n|-singleturn|p1a: Scovillain|Protect\n|move|p2a: Articuno|Brave Bird|p1a: Scovillain\n|-activate|p1a: Scovillain|move: Protect\n|\n|-heal|p1a: Scovillain|88/100|[from] item: Leftovers\n|upkeep\n|turn|21\n|inactive|Time left: 300 sec this turn | 300 sec total\n|\n|t:|1783572577\n|move|p1a: Scovillain|Protect||[still]\n|-fail|p1a: Scovillain\n|move|p2a: Articuno|Brave Bird|p1a: Scovillain\n|-supereffective|p1a: Scovillain\n|-damage|p1a: Scovillain|0 fnt\n|faint|p1a: Scovillain\n|-damage|p2a: Articuno|81/295|[from] Recoil\n|\n|win|p0y29107a9d", "uploadtime": 1783572577, "views": 0, "rating": 0, "private": 0, "password": null, "_winner": "p0y29107a9d", "_our_name": "p0y29107a9d"}