{"id": "battle-gen9randombattle-2314", "formatid": "gen9randombattle", "format": "[Gen 9] Random Battle", "players": ["p0x2314b13c", "p0y23144cd5"], "log": "|init|battle\n|title|p0x2314b13c vs. p0y23144cd5\n|j|\u2606p0x2314b13c\n|j|\u2606p0y23144cd5\n|t:|1783565854\n|gametype|singles\n|player|p1|p0x2314b13c|1|\n|player|p2|p0y23144cd5|169|\n|gen|9\n|tier|[Gen 9] Random Battle\n|rule|Species Clause: Limit one of each Pok\u00e9mon\n|rule|HP Percentage Mod: HP is shown in percentages\n|rule|Sleep Clause Mod: Limit one foe put to sleep\n|rule|Illusion Level Mod: Illusion disguises the Pok\u00e9mon's true level\n|\n|t:|1783565854\n|teamsize|p1|6\n|teamsize|p2|6\n|start\n|switch|p1a: Braviary|Braviary-Hisui, L85, M|326/326\n|switch|p2a: Hippowdon|Hippowdon, L82, F|100/100\n|-weather|Sandstorm|[from] ability: Sand Stream|[of] p2a: Hippowdon\n|turn|1\n|inactive|Battle timer is ON: inactive players will automatically lose when time's up. (requested by p0y23144cd5)\n|inactive|Time left: 300 sec this turn | 300 sec total | 60 sec grace\n|inactive|p0x2314b13c also wants the timer to be on.\n|\n|t:|1783565856\n|move|p1a: Braviary|Hurricane|p2a: Hippowdon|[miss]\n|-miss|p1a: Braviary|p2a: Hippowdon\n|move|p2a: Hippowdon|Stealth Rock|p1a: Braviary\n|-sidestart|p1: p0x2314b13c|move: Stealth Rock\n|\n|-weather|Sandstorm|[upkeep]\n|-damage|p1a: Braviary|306/326|[from] Sandstorm\n|upkeep\n|turn|2\n|inactive|Time left: 300 sec this turn | 300 sec total\n|\n|t:|1783565857\n|move|p1a: Braviary|Psychic|p2a: Hippowdon\n|-damage|p2a: Hippowdon|23/100\n|move|p2a: Hippowdon|Stone Edge|p1a: Braviary\n|-supereffective|p1a: Braviary\n|-damage|p1a: Braviary|128/326\n|\n|-weather|Sandstorm|[upkeep]\n|-damage|p1a: Braviary|108/326|[from] Sandstorm\n|-heal|p2a: Hippowdon|29/100|[from] item: Leftovers\n|upkeep\n|turn|3\n|inactive|Time left: 300 sec this turn | 300 sec total\n|\n|t:|1783565858\n|move|p1a: Braviary|Psychic|p2a: Hippowdon\n|-damage|p2a: Hippowdon|0 fnt\n|faint|p2a: Hippowdon\n|\n|-weather|Sandstorm|[upkeep]\n|-damage|p1a: Braviary|88/326|[from] Sandstorm\n|upkeep\n|\n|t:|1783565859\n|switch|p2a: Lokix|Lokix, L82, F|100/100\n|turn|4\n|inactive|Time left: 300 sec this turn | 300 sec total\n|\n|t:|1783565860\n|move|p2a: Lokix|Knock Off|p1a: Braviary\n|-supereffective|p1a: Braviary\n|-damage|p1a: Braviary|0 fnt\n|-enditem|p1a: Braviary|Life Orb|[from] move: Knock Off|[of] p2a: Lokix\n|faint|p1a: Braviary\n|-damage|p2a: Lokix|91/100|[from] item: Life Orb\n|\n|-weather|Sandstorm|[upkeep]\n|-damage|p2a: Lokix|85/100|[from] Sandstorm\n|upkeep\n|inactive|Time left: 300 sec this turn | 300 sec total | 5 sec grace\n|\n|t:|1783565861\n|switch|p1a: Primarina|Primarina, L83, F|268/268\n|-damage|p1a: Primarina|235/268|[from] Stealth Rock\n|turn|5\n|inactive|Time left: 300 sec this turn | 300 sec total\n|\n|t:|1783565862\n|move|p2a: Lokix|Knock Off|p1a: Primarina\n|-resisted|p1a: Primarina\n|-damage|p1a: Primarina|92/268\n|-enditem|p1a: Primarina|Choice Specs|[from] move: Knock Off|[of] p2a: Lokix\n|-damage|p2a: Lokix|75/100|[from] item: Life Orb\n|move|p1a: Primarina|Moonblast|p2a: Lokix\n|-supereffective|p2a: Lokix\n|-damage|p2a: Lokix|0 fnt\n|faint|p2a: Lokix\n|\n|-weather|none\n|upkeep\n|\n|t:|1783565863\n|switch|p2a: Masquerain|Masquerain, L87, M|100/100\n|-ability|p2a: Masquerain|Intimidate|boost\n|-unboost|p1a: Primarina|atk|1\n|turn|6\n|inactive|Time left: 300 sec this turn | 300 sec total\n|\n|t:|1783565864\n|move|p2a: Masquerain|Quiver Dance|p2a: Masquerain\n|-boost|p2a: Masquerain|spa|1\n|-boost|p2a: Masquerain|spd|1\n|-boost|p2a: Masquerain|spe|1\n|move|p1a: Primarina|Moonblast|p2a: Masquerain\n|-damage|p2a: Masquerain|69/100\n|\n|upkeep\n|turn|7\n|inactive|Time left: 300 sec this turn | 300 sec total\n|\n|t:|1783565865\n|move|p2a: Masquerain|Quiver Dance|p2a: Masquerain\n|-boost|p2a: Masquerain|spa|1\n|-boost|p2a: Masquerain|spd|1\n|-boost|p2a: Masquerain|spe|1\n|move|p1a: Primarina|Flip Turn|p2a: Masquerain\n|-damage|p2a: Masquerain|53/100\n|inactive|Time left: 300 sec this turn | 300 sec total | 5 sec grace\n|\n|t:|1783565866\n|switch|p1a: Raging Bolt|Raging Bolt, L78|323/323|[from] Flip Turn\n|-damage|p1a: Raging Bolt|283/323|[from] Stealth Rock\n|-enditem|p1a: Raging Bolt|Booster Energy\n|-activate|p1a: Raging Bolt|ability: Protosynthesis|[fromitem]\n|-start|p1a: Raging Bolt|protosynthesisspa\n|\n|upkeep\n|turn|8\n|inactive|Time left: 300 sec this turn | 300 sec total\n|\n|t:|1783565867\n|move|p2a: Masquerain|Quiver Dance|p2a: Masquerain\n|-boost|p2a: Masquerain|spa|1\n|-boost|p2a: Masquerain|spd|1\n|-boost|p2a: Masquerain|spe|1\n|move|p1a: Raging Bolt|Thunderbolt|p2a: Masquerain\n|-supereffective|p2a: Masquerain\n|-damage|p2a: Masquerain|5/100\n|\n|upkeep\n|turn|9\n|inactive|Time left: 300 sec this turn | 300 sec total\n|\n|t:|1783565868\n|move|p1a: Raging Bolt|Thunderclap|p2a: Masquerain\n|-supereffective|p2a: Masquerain\n|-damage|p2a: Masquerain|0 fnt\n|faint|p2a: Masquerain\n|\n|upkeep\n|\n|t:|1783565869\n|switch|p2a: Zebstrika|Zebstrika, L87, M|100/100\n|turn|10\n|inactive|Time left: 300 sec this turn | 300 sec total\n|\n|t:|1783565870\n|-terastallize|p2a: Zebstrika|Ground\n|move|p2a: Zebstrika|High Horsepower|p1a: Raging Bolt\n|-supereffective|p1a: Raging Bolt\n|-damage|p1a: Raging Bolt|0 fnt\n|faint|p1a: Raging Bolt\n|-end|p1a: Raging Bolt|Protosynthesis|[silent]\n|-damage|p2a: Zebstrika|91/100|[from] item: Life Orb\n|\n|upkeep\n|inactive|Time left: 300 sec this turn | 300 sec total | 5 sec grace\n|\n|t:|1783565871\n|switch|p1a: Garganacl|Garganacl, L80, F|291/291\n|-damage|p1a: Garganacl|255/291|[from] Stealth Rock\n|turn|11\n|inactive|Time left: 300 sec this turn | 300 sec total\n|\n|t:|1783565872\n|move|p2a: Zebstrika|High Horsepower|p1a: Garganacl\n|-supereffective|p1a: Garganacl\n|-damage|p1a: Garganacl|34/291\n|-damage|p2a: Zebstrika|81/100|[from] item: Life Orb\n|move|p1a: Garganacl|Recover|p1a: Garganacl\n|-heal|p1a: Garganacl|180/291\n|\n|-heal|p1a: Garganacl|198/291|[from] item: Leftovers\n|upkeep\n|turn|12\n|inactive|Time left: 300 sec this turn | 300 sec total\n|\n|t:|1783565873\n|-terastallize|p1a: Garganacl|Ghost\n|move|p2a: Zebstrika|High Horsepower|p1a: Garganacl\n|-crit|p1a: Garganacl\n|-damage|p1a: Garganacl|23/291\n|-damage|p2a: Zebstrika|71/100|[from] item: Life Orb\n|move|p1a: Garganacl|Recover|p1a: Garganacl\n|-heal|p1a: Garganacl|169/291\n|\n|-heal|p1a: Garganacl|187/291|[from] item: Leftovers\n|upkeep\n|turn|13\n|inactive|Time left: 300 sec this turn | 300 sec total\n|\n|t:|1783565874\n|switch|p2a: Hydreigon|Hydreigon, L79, M|100/100\n|move|p1a: Garganacl|Recover|p1a: Garganacl\n|-heal|p1a: Garganacl|291/291\n|\n|upkeep\n|turn|14\n|inactive|Time left: 300 sec this turn | 300 sec total\n|\n|t:|1783565875\n|switch|p1a: Toxicroak|Toxicroak, L84, M|277/277\n|-damage|p1a: Toxicroak|260/277|[from] Stealth Rock\n|move|p2a: Hydreigon|Nasty Plot|p2a: Hydreigon\n|-boost|p2a: Hydreigon|spa|2\n|\n|upkeep\n|turn|15\n|inactive|Time left: 300 sec this turn | 300 sec total\n|\n|t:|1783565876\n|move|p2a: Hydreigon|Draco Meteor|p1a: Toxicroak\n|-damage|p1a: Toxicroak|0 fnt\n|-unboost|p2a: Hydreigon|spa|2\n|faint|p1a: Toxicroak\n|-damage|p2a: Hydreigon|91/100|[from] item: Life Orb\n|\n|upkeep\n|inactive|Time left: 300 sec this turn | 300 sec total | 5 sec grace\n|\n|t:|1783565877\n|switch|p1a: Primarina|Primarina, L83, F|92/268\n|-damage|p1a: Primarina|59/268|[from] Stealth Rock\n|turn|16\n|inactive|Time left: 300 sec this turn | 300 sec total\n|\n|t:|1783565878\n|move|p2a: Hydreigon|Flash Cannon|p1a: Primarina\n|-damage|p1a: Primarina|0 fnt\n|faint|p1a: Primarina\n|-damage|p2a: Hydreigon|81/100|[from] item: Life Orb\n|\n|upkeep\n|inactive|Time left: 300 sec this turn | 300 sec total | 5 sec grace\n|\n|t:|1783565879\n|switch|p1a: Venusaur|Venusaur, L84, M|272/272\n|-damage|p1a: Venusaur|238/272|[from] Stealth Rock\n|turn|17\n|inactive|Time left: 300 sec this turn | 300 sec total\n|\n|t:|1783565879\n|move|p2a: Hydreigon|Nasty Plot|p2a: Hydreigon\n|-boost|p2a: Hydreigon|spa|2\n|move|p1a: Venusaur|Sludge Bomb|p2a: Hydreigon\n|-damage|p2a: Hydreigon|41/100\n|\n|-heal|p1a: Venusaur|255/272|[from] item: Leftovers\n|upkeep\n|turn|18\n|inactive|Time left: 300 sec this turn | 300 sec total\n|\n|t:|1783565881\n|switch|p1a: Garganacl|Garganacl, L80, F, tera:Ghost|291/291\n|-damage|p1a: Garganacl|255/291|[from] Stealth Rock\n|move|p2a: Hydreigon|Draco Meteor|p1a: Garganacl\n|-damage|p1a: Garganacl|0 fnt\n|-unboost|p2a: Hydreigon|spa|2\n|faint|p1a: Garganacl\n|-damage|p2a: Hydreigon|31/100|[from] item: Life Orb\n|\n|upkeep\n|inactive|Time left: 300 sec this turn | 300 sec total | 5 sec grace\n|\n|t:|1783565881\n|switch|p1a: Venusaur|Venusaur, L84, M|255/272\n|-damage|p1a: Venusaur|221/272|[from] Stealth Rock\n|turn|19\n|inactive|Time left: 300 sec this turn | 300 sec total\n|\n|t:|1783565882\n|move|p2a: Hydreigon|Draco Meteor|p1a: Venusaur\n|-damage|p1a: Venusaur|36/272\n|-unboost|p2a: Hydreigon|spa|2\n|-damage|p2a: Hydreigon|22/100|[from] item: Life Orb\n|move|p1a: Venusaur|Sleep Powder|p2a: Hydreigon\n|-status|p2a: Hydreigon|slp|[from] move: Sleep Powder\n|\n|-heal|p1a: Venusaur|53/272|[from] item: Leftovers\n|upkeep\n|turn|20\n|inactive|Time left: 300 sec this turn | 300 sec total\n|\n|t:|1783565883\n|switch|p2a: Rotom|Rotom-Heat, L83|100/100\n|move|p1a: Venusaur|Leech Seed|p2a: Rotom\n|-start|p2a: Rotom|move: Leech Seed\n|\n|-heal|p1a: Venusaur|70/272|[from] item: Leftovers\n|-damage|p2a: Rotom|88/100|[from] Leech Seed|[of] p1a: Venusaur\n|-heal|p1a: Venusaur|97/272|[silent]\n|upkeep\n|turn|21\n|inactive|Time left: 300 sec this turn | 300 sec total\n|\n|t:|1783565884\n|move|p2a: Rotom|Overheat|p1a: Venusaur\n|-supereffective|p1a: Venusaur\n|-damage|p1a: Venusaur|0 fnt\n|-unboost|p2a: Rotom|spa|2\n|faint|p1a: Venusaur\n|\n|win|p0y23144cd5", "uploadtime": 1783565884, "views": 0, "rating": 0, "private": 0, "password": null, "_winner": "p0y23144cd5", "_our_name": "p0x2314b13c"}