{"id": "battle-gen9randombattle-539", "formatid": "gen9randombattle", "format": "[Gen 9] Random Battle", "players": ["p0x53970a5", "p0y539e73f"], "log": "|init|battle\n|title|p0x53970a5 vs. p0y539e73f\n|j|\u2606p0x53970a5\n|j|\u2606p0y539e73f\n|t:|1783546035\n|gametype|singles\n|player|p1|p0x53970a5|1|\n|player|p2|p0y539e73f|102|\n|gen|9\n|tier|[Gen 9] Random Battle\n|rule|Species Clause: Limit one of each Pok\u00e9mon\n|rule|HP Percentage Mod: HP is shown in percentages\n|rule|Sleep Clause Mod: Limit one foe put to sleep\n|rule|Illusion Level Mod: Illusion disguises the Pok\u00e9mon's true level\n|\n|t:|1783546035\n|teamsize|p1|6\n|teamsize|p2|6\n|start\n|switch|p1a: Cobalion|Cobalion, L80|277/277\n|switch|p2a: Ribombee|Ribombee, L83, M|100/100\n|turn|1\n|inactive|Battle timer is ON: inactive players will automatically lose when time's up. (requested by p0x53970a5)\n|inactive|p0y539e73f also wants the timer to be on.\n|\n|t:|1783546037\n|move|p2a: Ribombee|Quiver Dance|p2a: Ribombee\n|-boost|p2a: Ribombee|spa|1\n|-boost|p2a: Ribombee|spd|1\n|-boost|p2a: Ribombee|spe|1\n|move|p1a: Cobalion|Iron Head|p2a: Ribombee\n|-supereffective|p2a: Ribombee\n|-damage|p2a: Ribombee|19/100\n|\n|upkeep\n|turn|2\n|inactive|Time left: 300 sec this turn | 300 sec total\n|\n|t:|1783546038\n|-terastallize|p2a: Ribombee|Ground\n|move|p2a: Ribombee|Tera Blast|p1a: Cobalion|[anim] Tera Blast Ground\n|-supereffective|p1a: Cobalion\n|-damage|p1a: Cobalion|0 fnt\n|faint|p1a: Cobalion\n|\n|upkeep\n|inactive|Time left: 300 sec this turn | 300 sec total | 5 sec grace\n|\n|t:|1783546039\n|switch|p1a: Primarina|Primarina, L83, F|268/268\n|turn|3\n|inactive|Time left: 300 sec this turn | 300 sec total\n|\n|t:|1783546040\n|move|p2a: Ribombee|Moonblast|p1a: Primarina\n|-damage|p1a: Primarina|138/268\n|move|p1a: Primarina|Moonblast|p2a: Ribombee\n|-damage|p2a: Ribombee|0 fnt\n|faint|p2a: Ribombee\n|\n|upkeep\n|\n|t:|1783546041\n|switch|p2a: Iron Thorns|Iron Thorns, L83|100/100\n|-enditem|p2a: Iron Thorns|Booster Energy\n|-activate|p2a: Iron Thorns|ability: Quark Drive|[fromitem]\n|-start|p2a: Iron Thorns|quarkdriveatk\n|turn|4\n|inactive|Time left: 300 sec this turn | 300 sec total\n|\n|t:|1783546043\n|switch|p1a: Gallade|Gallade, L80, M|240/240\n|move|p2a: Iron Thorns|Wild Charge|p1a: Gallade\n|-damage|p1a: Gallade|47/240\n|-damage|p2a: Iron Thorns|85/100|[from] Recoil\n|\n|upkeep\n|turn|5\n|inactive|Time left: 300 sec this turn | 300 sec total\n|\n|t:|1783546044\n|-end|p2a: Iron Thorns|Quark Drive|[silent]\n|switch|p2a: Charizard|Charizard, L85, F|100/100\n|move|p1a: Gallade|Sacred Sword|p2a: Charizard\n|-resisted|p2a: Charizard\n|-damage|p2a: Charizard|67/100\n|\n|upkeep\n|turn|6\n|inactive|Time left: 300 sec this turn | 300 sec total\n|\n|t:|1783546045\n|move|p1a: Gallade|Sacred Sword|p2a: Charizard\n|-resisted|p2a: Charizard\n|-damage|p2a: Charizard|33/100\n|move|p2a: Charizard|Earthquake|p1a: Gallade\n|-damage|p1a: Gallade|0 fnt\n|faint|p1a: Gallade\n|\n|upkeep\n|inactive|Time left: 300 sec this turn | 300 sec total | 5 sec grace\n|\n|t:|1783546046\n|switch|p1a: Primarina|Primarina, L83, F|138/268\n|turn|7\n|inactive|Time left: 300 sec this turn | 300 sec total\n|\n|t:|1783546047\n|move|p2a: Charizard|Hurricane|p1a: Primarina\n|-damage|p1a: Primarina|35/268\n|move|p1a: Primarina|Hydro Pump|p2a: Charizard\n|-supereffective|p2a: Charizard\n|-damage|p2a: Charizard|0 fnt\n|faint|p2a: Charizard\n|\n|upkeep\n|\n|t:|1783546048\n|switch|p2a: Mienshao|Mienshao, L83, F|100/100\n|turn|8\n|inactive|Time left: 300 sec this turn | 300 sec total\n|\n|t:|1783546049\n|move|p2a: Mienshao|High Jump Kick|p1a: Primarina\n|-resisted|p1a: Primarina\n|-damage|p1a: Primarina|0 fnt\n|faint|p1a: Primarina\n|\n|upkeep\n|inactive|Time left: 300 sec this turn | 300 sec total | 5 sec grace\n|\n|t:|1783546050\n|switch|p1a: Venomoth|Venomoth, L84, F|255/255\n|turn|9\n|inactive|Time left: 300 sec this turn | 300 sec total\n|\n|t:|1783546051\n|switch|p2a: Iron Thorns|Iron Thorns, L83|85/100\n|move|p1a: Venomoth|Quiver Dance|p1a: Venomoth\n|-boost|p1a: Venomoth|spa|1\n|-boost|p1a: Venomoth|spd|1\n|-boost|p1a: Venomoth|spe|1\n|\n|upkeep\n|turn|10\n|inactive|Time left: 300 sec this turn | 300 sec total\n|\n|t:|1783546052\n|move|p1a: Venomoth|Sleep Powder|p2a: Iron Thorns\n|-status|p2a: Iron Thorns|slp|[from] move: Sleep Powder\n|cant|p2a: Iron Thorns|slp\n|\n|upkeep\n|turn|11\n|inactive|Time left: 300 sec this turn | 300 sec total\n|\n|t:|1783546053\n|move|p1a: Venomoth|Bug Buzz|p2a: Iron Thorns\n|-damage|p2a: Iron Thorns|36/100 slp\n|cant|p2a: Iron Thorns|slp\n|\n|upkeep\n|turn|12\n|inactive|Time left: 300 sec this turn | 300 sec total\n|\n|t:|1783546054\n|move|p1a: Venomoth|Bug Buzz|p2a: Iron Thorns\n|-damage|p2a: Iron Thorns|0 fnt\n|faint|p2a: Iron Thorns\n|-end|p2a: Iron Thorns|Quark Drive|[silent]\n|\n|upkeep\n|\n|t:|1783546055\n|switch|p2a: Mienshao|Mienshao, L83, F|100/100\n|turn|13\n|inactive|Time left: 300 sec this turn | 300 sec total\n|\n|t:|1783546056\n|move|p1a: Venomoth|Sleep Powder|p2a: Mienshao|[miss]\n|-miss|p1a: Venomoth|p2a: Mienshao\n|move|p2a: Mienshao|Knock Off|p1a: Venomoth\n|-damage|p1a: Venomoth|102/255\n|-enditem|p1a: Venomoth|Heavy-Duty Boots|[from] move: Knock Off|[of] p2a: Mienshao\n|\n|upkeep\n|turn|14\n|inactive|Time left: 300 sec this turn | 300 sec total\n|\n|t:|1783546057\n|move|p1a: Venomoth|Sleep Powder|p2a: Mienshao\n|-status|p2a: Mienshao|slp|[from] move: Sleep Powder\n|cant|p2a: Mienshao|slp\n|\n|upkeep\n|turn|15\n|inactive|Time left: 300 sec this turn | 300 sec total\n|\n|t:|1783546058\n|move|p1a: Venomoth|Bug Buzz|p2a: Mienshao\n|-resisted|p2a: Mienshao\n|-damage|p2a: Mienshao|29/100 slp\n|cant|p2a: Mienshao|slp\n|\n|upkeep\n|turn|16\n|inactive|Time left: 300 sec this turn | 300 sec total\n|\n|t:|1783546059\n|move|p1a: Venomoth|Bug Buzz|p2a: Mienshao\n|-resisted|p2a: Mienshao\n|-damage|p2a: Mienshao|0 fnt\n|faint|p2a: Mienshao\n|\n|upkeep\n|\n|t:|1783546060\n|switch|p2a: Palafin|Palafin, L77, M|100/100\n|turn|17\n|inactive|Time left: 300 sec this turn | 300 sec total\n|\n|t:|1783546061\n|move|p1a: Venomoth|Sleep Powder|p2a: Palafin\n|-status|p2a: Palafin|slp|[from] move: Sleep Powder\n|cant|p2a: Palafin|slp\n|\n|upkeep\n|turn|18\n|inactive|Time left: 300 sec this turn | 300 sec total\n|\n|t:|1783546062\n|move|p1a: Venomoth|Sludge Wave|p2a: Palafin\n|-damage|p2a: Palafin|29/100 slp\n|cant|p2a: Palafin|slp\n|\n|-heal|p2a: Palafin|35/100 slp|[from] item: Leftovers\n|upkeep\n|turn|19\n|inactive|Time left: 300 sec this turn | 300 sec total\n|\n|t:|1783546063\n|cant|p2a: Palafin|slp\n|move|p1a: Venomoth|Bug Buzz|p2a: Palafin\n|-damage|p2a: Palafin|0 fnt\n|faint|p2a: Palafin\n|\n|upkeep\n|\n|t:|1783546064\n|switch|p2a: Rabsca|Rabsca, L91, M|100/100\n|turn|20\n|inactive|Time left: 300 sec this turn | 300 sec total\n|\n|t:|1783546065\n|move|p1a: Venomoth|Bug Buzz|p2a: Rabsca\n|-supereffective|p2a: Rabsca\n|-damage|p2a: Rabsca|24/100\n|move|p2a: Rabsca|Psychic|p1a: Venomoth\n|-supereffective|p1a: Venomoth\n|-damage|p1a: Venomoth|0 fnt\n|faint|p1a: Venomoth\n|\n|upkeep\n|inactive|Time left: 300 sec this turn | 300 sec total | 5 sec grace\n|\n|t:|1783546065\n|switch|p1a: Rabsca|Rabsca, L91, F|284/284\n|turn|21\n|inactive|Time left: 300 sec this turn | 300 sec total\n|\n|t:|1783546066\n|move|p2a: Rabsca|Psychic|p1a: Rabsca\n|-resisted|p1a: Rabsca\n|-damage|p1a: Rabsca|229/284\n|move|p1a: Rabsca|Bug Buzz|p2a: Rabsca\n|-supereffective|p2a: Rabsca\n|-damage|p2a: Rabsca|0 fnt\n|faint|p2a: Rabsca\n|\n|win|p0x53970a5", "uploadtime": 1783546066, "views": 0, "rating": 0, "private": 0, "password": null, "_winner": "p0x53970a5", "_our_name": "p0x53970a5"}