{"id": "battle-gen9randombattle-56", "formatid": "gen9randombattle", "format": "[Gen 9] Random Battle", "players": ["p0x0561107", "p0y056cccc"], "log": "|init|battle\n|title|p0x0561107 vs. p0y056cccc\n|j|\u2606p0x0561107\n|j|\u2606p0y056cccc\n|t:|1783533880\n|gametype|singles\n|player|p1|p0x0561107|265|\n|player|p2|p0y056cccc|169|\n|gen|9\n|tier|[Gen 9] Random Battle\n|rule|Species Clause: Limit one of each Pok\u00e9mon\n|rule|HP Percentage Mod: HP is shown in percentages\n|rule|Sleep Clause Mod: Limit one foe put to sleep\n|rule|Illusion Level Mod: Illusion disguises the Pok\u00e9mon's true level\n|\n|t:|1783533880\n|teamsize|p1|6\n|teamsize|p2|6\n|start\n|switch|p1a: Volcanion|Volcanion, L79|100/100\n|switch|p2a: Arcanine|Arcanine, L84, F|288/288\n|-ability|p2a: Arcanine|Intimidate|boost\n|-unboost|p1a: Volcanion|atk|1\n|turn|1\n|inactive|Battle timer is ON: inactive players will automatically lose when time's up. (requested by p0x0561107)\n|inactive|Time left: 300 sec this turn | 300 sec total | 60 sec grace\n|inactive|p0y056cccc also wants the timer to be on.\n|\n|t:|1783533882\n|switch|p2a: Hypno|Hypno, L95, M|315/315\n|move|p1a: Volcanion|Steam Eruption|p2a: Hypno\n|-damage|p2a: Hypno|224/315\n|\n|-heal|p2a: Hypno|243/315|[from] item: Leftovers\n|upkeep\n|turn|2\n|inactive|Time left: 300 sec this turn | 300 sec total\n|\n|t:|1783533883\n|move|p2a: Hypno|Psychic Noise|p1a: Volcanion\n|-damage|p1a: Volcanion|70/100\n|-start|p1a: Volcanion|move: Heal Block\n|move|p1a: Volcanion|Flamethrower|p2a: Hypno\n|-damage|p2a: Hypno|170/315\n|\n|-heal|p2a: Hypno|189/315|[from] item: Leftovers\n|upkeep\n|turn|3\n|inactive|Time left: 300 sec this turn | 300 sec total\n|\n|t:|1783533884\n|move|p2a: Hypno|Psychic Noise|p1a: Volcanion\n|-damage|p1a: Volcanion|38/100\n|move|p1a: Volcanion|Steam Eruption|p2a: Hypno\n|-crit|p2a: Hypno\n|-damage|p2a: Hypno|39/315\n|\n|-heal|p2a: Hypno|58/315|[from] item: Leftovers\n|-end|p1a: Volcanion|move: Heal Block\n|upkeep\n|turn|4\n|inactive|Time left: 300 sec this turn | 300 sec total\n|\n|t:|1783533885\n|move|p2a: Hypno|Focus Blast|p1a: Volcanion\n|-damage|p1a: Volcanion|2/100\n|move|p1a: Volcanion|Flamethrower|p2a: Hypno\n|-damage|p2a: Hypno|0 fnt\n|faint|p2a: Hypno\n|\n|upkeep\n|inactive|Time left: 300 sec this turn | 300 sec total | 5 sec grace\n|\n|t:|1783533886\n|switch|p2a: Mabosstiff|Mabosstiff, L86, M|278/278\n|turn|5\n|inactive|Time left: 300 sec this turn | 300 sec total\n|\n|t:|1783533887\n|switch|p1a: Wigglytuff|Wigglytuff, L96, M|100/100\n|move|p2a: Mabosstiff|Crunch|p1a: Wigglytuff\n|-resisted|p1a: Wigglytuff\n|-damage|p1a: Wigglytuff|68/100\n|\n|-heal|p1a: Wigglytuff|74/100|[from] item: Leftovers\n|upkeep\n|turn|6\n|inactive|Time left: 300 sec this turn | 300 sec total\n|\n|t:|1783533888\n|switch|p2a: Ceruledge|Ceruledge, L78, M|245/245\n|move|p1a: Wigglytuff|Dazzling Gleam|p2a: Ceruledge\n|-resisted|p2a: Ceruledge\n|-damage|p2a: Ceruledge|196/245\n|\n|-heal|p1a: Wigglytuff|80/100|[from] item: Leftovers\n|upkeep\n|turn|7\n|inactive|Time left: 300 sec this turn | 300 sec total\n|\n|t:|1783533889\n|move|p2a: Ceruledge|Swords Dance|p2a: Ceruledge\n|-boost|p2a: Ceruledge|atk|2\n|move|p1a: Wigglytuff|Dazzling Gleam|p2a: Ceruledge\n|-resisted|p2a: Ceruledge\n|-damage|p2a: Ceruledge|149/245\n|\n|-heal|p1a: Wigglytuff|86/100|[from] item: Leftovers\n|upkeep\n|turn|8\n|inactive|Time left: 300 sec this turn | 300 sec total\n|\n|t:|1783533890\n|switch|p1a: Volcanion|Volcanion, L79|2/100\n|move|p2a: Ceruledge|Bitter Blade|p1a: Volcanion\n|-resisted|p1a: Volcanion\n|-damage|p1a: Volcanion|0 fnt\n|-heal|p2a: Ceruledge|151/245|[from] drain|[of] p1a: Volcanion\n|faint|p1a: Volcanion\n|\n|upkeep\n|\n|t:|1783533891\n|switch|p1a: Goodra|Goodra, L85, F|100/100\n|turn|9\n|inactive|Time left: 300 sec this turn | 300 sec total\n|\n|t:|1783533892\n|move|p1a: Goodra|Earthquake|p2a: Ceruledge\n|-supereffective|p2a: Ceruledge\n|-damage|p2a: Ceruledge|0 fnt\n|faint|p2a: Ceruledge\n|\n|upkeep\n|inactive|Time left: 300 sec this turn | 300 sec total | 5 sec grace\n|\n|t:|1783533894\n|switch|p2a: Mabosstiff|Mabosstiff, L86, M|278/278\n|turn|10\n|inactive|Time left: 300 sec this turn | 300 sec total\n|\n|t:|1783533895\n|move|p2a: Mabosstiff|Crunch|p1a: Goodra\n|-damage|p1a: Goodra|56/100\n|-unboost|p1a: Goodra|def|1\n|move|p1a: Goodra|Scald|p2a: Mabosstiff\n|-damage|p2a: Mabosstiff|209/278\n|-status|p2a: Mabosstiff|brn\n|\n|-damage|p2a: Mabosstiff|192/278 brn|[from] brn\n|upkeep\n|turn|11\n|inactive|Time left: 300 sec this turn | 300 sec total\n|\n|t:|1783533896\n|switch|p1a: Wigglytuff|Wigglytuff, L96, M|86/100\n|move|p2a: Mabosstiff|Crunch|p1a: Wigglytuff\n|-resisted|p1a: Wigglytuff\n|-damage|p1a: Wigglytuff|71/100\n|\n|-heal|p1a: Wigglytuff|77/100|[from] item: Leftovers\n|-damage|p2a: Mabosstiff|175/278 brn|[from] brn\n|upkeep\n|turn|12\n|inactive|Time left: 300 sec this turn | 300 sec total\n|\n|t:|1783533897\n|move|p2a: Mabosstiff|Crunch|p1a: Wigglytuff\n|-resisted|p1a: Wigglytuff\n|-damage|p1a: Wigglytuff|68/100\n|move|p1a: Wigglytuff|Dazzling Gleam|p2a: Mabosstiff\n|-supereffective|p2a: Mabosstiff\n|-crit|p2a: Mabosstiff\n|-damage|p2a: Mabosstiff|0 fnt\n|faint|p2a: Mabosstiff\n|\n|-heal|p1a: Wigglytuff|75/100|[from] item: Leftovers\n|upkeep\n|inactive|Time left: 300 sec this turn | 300 sec total | 5 sec grace\n|\n|t:|1783533898\n|switch|p2a: Staraptor|Staraptor, L79, M|263/263\n|turn|13\n|inactive|Time left: 300 sec this turn | 300 sec total\n|\n|t:|1783533899\n|move|p1a: Wigglytuff|Protect|p1a: Wigglytuff\n|-singleturn|p1a: Wigglytuff|Protect\n|move|p2a: Staraptor|Brave Bird|p1a: Wigglytuff\n|-activate|p1a: Wigglytuff|move: Protect\n|\n|-heal|p1a: Wigglytuff|81/100|[from] item: Leftovers\n|upkeep\n|turn|14\n|inactive|Time left: 300 sec this turn | 300 sec total\n|\n|t:|1783533900\n|-terastallize|p1a: Wigglytuff|Steel\n|move|p2a: Staraptor|Brave Bird|p1a: Wigglytuff\n|-resisted|p1a: Wigglytuff\n|-damage|p1a: Wigglytuff|45/100\n|-damage|p2a: Staraptor|213/263|[from] Recoil\n|move|p1a: Wigglytuff|Dazzling Gleam|p2a: Staraptor\n|-damage|p2a: Staraptor|78/263\n|\n|-heal|p1a: Wigglytuff|51/100|[from] item: Leftovers\n|upkeep\n|turn|15\n|inactive|Time left: 300 sec this turn | 300 sec total\n|\n|t:|1783533902\n|move|p2a: Staraptor|Brave Bird|p1a: Wigglytuff\n|-resisted|p1a: Wigglytuff\n|-damage|p1a: Wigglytuff|11/100\n|-damage|p2a: Staraptor|23/263|[from] Recoil\n|move|p1a: Wigglytuff|Dazzling Gleam|p2a: Staraptor\n|-damage|p2a: Staraptor|0 fnt\n|faint|p2a: Staraptor\n|\n|-heal|p1a: Wigglytuff|17/100|[from] item: Leftovers\n|upkeep\n|inactive|Time left: 300 sec this turn | 300 sec total | 5 sec grace\n|\n|t:|1783533903\n|switch|p2a: Ursaring|Ursaring, L84, M|288/288\n|turn|16\n|inactive|Time left: 300 sec this turn | 300 sec total\n|\n|t:|1783533904\n|move|p2a: Ursaring|Swords Dance|p2a: Ursaring\n|-boost|p2a: Ursaring|atk|2\n|move|p1a: Wigglytuff|Dazzling Gleam|p2a: Ursaring\n|-damage|p2a: Ursaring|185/288\n|\n|-heal|p1a: Wigglytuff|24/100|[from] item: Leftovers\n|-status|p2a: Ursaring|tox|[from] item: Toxic Orb\n|upkeep\n|turn|17\n|inactive|Time left: 300 sec this turn | 300 sec total\n|\n|t:|1783533905\n|move|p1a: Wigglytuff|Protect|p1a: Wigglytuff\n|-singleturn|p1a: Wigglytuff|Protect\n|move|p2a: Ursaring|Facade|p1a: Wigglytuff\n|-activate|p1a: Wigglytuff|move: Protect\n|\n|-heal|p1a: Wigglytuff|30/100|[from] item: Leftovers\n|-damage|p2a: Ursaring|167/288 tox|[from] psn\n|upkeep\n|turn|18\n|inactive|Time left: 300 sec this turn | 300 sec total\n|\n|t:|1783533906\n|move|p1a: Wigglytuff|Protect||[still]\n|-fail|p1a: Wigglytuff\n|move|p2a: Ursaring|Facade|p1a: Wigglytuff\n|-resisted|p1a: Wigglytuff\n|-damage|p1a: Wigglytuff|0 fnt\n|faint|p1a: Wigglytuff\n|\n|-damage|p2a: Ursaring|131/288 tox|[from] psn\n|upkeep\n|\n|t:|1783533907\n|switch|p1a: Glaceon|Glaceon, L94, M|100/100\n|turn|19\n|inactive|Time left: 300 sec this turn | 300 sec total\n|\n|t:|1783533908\n|move|p1a: Glaceon|Protect|p1a: Glaceon\n|-singleturn|p1a: Glaceon|Protect\n|move|p2a: Ursaring|Close Combat|p1a: Glaceon\n|-activate|p1a: Glaceon|move: Protect\n|\n|-damage|p2a: Ursaring|77/288 tox|[from] psn\n|upkeep\n|turn|20\n|inactive|Time left: 300 sec this turn | 300 sec total\n|\n|t:|1783533909\n|move|p1a: Glaceon|Protect||[still]\n|-fail|p1a: Glaceon\n|move|p2a: Ursaring|Facade|p1a: Glaceon\n|-damage|p1a: Glaceon|0 fnt\n|faint|p1a: Glaceon\n|\n|-damage|p2a: Ursaring|5/288 tox|[from] psn\n|upkeep\n|\n|t:|1783533910\n|switch|p1a: Goodra|Goodra, L85, F|56/100\n|turn|21\n|inactive|Time left: 300 sec this turn | 300 sec total\n|\n|t:|1783533912\n|move|p2a: Ursaring|Throat Chop|p1a: Goodra\n|-crit|p1a: Goodra\n|-damage|p1a: Goodra|0 fnt\n|faint|p1a: Goodra\n|\n|-damage|p2a: Ursaring|0 fnt|[from] psn\n|faint|p2a: Ursaring\n|upkeep\n|inactive|Time left: 300 sec this turn | 300 sec total | 5 sec grace\n|\n|t:|1783533913\n|switch|p1a: Reshiram|Reshiram, L76|100/100\n|switch|p2a: Arcanine|Arcanine, L84, F|288/288\n|-ability|p2a: Arcanine|Intimidate|boost\n|-unboost|p1a: Reshiram|atk|1\n|-ability|p1a: Reshiram|Turboblaze\n|turn|22\n|inactive|Time left: 300 sec this turn | 300 sec total\n|\n|t:|1783533914\n|move|p2a: Arcanine|Extreme Speed|p1a: Reshiram\n|-damage|p1a: Reshiram|80/100\n|move|p1a: Reshiram|Outrage|p2a: Arcanine\n|-damage|p2a: Arcanine|204/288\n|\n|upkeep\n|turn|23\n|inactive|Time left: 300 sec this turn | 300 sec total\n|\n|t:|1783533915\n|-terastallize|p2a: Arcanine|Normal\n|move|p2a: Arcanine|Extreme Speed|p1a: Reshiram\n|-damage|p1a: Reshiram|47/100\n|move|p1a: Reshiram|Outrage|p2a: Arcanine|[from] lockedmove\n|-damage|p2a: Arcanine|114/288\n|-start|p1a: Reshiram|confusion|[fatigue]\n|\n|upkeep\n|turn|24\n|inactive|Time left: 300 sec this turn | 300 sec total\n|\n|t:|1783533917\n|switch|p1a: Dunsparce|Dunsparce, L86, M|100/100\n|move|p2a: Arcanine|Morning Sun|p2a: Arcanine\n|-heal|p2a: Arcanine|258/288\n|\n|upkeep\n|turn|25\n|inactive|Time left: 300 sec this turn | 300 sec total\n|\n|t:|1783533918\n|move|p2a: Arcanine|Flare Blitz|p1a: Dunsparce\n|-damage|p1a: Dunsparce|68/100\n|-damage|p2a: Arcanine|225/288|[from] Recoil\n|move|p1a: Dunsparce|Coil|p1a: Dunsparce\n|-boost|p1a: Dunsparce|atk|1\n|-boost|p1a: Dunsparce|def|1\n|-boost|p1a: Dunsparce|accuracy|1\n|\n|upkeep\n|turn|26\n|inactive|Time left: 300 sec this turn | 300 sec total\n|\n|t:|1783533919\n|move|p2a: Arcanine|Morning Sun|p2a: Arcanine\n|-heal|p2a: Arcanine|288/288\n|move|p1a: Dunsparce|Body Slam|p2a: Arcanine\n|-damage|p2a: Arcanine|168/288\n|-status|p2a: Arcanine|par\n|\n|upkeep\n|turn|27\n|inactive|Time left: 300 sec this turn | 300 sec total\n|\n|t:|1783533920\n|move|p1a: Dunsparce|Body Slam|p2a: Arcanine\n|-damage|p2a: Arcanine|57/288 par\n|move|p2a: Arcanine|Morning Sun|p2a: Arcanine\n|-heal|p2a: Arcanine|201/288 par\n|\n|upkeep\n|turn|28\n|inactive|Time left: 300 sec this turn | 300 sec total\n|\n|t:|1783533921\n|move|p1a: Dunsparce|Body Slam|p2a: Arcanine\n|-damage|p2a: Arcanine|77/288 par\n|cant|p2a: Arcanine|par\n|\n|upkeep\n|turn|29\n|inactive|Time left: 300 sec this turn | 300 sec total\n|\n|t:|1783533922\n|move|p1a: Dunsparce|Body Slam|p2a: Arcanine\n|-damage|p2a: Arcanine|0 fnt\n|faint|p2a: Arcanine\n|\n|win|p0x0561107", "uploadtime": 1783533922, "views": 0, "rating": 0, "private": 0, "password": null, "_winner": "p0x0561107", "_our_name": "p0y056cccc"}