{"id": "battle-gen9randombattle-2609", "formatid": "gen9randombattle", "format": "[Gen 9] Random Battle", "players": ["p0x2609b6f9", "p0y2609f34e"], "log": "|init|battle\n|title|p0x2609b6f9 vs. p0y2609f34e\n|j|\u2606p0x2609b6f9\n|j|\u2606p0y2609f34e\n|t:|1783570131\n|gametype|singles\n|player|p1|p0x2609b6f9|170|\n|player|p2|p0y2609f34e|169|\n|gen|9\n|tier|[Gen 9] Random Battle\n|rule|Species Clause: Limit one of each Pok\u00e9mon\n|rule|HP Percentage Mod: HP is shown in percentages\n|rule|Sleep Clause Mod: Limit one foe put to sleep\n|rule|Illusion Level Mod: Illusion disguises the Pok\u00e9mon's true level\n|\n|t:|1783570131\n|teamsize|p1|6\n|teamsize|p2|6\n|start\n|switch|p1a: Chesnaught|Chesnaught, L84, M|100/100\n|switch|p2a: Regieleki|Regieleki, L79|256/256\n|turn|1\n|inactive|Battle timer is ON: inactive players will automatically lose when time's up. (requested by p0y2609f34e)\n|\n|t:|1783570133\n|switch|p2a: Vikavolt|Vikavolt, L83, F|263/263\n|move|p1a: Chesnaught|Body Press|p2a: Vikavolt\n|-resisted|p2a: Vikavolt\n|-damage|p2a: Vikavolt|209/263\n|\n|upkeep\n|turn|2\n|inactive|Time left: 300 sec this turn | 300 sec total\n|inactive|p0x2609b6f9 also wants the timer to be on.\n|\n|t:|1783570134\n|move|p1a: Chesnaught|Wood Hammer|p2a: Vikavolt\n|-resisted|p2a: Vikavolt\n|-damage|p2a: Vikavolt|146/263\n|-damage|p1a: Chesnaught|93/100|[from] Recoil\n|move|p2a: Vikavolt|Sticky Web|p1a: Chesnaught\n|-sidestart|p1: p0x2609b6f9|move: Sticky Web\n|\n|-heal|p1a: Chesnaught|99/100|[from] item: Leftovers\n|upkeep\n|turn|3\n|inactive|Time left: 300 sec this turn | 300 sec total\n|\n|t:|1783570135\n|move|p1a: Chesnaught|Knock Off|p2a: Vikavolt\n|-damage|p2a: Vikavolt|66/263\n|-enditem|p2a: Vikavolt|Heavy-Duty Boots|[from] move: Knock Off|[of] p1a: Chesnaught\n|move|p2a: Vikavolt|Bug Buzz|p1a: Chesnaught\n|-damage|p1a: Chesnaught|47/100\n|\n|-heal|p1a: Chesnaught|53/100|[from] item: Leftovers\n|upkeep\n|turn|4\n|inactive|Time left: 300 sec this turn | 300 sec total\n|\n|t:|1783570136\n|move|p1a: Chesnaught|Wood Hammer|p2a: Vikavolt\n|-resisted|p2a: Vikavolt\n|-damage|p2a: Vikavolt|0 fnt\n|faint|p2a: Vikavolt\n|-damage|p1a: Chesnaught|45/100|[from] Recoil\n|\n|-heal|p1a: Chesnaught|51/100|[from] item: Leftovers\n|upkeep\n|inactive|Time left: 300 sec this turn | 300 sec total | 5 sec grace\n|\n|t:|1783570137\n|switch|p2a: Lapras|Lapras, L87, M|368/368\n|turn|5\n|inactive|Time left: 300 sec this turn | 300 sec total\n|\n|t:|1783570138\n|move|p1a: Chesnaught|Body Press|p2a: Lapras\n|-supereffective|p2a: Lapras\n|-damage|p2a: Lapras|162/368\n|move|p2a: Lapras|Freeze-Dry|p1a: Chesnaught\n|-supereffective|p1a: Chesnaught\n|-damage|p1a: Chesnaught|0 fnt\n|faint|p1a: Chesnaught\n|\n|upkeep\n|\n|t:|1783570139\n|switch|p1a: Regieleki|Regieleki, L79|100/100\n|-activate|p1a: Regieleki|move: Sticky Web\n|-unboost|p1a: Regieleki|spe|1\n|turn|6\n|inactive|Time left: 300 sec this turn | 300 sec total\n|\n|t:|1783570140\n|switch|p2a: Palossand|Palossand, L89, F|296/296\n|move|p1a: Regieleki|Rapid Spin|p2a: Palossand\n|-immune|p2a: Palossand\n|\n|upkeep\n|turn|7\n|inactive|Time left: 300 sec this turn | 300 sec total\n|\n|t:|1783570141\n|switch|p1a: Sunflora|Sunflora, F|100/100\n|-activate|p1a: Sunflora|move: Sticky Web\n|-unboost|p1a: Sunflora|spe|1\n|move|p2a: Palossand|Earth Power|p1a: Sunflora\n|-resisted|p1a: Sunflora\n|-damage|p1a: Sunflora|85/100\n|-unboost|p1a: Sunflora|spd|1\n|\n|upkeep\n|turn|8\n|inactive|Time left: 300 sec this turn | 300 sec total\n|\n|t:|1783570142\n|move|p2a: Palossand|Earth Power|p1a: Sunflora\n|-resisted|p1a: Sunflora\n|-damage|p1a: Sunflora|61/100\n|-unboost|p1a: Sunflora|spd|1\n|move|p1a: Sunflora|Leaf Storm|p2a: Palossand\n|-supereffective|p2a: Palossand\n|-damage|p2a: Palossand|0 fnt\n|-unboost|p1a: Sunflora|spa|2\n|faint|p2a: Palossand\n|\n|upkeep\n|inactive|Time left: 300 sec this turn | 300 sec total | 5 sec grace\n|\n|t:|1783570143\n|switch|p2a: Lapras|Lapras, L87, M|162/368\n|turn|9\n|inactive|Time left: 300 sec this turn | 300 sec total\n|\n|t:|1783570144\n|move|p2a: Lapras|Freeze-Dry|p1a: Sunflora\n|-supereffective|p1a: Sunflora\n|-damage|p1a: Sunflora|0 fnt\n|faint|p1a: Sunflora\n|\n|upkeep\n|\n|t:|1783570144\n|switch|p1a: Regieleki|Regieleki, L79|100/100\n|-activate|p1a: Regieleki|move: Sticky Web\n|-unboost|p1a: Regieleki|spe|1\n|turn|10\n|inactive|Time left: 300 sec this turn | 300 sec total\n|\n|t:|1783570145\n|-terastallize|p2a: Lapras|Dragon\n|move|p1a: Regieleki|Rapid Spin|p2a: Lapras\n|-damage|p2a: Lapras|129/368\n|-boost|p1a: Regieleki|spe|1\n|-sideend|p1: p0x2609b6f9|Sticky Web|[from] move: Rapid Spin|[of] p1a: Regieleki\n|move|p2a: Lapras|Sparkling Aria|p1a: Regieleki\n|-damage|p1a: Regieleki|45/100\n|\n|upkeep\n|turn|11\n|inactive|Time left: 300 sec this turn | 300 sec total\n|\n|t:|1783570146\n|-terastallize|p1a: Regieleki|Ice\n|move|p1a: Regieleki|Tera Blast|p2a: Lapras|[anim] Tera Blast Ice\n|-supereffective|p2a: Lapras\n|-crit|p2a: Lapras\n|-damage|p2a: Lapras|0 fnt\n|faint|p2a: Lapras\n|\n|upkeep\n|inactive|Time left: 300 sec this turn | 300 sec total | 5 sec grace\n|\n|t:|1783570147\n|switch|p2a: Regieleki|Regieleki, L79|256/256\n|turn|12\n|inactive|Time left: 300 sec this turn | 300 sec total\n|\n|t:|1783570148\n|move|p2a: Regieleki|Volt Switch|p1a: Regieleki\n|-damage|p1a: Regieleki|0 fnt\n|faint|p1a: Regieleki\n|inactive|Time left: 300 sec this turn | 300 sec total | 5 sec grace\n|\n|t:|1783570148\n|switch|p2a: Terapagos|Terapagos, L77, M|265/265|[from] Volt Switch\n|-activate|p2a: Terapagos|ability: Tera Shift\n|detailschange|p2a: Terapagos|Terapagos-Terastal, L77, M\n|-heal|p2a: Terapagos|273/273|[silent]\n|\n|upkeep\n|\n|t:|1783570149\n|switch|p1a: Chi-Yu|Chi-Yu, L77|100/100\n|-ability|p1a: Chi-Yu|Beads of Ruin\n|turn|13\n|inactive|Time left: 300 sec this turn | 300 sec total\n|\n|t:|1783570150\n|move|p1a: Chi-Yu|Flamethrower|p2a: Terapagos\n|-activate|p2a: Terapagos|ability: Tera Shell\n|-resisted|p2a: Terapagos\n|-damage|p2a: Terapagos|177/273\n|move|p2a: Terapagos|Calm Mind|p2a: Terapagos\n|-boost|p2a: Terapagos|spa|1\n|-boost|p2a: Terapagos|spd|1\n|\n|upkeep\n|turn|14\n|inactive|Time left: 300 sec this turn | 300 sec total\n|\n|t:|1783570151\n|move|p1a: Chi-Yu|Flamethrower|p2a: Terapagos\n|-damage|p2a: Terapagos|45/273\n|move|p2a: Terapagos|Rest|p2a: Terapagos\n|-status|p2a: Terapagos|slp|[from] move: Rest\n|-heal|p2a: Terapagos|273/273 slp|[silent]\n|-enditem|p2a: Terapagos|Chesto Berry|[eat]\n|-curestatus|p2a: Terapagos|slp|[msg]\n|\n|upkeep\n|turn|15\n|inactive|Time left: 300 sec this turn | 300 sec total\n|\n|t:|1783570152\n|move|p1a: Chi-Yu|Flamethrower|p2a: Terapagos\n|-activate|p2a: Terapagos|ability: Tera Shell\n|-resisted|p2a: Terapagos\n|-damage|p2a: Terapagos|209/273\n|move|p2a: Terapagos|Tera Starstorm|p1a: Chi-Yu\n|-damage|p1a: Chi-Yu|32/100\n|\n|upkeep\n|turn|16\n|inactive|Time left: 300 sec this turn | 300 sec total\n|\n|t:|1783570153\n|move|p1a: Chi-Yu|Flamethrower|p2a: Terapagos\n|-damage|p2a: Terapagos|85/273\n|move|p2a: Terapagos|Tera Starstorm|p1a: Chi-Yu\n|-damage|p1a: Chi-Yu|0 fnt\n|faint|p1a: Chi-Yu\n|\n|upkeep\n|\n|t:|1783570154\n|switch|p1a: Magmortar|Magmortar, L88, M|100/100\n|turn|17\n|inactive|Time left: 300 sec this turn | 300 sec total\n|\n|t:|1783570155\n|move|p1a: Magmortar|Fire Blast|p2a: Terapagos\n|-damage|p2a: Terapagos|0 fnt\n|faint|p2a: Terapagos\n|\n|upkeep\n|inactive|Time left: 300 sec this turn | 300 sec total | 5 sec grace\n|\n|t:|1783570156\n|switch|p2a: Regieleki|Regieleki, L79|256/256\n|turn|18\n|inactive|Time left: 300 sec this turn | 300 sec total\n|\n|t:|1783570157\n|move|p2a: Regieleki|Volt Switch|p1a: Magmortar\n|-damage|p1a: Magmortar|67/100\n|inactive|Time left: 300 sec this turn | 300 sec total | 5 sec grace\n|\n|t:|1783570159\n|switch|p2a: Blissey|Blissey, L85, F|572/572|[from] Volt Switch\n|move|p1a: Magmortar|Fire Blast|p2a: Blissey\n|-damage|p2a: Blissey|470/572\n|\n|-heal|p2a: Blissey|505/572|[from] item: Leftovers\n|upkeep\n|turn|19\n|inactive|Time left: 300 sec this turn | 300 sec total\n|\n|t:|1783570160\n|switch|p1a: Ambipom|Ambipom, L84, F|100/100\n|move|p2a: Blissey|Seismic Toss|p1a: Ambipom\n|-damage|p1a: Ambipom|68/100\n|\n|-heal|p2a: Blissey|540/572|[from] item: Leftovers\n|upkeep\n|turn|20\n|inactive|Time left: 300 sec this turn | 300 sec total\n|\n|t:|1783570161\n|switch|p2a: Regieleki|Regieleki, L79|256/256\n|move|p1a: Ambipom|Fake Out|p2a: Regieleki\n|-damage|p2a: Regieleki|144/256\n|\n|upkeep\n|turn|21\n|inactive|Time left: 300 sec this turn | 300 sec total\n|\n|t:|1783570162\n|move|p2a: Regieleki|Thunderbolt|p1a: Ambipom\n|-damage|p1a: Ambipom|4/100\n|move|p1a: Ambipom|Double-Edge|p2a: Regieleki\n|-damage|p2a: Regieleki|0 fnt\n|faint|p2a: Regieleki\n|-damage|p1a: Ambipom|0 fnt|[from] Recoil\n|faint|p1a: Ambipom\n|\n|upkeep\n|inactive|Time left: 300 sec this turn | 300 sec total | 5 sec grace\n|\n|t:|1783570163\n|switch|p2a: Blissey|Blissey, L85, F|540/572\n|switch|p1a: Magmortar|Magmortar, L88, M|67/100\n|turn|22\n|inactive|Time left: 300 sec this turn | 300 sec total\n|\n|t:|1783570164\n|move|p1a: Magmortar|Fire Blast|p2a: Blissey\n|-damage|p2a: Blissey|426/572\n|move|p2a: Blissey|Seismic Toss|p1a: Magmortar\n|-damage|p1a: Magmortar|36/100\n|\n|-heal|p2a: Blissey|461/572|[from] item: Leftovers\n|upkeep\n|turn|23\n|inactive|Time left: 300 sec this turn | 300 sec total\n|\n|t:|1783570165\n|move|p1a: Magmortar|Thunderbolt|p2a: Blissey\n|-damage|p2a: Blissey|397/572\n|move|p2a: Blissey|Seismic Toss|p1a: Magmortar\n|-damage|p1a: Magmortar|5/100\n|-status|p2a: Blissey|brn|[from] ability: Flame Body|[of] p1a: Magmortar\n|\n|-heal|p2a: Blissey|432/572 brn|[from] item: Leftovers\n|-damage|p2a: Blissey|397/572 brn|[from] brn\n|upkeep\n|turn|24\n|inactive|Time left: 300 sec this turn | 300 sec total\n|\n|t:|1783570167\n|move|p1a: Magmortar|Thunderbolt|p2a: Blissey\n|-damage|p2a: Blissey|336/572 brn\n|move|p2a: Blissey|Seismic Toss|p1a: Magmortar\n|-damage|p1a: Magmortar|0 fnt\n|faint|p1a: Magmortar\n|\n|win|p0y2609f34e", "uploadtime": 1783570167, "views": 0, "rating": 0, "private": 0, "password": null, "_winner": "p0y2609f34e", "_our_name": "p0y2609f34e"}