{"id": "battle-gen9randombattle-2291", "formatid": "gen9randombattle", "format": "[Gen 9] Random Battle", "players": ["p0x22916128", "p0y22917ffc"], "log": "|init|battle\n|title|p0x22916128 vs. p0y22917ffc\n|j|\u2606p0x22916128\n|j|\u2606p0y22917ffc\n|t:|1783566571\n|gametype|singles\n|player|p1|p0x22916128|101|\n|player|p2|p0y22917ffc|169|\n|gen|9\n|tier|[Gen 9] Random Battle\n|rule|Species Clause: Limit one of each Pok\u00e9mon\n|rule|HP Percentage Mod: HP is shown in percentages\n|rule|Sleep Clause Mod: Limit one foe put to sleep\n|rule|Illusion Level Mod: Illusion disguises the Pok\u00e9mon's true level\n|\n|t:|1783566571\n|teamsize|p1|6\n|teamsize|p2|6\n|start\n|switch|p1a: Magmortar|Magmortar, L88, M|100/100\n|switch|p2a: Jumpluff|Jumpluff, L87, M|271/271\n|turn|1\n|inactive|Battle timer is ON: inactive players will automatically lose when time's up. (requested by p0x22916128)\n|inactive|Time left: 300 sec this turn | 300 sec total | 60 sec grace\n|inactive|p0y22917ffc also wants the timer to be on.\n|\n|t:|1783566572\n|switch|p2a: Oricorio|Oricorio, L84, M|263/263\n|move|p1a: Magmortar|Fire Blast|p2a: Oricorio\n|-resisted|p2a: Oricorio\n|-damage|p2a: Oricorio|165/263\n|\n|upkeep\n|turn|2\n|inactive|Time left: 300 sec this turn | 300 sec total\n|\n|t:|1783566574\n|move|p2a: Oricorio|Quiver Dance|p2a: Oricorio\n|-boost|p2a: Oricorio|spa|1\n|-boost|p2a: Oricorio|spd|1\n|-boost|p2a: Oricorio|spe|1\n|move|p1a: Magmortar|Thunderbolt|p2a: Oricorio\n|-supereffective|p2a: Oricorio\n|-damage|p2a: Oricorio|29/263\n|\n|upkeep\n|turn|3\n|inactive|Time left: 300 sec this turn | 300 sec total\n|\n|t:|1783566574\n|switch|p1a: Basculegion|Basculegion, L80, M|100/100\n|move|p2a: Oricorio|Roost|p2a: Oricorio\n|-heal|p2a: Oricorio|161/263\n|-singleturn|p2a: Oricorio|move: Roost\n|\n|upkeep\n|turn|4\n|inactive|Time left: 300 sec this turn | 300 sec total\n|\n|t:|1783566575\n|move|p2a: Oricorio|Roost|p2a: Oricorio\n|-heal|p2a: Oricorio|263/263\n|-singleturn|p2a: Oricorio|move: Roost\n|move|p1a: Basculegion|Wave Crash|p2a: Oricorio\n|-supereffective|p2a: Oricorio\n|-damage|p2a: Oricorio|0 fnt\n|faint|p2a: Oricorio\n|-damage|p1a: Basculegion|74/100|[from] Recoil\n|\n|upkeep\n|inactive|Time left: 300 sec this turn | 300 sec total | 5 sec grace\n|\n|t:|1783566576\n|switch|p2a: Crawdaunt|Crawdaunt, L84, F|243/243\n|turn|5\n|inactive|Time left: 300 sec this turn | 300 sec total\n|\n|t:|1783566577\n|move|p1a: Basculegion|Wave Crash|p2a: Crawdaunt\n|-resisted|p2a: Crawdaunt\n|-damage|p2a: Crawdaunt|147/243\n|-damage|p1a: Basculegion|64/100|[from] Recoil\n|move|p2a: Crawdaunt|Knock Off|p1a: Basculegion\n|-supereffective|p1a: Basculegion\n|-damage|p1a: Basculegion|0 fnt\n|-enditem|p1a: Basculegion|Assault Vest|[from] move: Knock Off|[of] p2a: Crawdaunt\n|faint|p1a: Basculegion\n|-damage|p2a: Crawdaunt|123/243|[from] item: Life Orb\n|\n|upkeep\n|\n|t:|1783566578\n|switch|p1a: Magmortar|Magmortar, L88, M|100/100\n|turn|6\n|inactive|Time left: 300 sec this turn | 300 sec total\n|\n|t:|1783566579\n|move|p2a: Crawdaunt|Aqua Jet|p1a: Magmortar\n|-supereffective|p1a: Magmortar\n|-damage|p1a: Magmortar|19/100\n|-damage|p2a: Crawdaunt|99/243|[from] item: Life Orb\n|move|p1a: Magmortar|Thunderbolt|p2a: Crawdaunt\n|-supereffective|p2a: Crawdaunt\n|-damage|p2a: Crawdaunt|0 fnt\n|faint|p2a: Crawdaunt\n|\n|upkeep\n|inactive|Time left: 300 sec this turn | 300 sec total | 5 sec grace\n|\n|t:|1783566580\n|switch|p2a: Kommo-o|Kommo-o, L77, F|242/242\n|turn|7\n|inactive|Time left: 300 sec this turn | 300 sec total\n|\n|t:|1783566581\n|move|p1a: Magmortar|Will-O-Wisp|p2a: Kommo-o\n|-status|p2a: Kommo-o|brn\n|move|p2a: Kommo-o|Clangorous Soul|p2a: Kommo-o\n|-boost|p2a: Kommo-o|atk|1\n|-boost|p2a: Kommo-o|def|1\n|-boost|p2a: Kommo-o|spa|1\n|-boost|p2a: Kommo-o|spd|1\n|-boost|p2a: Kommo-o|spe|1\n|-damage|p2a: Kommo-o|163/242 brn\n|-enditem|p2a: Kommo-o|Throat Spray\n|-boost|p2a: Kommo-o|spa|1|[from] item: Throat Spray\n|\n|-damage|p2a: Kommo-o|148/242 brn|[from] brn\n|upkeep\n|turn|8\n|inactive|Time left: 300 sec this turn | 300 sec total\n|\n|t:|1783566582\n|switch|p1a: Rhyperior|Rhyperior, L82, F|100/100\n|move|p2a: Kommo-o|Drain Punch|p1a: Rhyperior\n|-supereffective|p1a: Rhyperior\n|-damage|p1a: Rhyperior|80/100\n|-heal|p2a: Kommo-o|181/242 brn|[from] drain|[of] p1a: Rhyperior\n|\n|-damage|p2a: Kommo-o|166/242 brn|[from] brn\n|upkeep\n|turn|9\n|inactive|Time left: 300 sec this turn | 300 sec total\n|\n|t:|1783566583\n|move|p2a: Kommo-o|Clanging Scales|p1a: Rhyperior\n|-damage|p1a: Rhyperior|16/100\n|-unboost|p2a: Kommo-o|def|1\n|move|p1a: Rhyperior|Dragon Tail|p2a: Kommo-o\n|-supereffective|p2a: Kommo-o\n|-damage|p2a: Kommo-o|68/242 brn\n|drag|p2a: Spiritomb|Spiritomb, L89, M|234/234\n|\n|upkeep\n|turn|10\n|inactive|Time left: 300 sec this turn | 300 sec total\n|\n|t:|1783566584\n|switch|p1a: Hippowdon|Hippowdon, L82, F|100/100\n|-weather|Sandstorm|[from] ability: Sand Stream|[of] p1a: Hippowdon\n|move|p2a: Spiritomb|Poltergeist|p1a: Hippowdon\n|-activate|p1a: Hippowdon|move: Poltergeist|Leftovers\n|-damage|p1a: Hippowdon|68/100\n|\n|-weather|Sandstorm|[upkeep]\n|-damage|p2a: Spiritomb|220/234|[from] Sandstorm\n|-heal|p1a: Hippowdon|74/100|[from] item: Leftovers\n|-heal|p2a: Spiritomb|234/234|[from] item: Leftovers\n|upkeep\n|turn|11\n|inactive|Time left: 300 sec this turn | 300 sec total\n|\n|t:|1783566585\n|move|p1a: Hippowdon|Curse|p1a: Hippowdon\n|-unboost|p1a: Hippowdon|spe|1\n|-boost|p1a: Hippowdon|atk|1\n|-boost|p1a: Hippowdon|def|1\n|move|p2a: Spiritomb|Will-O-Wisp|p1a: Hippowdon\n|-status|p1a: Hippowdon|brn\n|\n|-weather|Sandstorm|[upkeep]\n|-damage|p2a: Spiritomb|220/234|[from] Sandstorm\n|-heal|p2a: Spiritomb|234/234|[from] item: Leftovers\n|-heal|p1a: Hippowdon|80/100 brn|[from] item: Leftovers\n|-damage|p1a: Hippowdon|74/100 brn|[from] brn\n|upkeep\n|turn|12\n|inactive|Time left: 300 sec this turn | 300 sec total\n|\n|t:|1783566586\n|move|p2a: Spiritomb|Poltergeist|p1a: Hippowdon|[miss]\n|-miss|p2a: Spiritomb|p1a: Hippowdon\n|move|p1a: Hippowdon|Slack Off|p1a: Hippowdon\n|-heal|p1a: Hippowdon|100/100 brn\n|\n|-weather|Sandstorm|[upkeep]\n|-damage|p2a: Spiritomb|220/234|[from] Sandstorm\n|-heal|p2a: Spiritomb|234/234|[from] item: Leftovers\n|-damage|p1a: Hippowdon|94/100 brn|[from] brn\n|upkeep\n|turn|13\n|inactive|Time left: 300 sec this turn | 300 sec total\n|\n|t:|1783566587\n|move|p2a: Spiritomb|Poltergeist|p1a: Hippowdon\n|-activate|p1a: Hippowdon|move: Poltergeist|Leftovers\n|-damage|p1a: Hippowdon|71/100 brn\n|move|p1a: Hippowdon|Earthquake|p2a: Spiritomb\n|-damage|p2a: Spiritomb|162/234\n|\n|-weather|Sandstorm|[upkeep]\n|-damage|p2a: Spiritomb|148/234|[from] Sandstorm\n|-heal|p2a: Spiritomb|162/234|[from] item: Leftovers\n|-heal|p1a: Hippowdon|77/100 brn|[from] item: Leftovers\n|-damage|p1a: Hippowdon|71/100 brn|[from] brn\n|upkeep\n|turn|14\n|inactive|Time left: 300 sec this turn | 300 sec total\n|\n|t:|1783566588\n|move|p2a: Spiritomb|Foul Play|p1a: Hippowdon\n|-damage|p1a: Hippowdon|41/100 brn\n|move|p1a: Hippowdon|Earthquake|p2a: Spiritomb\n|-damage|p2a: Spiritomb|94/234\n|\n|-weather|none\n|-heal|p2a: Spiritomb|108/234|[from] item: Leftovers\n|-heal|p1a: Hippowdon|47/100 brn|[from] item: Leftovers\n|-damage|p1a: Hippowdon|41/100 brn|[from] brn\n|upkeep\n|turn|15\n|inactive|Time left: 300 sec this turn | 300 sec total\n|\n|t:|1783566589\n|move|p2a: Spiritomb|Foul Play|p1a: Hippowdon\n|-crit|p1a: Hippowdon\n|-damage|p1a: Hippowdon|0 fnt\n|faint|p1a: Hippowdon\n|\n|-heal|p2a: Spiritomb|122/234|[from] item: Leftovers\n|upkeep\n|\n|t:|1783566590\n|switch|p1a: Magmortar|Magmortar, L88, M|19/100\n|turn|16\n|inactive|Time left: 300 sec this turn | 300 sec total\n|\n|t:|1783566591\n|move|p2a: Spiritomb|Sucker Punch|p1a: Magmortar\n|-damage|p1a: Magmortar|0 fnt\n|faint|p1a: Magmortar\n|\n|-heal|p2a: Spiritomb|136/234|[from] item: Leftovers\n|upkeep\n|\n|t:|1783566592\n|switch|p1a: Dialga|Dialga, L73|100/100\n|-ability|p1a: Dialga|Pressure\n|turn|17\n|inactive|Time left: 300 sec this turn | 300 sec total\n|\n|t:|1783566593\n|move|p1a: Dialga|Heavy Slam|p2a: Spiritomb\n|-damage|p2a: Spiritomb|36/234\n|move|p2a: Spiritomb|Foul Play|p1a: Dialga\n|-damage|p1a: Dialga|62/100\n|\n|-heal|p2a: Spiritomb|50/234|[from] item: Leftovers\n|upkeep\n|turn|18\n|inactive|Time left: 300 sec this turn | 300 sec total\n|\n|t:|1783566594\n|switch|p2a: Kommo-o|Kommo-o, L77, F|68/242 brn\n|move|p1a: Dialga|Heavy Slam|p2a: Kommo-o\n|-damage|p2a: Kommo-o|0 fnt\n|faint|p2a: Kommo-o\n|\n|upkeep\n|inactive|Time left: 300 sec this turn | 300 sec total | 5 sec grace\n|\n|t:|1783566595\n|switch|p2a: Slowbro|Slowbro-Galar, L87, M|307/307\n|turn|19\n|inactive|Time left: 300 sec this turn | 300 sec total\n|\n|t:|1783566596\n|move|p1a: Dialga|Heavy Slam|p2a: Slowbro\n|-damage|p2a: Slowbro|202/307\n|move|p2a: Slowbro|Fire Blast|p1a: Dialga\n|-crit|p1a: Dialga\n|-damage|p1a: Dialga|16/100\n|-damage|p2a: Slowbro|172/307|[from] item: Life Orb\n|\n|upkeep\n|turn|20\n|inactive|Time left: 300 sec this turn | 300 sec total\n|\n|t:|1783566597\n|switch|p2a: Jumpluff|Jumpluff, L87, M|271/271\n|move|p1a: Dialga|Heavy Slam|p2a: Jumpluff\n|-damage|p2a: Jumpluff|144/271\n|\n|upkeep\n|turn|21\n|inactive|Time left: 300 sec this turn | 300 sec total\n|\n|t:|1783566598\n|move|p2a: Jumpluff|Strength Sap|p1a: Dialga\n|-unboost|p1a: Dialga|atk|1\n|-heal|p2a: Jumpluff|271/271\n|move|p1a: Dialga|Fire Blast|p2a: Jumpluff\n|-supereffective|p2a: Jumpluff\n|-damage|p2a: Jumpluff|115/271\n|\n|upkeep\n|turn|22\n|inactive|Time left: 300 sec this turn | 300 sec total\n|\n|t:|1783566600\n|move|p2a: Jumpluff|Strength Sap|p1a: Dialga\n|-unboost|p1a: Dialga|atk|1\n|-heal|p2a: Jumpluff|260/271\n|move|p1a: Dialga|Fire Blast|p2a: Jumpluff\n|-supereffective|p2a: Jumpluff\n|-damage|p2a: Jumpluff|104/271\n|\n|upkeep\n|turn|23\n|inactive|Time left: 300 sec this turn | 300 sec total\n|\n|t:|1783566601\n|move|p2a: Jumpluff|Strength Sap|p1a: Dialga\n|-unboost|p1a: Dialga|atk|1\n|-heal|p2a: Jumpluff|213/271\n|move|p1a: Dialga|Fire Blast|p2a: Jumpluff|[miss]\n|-miss|p1a: Dialga|p2a: Jumpluff\n|\n|upkeep\n|turn|24\n|inactive|Time left: 300 sec this turn | 300 sec total\n|\n|t:|1783566602\n|move|p2a: Jumpluff|Strength Sap|p1a: Dialga\n|-unboost|p1a: Dialga|atk|1\n|-heal|p2a: Jumpluff|271/271\n|move|p1a: Dialga|Fire Blast|p2a: Jumpluff|[miss]\n|-miss|p1a: Dialga|p2a: Jumpluff\n|\n|upkeep\n|turn|25\n|inactive|Time left: 300 sec this turn | 300 sec total\n|\n|t:|1783566603\n|switch|p1a: Altaria|Altaria, L89, F|100/100\n|move|p2a: Jumpluff|Strength Sap|p1a: Altaria\n|-unboost|p1a: Altaria|atk|1\n|\n|upkeep\n|turn|26\n|inactive|Time left: 300 sec this turn | 300 sec total\n|\n|t:|1783566604\n|move|p2a: Jumpluff|Acrobatics|p1a: Altaria\n|-damage|p1a: Altaria|72/100\n|move|p1a: Altaria|Brave Bird|p2a: Jumpluff\n|-supereffective|p2a: Jumpluff\n|-damage|p2a: Jumpluff|97/271\n|-damage|p1a: Altaria|52/100|[from] Recoil\n|\n|upkeep\n|turn|27\n|inactive|Time left: 300 sec this turn | 300 sec total\n|\n|t:|1783566605\n|move|p2a: Jumpluff|Strength Sap|p1a: Altaria\n|-unboost|p1a: Altaria|atk|1\n|-heal|p2a: Jumpluff|213/271\n|move|p1a: Altaria|Roost|p1a: Altaria\n|-heal|p1a: Altaria|100/100\n|-singleturn|p1a: Altaria|move: Roost\n|\n|upkeep\n|turn|28\n|inactive|Time left: 300 sec this turn | 300 sec total\n|\n|t:|1783566606\n|switch|p1a: Dialga|Dialga, L73|16/100\n|-ability|p1a: Dialga|Pressure\n|move|p2a: Jumpluff|Strength Sap|p1a: Dialga\n|-unboost|p1a: Dialga|atk|1\n|-heal|p2a: Jumpluff|271/271\n|\n|upkeep\n|turn|29\n|inactive|Time left: 300 sec this turn | 300 sec total\n|\n|t:|1783566607\n|move|p2a: Jumpluff|Acrobatics|p1a: Dialga\n|-resisted|p1a: Dialga\n|-damage|p1a: Dialga|3/100\n|move|p1a: Dialga|Fire Blast|p2a: Jumpluff\n|-supereffective|p2a: Jumpluff\n|-damage|p2a: Jumpluff|127/271\n|\n|upkeep\n|turn|30\n|inactive|Time left: 300 sec this turn | 300 sec total\n|\n|t:|1783566608\n|move|p2a: Jumpluff|Strength Sap|p1a: Dialga\n|-unboost|p1a: Dialga|atk|1\n|-heal|p2a: Jumpluff|271/271\n|move|p1a: Dialga|Fire Blast|p2a: Jumpluff\n|-supereffective|p2a: Jumpluff\n|-damage|p2a: Jumpluff|125/271\n|\n|upkeep\n|turn|31\n|inactive|Time left: 300 sec this turn | 300 sec total\n|\n|t:|1783566609\n|move|p2a: Jumpluff|Strength Sap|p1a: Dialga\n|-unboost|p1a: Dialga|atk|1\n|-heal|p2a: Jumpluff|234/271\n|move|p1a: Dialga|Fire Blast|p2a: Jumpluff\n|-supereffective|p2a: Jumpluff\n|-damage|p2a: Jumpluff|78/271\n|\n|upkeep\n|turn|32\n|inactive|Time left: 300 sec this turn | 300 sec total\n|\n|t:|1783566610\n|move|p2a: Jumpluff|U-turn|p1a: Dialga\n|-resisted|p1a: Dialga\n|-damage|p1a: Dialga|0 fnt\n|faint|p1a: Dialga\n|inactive|Time left: 300 sec this turn | 300 sec total | 5 sec grace\n|\n|t:|1783566611\n|switch|p2a: Spiritomb|Spiritomb, L89, M|50/234|[from] U-turn\n|\n|-heal|p2a: Spiritomb|64/234|[from] item: Leftovers\n|upkeep\n|\n|t:|1783566612\n|switch|p1a: Altaria|Altaria, L89, F|100/100\n|turn|33\n|inactive|Time left: 300 sec this turn | 300 sec total\n|\n|t:|1783566613\n|switch|p2a: Slowbro|Slowbro-Galar, L87, M|274/307\n|move|p1a: Altaria|Brave Bird|p2a: Slowbro\n|-damage|p2a: Slowbro|169/307\n|-damage|p1a: Altaria|88/100|[from] Recoil\n|\n|upkeep\n|turn|34\n|inactive|Time left: 300 sec this turn | 300 sec total\n|\n|t:|1783566614\n|switch|p2a: Jumpluff|Jumpluff, L87, M|78/271\n|move|p1a: Altaria|Brave Bird|p2a: Jumpluff\n|-supereffective|p2a: Jumpluff\n|-crit|p2a: Jumpluff\n|-damage|p2a: Jumpluff|0 fnt\n|faint|p2a: Jumpluff\n|-damage|p1a: Altaria|79/100|[from] Recoil\n|\n|upkeep\n|inactive|Time left: 300 sec this turn | 300 sec total | 5 sec grace\n|\n|t:|1783566614\n|switch|p2a: Slowbro|Slowbro-Galar, L87, M|271/307\n|turn|35\n|inactive|Time left: 300 sec this turn | 300 sec total\n|\n|t:|1783566615\n|move|p1a: Altaria|Earthquake|p2a: Slowbro\n|-supereffective|p2a: Slowbro\n|-damage|p2a: Slowbro|165/307\n|move|p2a: Slowbro|Psychic|p1a: Altaria\n|-damage|p1a: Altaria|38/100\n|-damage|p2a: Slowbro|135/307|[from] item: Life Orb\n|\n|upkeep\n|turn|36\n|inactive|Time left: 300 sec this turn | 300 sec total\n|\n|t:|1783566616\n|switch|p2a: Spiritomb|Spiritomb, L89, M|64/234\n|move|p1a: Altaria|Roost|p1a: Altaria\n|-heal|p1a: Altaria|88/100\n|-singleturn|p1a: Altaria|move: Roost\n|\n|-heal|p2a: Spiritomb|78/234|[from] item: Leftovers\n|upkeep\n|turn|37\n|inactive|Time left: 300 sec this turn | 300 sec total\n|\n|t:|1783566616\n|switch|p2a: Slowbro|Slowbro-Galar, L87, M|237/307\n|move|p1a: Altaria|Brave Bird|p2a: Slowbro\n|-damage|p2a: Slowbro|144/307\n|-damage|p1a: Altaria|77/100|[from] Recoil\n|\n|upkeep\n|turn|38\n|inactive|Time left: 300 sec this turn | 300 sec total\n|\n|t:|1783566617\n|switch|p2a: Spiritomb|Spiritomb, L89, M|78/234\n|move|p1a: Altaria|Earthquake|p2a: Spiritomb\n|-damage|p2a: Spiritomb|27/234\n|\n|-heal|p2a: Spiritomb|41/234|[from] item: Leftovers\n|upkeep\n|turn|39\n|inactive|Time left: 300 sec this turn | 300 sec total\n|\n|t:|1783566618\n|switch|p2a: Slowbro|Slowbro-Galar, L87, M|246/307\n|move|p1a: Altaria|Earthquake|p2a: Slowbro\n|-supereffective|p2a: Slowbro\n|-damage|p2a: Slowbro|130/307\n|\n|upkeep\n|turn|40\n|inactive|Time left: 300 sec this turn | 300 sec total\n|\n|t:|1783566619\n|-terastallize|p2a: Slowbro|Poison\n|move|p1a: Altaria|Earthquake|p2a: Slowbro\n|-supereffective|p2a: Slowbro\n|-damage|p2a: Slowbro|10/307\n|move|p2a: Slowbro|Shell Side Arm|p1a: Altaria|[anim] Shell Side Arm Physical\n|-damage|p1a: Altaria|22/100\n|-hint|Physical Shell Side Arm\n|-damage|p2a: Slowbro|0 fnt|[from] item: Life Orb\n|faint|p2a: Slowbro\n|\n|upkeep\n|inactive|Time left: 300 sec this turn | 300 sec total | 5 sec grace\n|\n|t:|1783566619\n|switch|p2a: Spiritomb|Spiritomb, L89, M|41/234\n|turn|41\n|inactive|Time left: 300 sec this turn | 300 sec total\n|\n|t:|1783566620\n|-terastallize|p1a: Altaria|Steel\n|move|p1a: Altaria|Roost|p1a: Altaria\n|-heal|p1a: Altaria|72/100\n|move|p2a: Spiritomb|Will-O-Wisp|p1a: Altaria\n|-status|p1a: Altaria|brn\n|\n|-heal|p2a: Spiritomb|55/234|[from] item: Leftovers\n|-damage|p1a: Altaria|66/100 brn|[from] brn\n|upkeep\n|turn|42\n|inactive|Time left: 300 sec this turn | 300 sec total\n|\n|t:|1783566621\n|-curestatus|p1a: Altaria|brn|[from] ability: Natural Cure|[silent]\n|switch|p1a: Rhyperior|Rhyperior, L82, F|16/100\n|move|p2a: Spiritomb|Will-O-Wisp|p1a: Rhyperior\n|-status|p1a: Rhyperior|brn\n|\n|-heal|p2a: Spiritomb|69/234|[from] item: Leftovers\n|-damage|p1a: Rhyperior|10/100 brn|[from] brn\n|upkeep\n|turn|43\n|inactive|Time left: 300 sec this turn | 300 sec total\n|\n|t:|1783566622\n|move|p2a: Spiritomb|Will-O-Wisp|p1a: Rhyperior\n|-fail|p1a: Rhyperior|brn\n|move|p1a: Rhyperior|Earthquake|p2a: Spiritomb\n|-damage|p2a: Spiritomb|10/234\n|\n|-heal|p2a: Spiritomb|24/234|[from] item: Leftovers\n|-damage|p1a: Rhyperior|4/100 brn|[from] brn\n|upkeep\n|turn|44\n|inactive|Time left: 300 sec this turn | 300 sec total\n|\n|t:|1783566622\n|move|p2a: Spiritomb|Sucker Punch|p1a: Rhyperior\n|-damage|p1a: Rhyperior|0 fnt\n|faint|p1a: Rhyperior\n|\n|-heal|p2a: Spiritomb|38/234|[from] item: Leftovers\n|upkeep\n|\n|t:|1783566623\n|switch|p1a: Altaria|Altaria, L89, F, tera:Steel|66/100\n|turn|45\n|inactive|Time left: 300 sec this turn | 300 sec total\n|\n|t:|1783566624\n|move|p1a: Altaria|Earthquake|p2a: Spiritomb\n|-damage|p2a: Spiritomb|0 fnt\n|faint|p2a: Spiritomb\n|\n|win|p0x22916128", "uploadtime": 1783566624, "views": 0, "rating": 0, "private": 0, "password": null, "_winner": "p0x22916128", "_our_name": "p0y22917ffc"}