{"id": "battle-gen9randombattle-552", "formatid": "gen9randombattle", "format": "[Gen 9] Random Battle", "players": ["p0x552da23", "p0y5522cbf"], "log": "|init|battle\n|title|p0x552da23 vs. p0y5522cbf\n|j|\u2606p0x552da23\n|j|\u2606p0y5522cbf\n|t:|1783546198\n|gametype|singles\n|player|p1|p0x552da23|265|\n|player|p2|p0y5522cbf|266|\n|gen|9\n|tier|[Gen 9] Random Battle\n|rule|Species Clause: Limit one of each Pok\u00e9mon\n|rule|HP Percentage Mod: HP is shown in percentages\n|rule|Sleep Clause Mod: Limit one foe put to sleep\n|rule|Illusion Level Mod: Illusion disguises the Pok\u00e9mon's true level\n|\n|t:|1783546198\n|teamsize|p1|6\n|teamsize|p2|6\n|start\n|switch|p1a: Mandibuzz|Mandibuzz, L85, F|100/100\n|switch|p2a: Weavile|Weavile, L79, M|240/240\n|turn|1\n|inactive|Battle timer is ON: inactive players will automatically lose when time's up. (requested by p0x552da23)\n|inactive|Time left: 300 sec this turn | 300 sec total | 60 sec grace\n|\n|t:|1783546199\n|move|p2a: Weavile|Triple Axel|p1a: Mandibuzz\n|-supereffective|p1a: Mandibuzz\n|-damage|p1a: Mandibuzz|88/100\n|-supereffective|p1a: Mandibuzz\n|-damage|p1a: Mandibuzz|66/100\n|-supereffective|p1a: Mandibuzz\n|-damage|p1a: Mandibuzz|30/100\n|-hitcount|p1a: Mandibuzz|3\n|move|p1a: Mandibuzz|Foul Play|p2a: Weavile\n|-resisted|p2a: Weavile\n|-damage|p2a: Weavile|162/240\n|\n|upkeep\n|turn|2\n|inactive|Time left: 300 sec this turn | 300 sec total\n|inactive|p0y5522cbf also wants the timer to be on.\n|\n|t:|1783546200\n|move|p2a: Weavile|Triple Axel|p1a: Mandibuzz|[miss]\n|-miss|p2a: Weavile|p1a: Mandibuzz\n|move|p1a: Mandibuzz|Roost|p1a: Mandibuzz\n|-heal|p1a: Mandibuzz|80/100\n|-singleturn|p1a: Mandibuzz|move: Roost\n|\n|upkeep\n|turn|3\n|inactive|Time left: 300 sec this turn | 300 sec total\n|\n|t:|1783546201\n|move|p2a: Weavile|Triple Axel|p1a: Mandibuzz\n|-supereffective|p1a: Mandibuzz\n|-damage|p1a: Mandibuzz|68/100\n|-supereffective|p1a: Mandibuzz\n|-damage|p1a: Mandibuzz|44/100\n|-supereffective|p1a: Mandibuzz\n|-damage|p1a: Mandibuzz|12/100\n|-hitcount|p1a: Mandibuzz|3\n|move|p1a: Mandibuzz|U-turn|p2a: Weavile\n|-supereffective|p2a: Weavile\n|-damage|p2a: Weavile|50/240\n|\n|t:|1783546201\n|switch|p1a: Masquerain|Masquerain, L87, M|100/100|[from] U-turn\n|-ability|p1a: Masquerain|Intimidate|boost\n|-unboost|p2a: Weavile|atk|1\n|\n|upkeep\n|turn|4\n|inactive|Time left: 300 sec this turn | 300 sec total\n|\n|t:|1783546202\n|-terastallize|p1a: Masquerain|Water\n|move|p2a: Weavile|Triple Axel|p1a: Masquerain\n|-resisted|p1a: Masquerain\n|-damage|p1a: Masquerain|97/100\n|-resisted|p1a: Masquerain\n|-damage|p1a: Masquerain|90/100\n|-resisted|p1a: Masquerain\n|-damage|p1a: Masquerain|79/100\n|-hitcount|p1a: Masquerain|3\n|move|p1a: Masquerain|Sticky Web|p2a: Weavile\n|-sidestart|p2: p0y5522cbf|move: Sticky Web\n|\n|upkeep\n|turn|5\n|inactive|Time left: 300 sec this turn | 300 sec total\n|\n|t:|1783546203\n|move|p2a: Weavile|Knock Off|p1a: Masquerain\n|-damage|p1a: Masquerain|44/100\n|-enditem|p1a: Masquerain|Heavy-Duty Boots|[from] move: Knock Off|[of] p2a: Weavile\n|move|p1a: Masquerain|Bug Buzz|p2a: Weavile\n|-supereffective|p2a: Weavile\n|-damage|p2a: Weavile|0 fnt\n|faint|p2a: Weavile\n|\n|upkeep\n|inactive|Time left: 300 sec this turn | 300 sec total | 5 sec grace\n|\n|t:|1783546204\n|switch|p2a: Arboliva|Arboliva, L91, M|290/290\n|-activate|p2a: Arboliva|move: Sticky Web\n|-unboost|p2a: Arboliva|spe|1\n|turn|6\n|inactive|Time left: 300 sec this turn | 300 sec total\n|\n|t:|1783546205\n|move|p1a: Masquerain|Bug Buzz|p2a: Arboliva\n|-supereffective|p2a: Arboliva\n|-damage|p2a: Arboliva|128/290\n|-fieldstart|move: Grassy Terrain|[from] ability: Seed Sower|[of] p2a: Arboliva\n|move|p2a: Arboliva|Hyper Voice|p1a: Masquerain\n|-crit|p1a: Masquerain\n|-damage|p1a: Masquerain|0 fnt\n|faint|p1a: Masquerain\n|\n|-heal|p2a: Arboliva|146/290|[from] Grassy Terrain\n|-heal|p2a: Arboliva|164/290|[from] item: Leftovers\n|upkeep\n|\n|t:|1783546206\n|switch|p1a: Flapple|Flapple, L88, M|100/100\n|turn|7\n|inactive|Time left: 300 sec this turn | 300 sec total\n|\n|t:|1783546207\n|move|p1a: Flapple|Outrage|p2a: Arboliva\n|-damage|p2a: Arboliva|0 fnt\n|faint|p2a: Arboliva\n|\n|upkeep\n|inactive|Time left: 300 sec this turn | 300 sec total | 5 sec grace\n|\n|t:|1783546208\n|switch|p2a: Decidueye|Decidueye-Hisui, L87, F|295/295\n|-activate|p2a: Decidueye|move: Sticky Web\n|-unboost|p2a: Decidueye|spe|1\n|turn|8\n|inactive|Time left: 300 sec this turn | 300 sec total\n|\n|t:|1783546209\n|move|p1a: Flapple|Outrage|p2a: Decidueye|[from] lockedmove\n|-damage|p2a: Decidueye|66/295\n|move|p2a: Decidueye|Defog|p1a: Flapple\n|-unboost|p1a: Flapple|evasion|1\n|-sideend|p2: p0y5522cbf|Sticky Web|[from] move: Defog|[of] p2a: Decidueye\n|-fieldend|move: Grassy Terrain\n|\n|-heal|p2a: Decidueye|84/295|[from] item: Leftovers\n|upkeep\n|turn|9\n|inactive|Time left: 300 sec this turn | 300 sec total\n|\n|t:|1783546210\n|move|p1a: Flapple|Outrage|p2a: Decidueye|[from] lockedmove\n|-damage|p2a: Decidueye|0 fnt\n|faint|p2a: Decidueye\n|-start|p1a: Flapple|confusion|[fatigue]\n|-enditem|p1a: Flapple|Lum Berry|[eat]\n|-end|p1a: Flapple|confusion\n|\n|upkeep\n|inactive|Time left: 300 sec this turn | 300 sec total | 5 sec grace\n|\n|t:|1783546211\n|switch|p2a: Magmortar|Magmortar, L88, M|275/275\n|turn|10\n|inactive|Time left: 300 sec this turn | 300 sec total\n|\n|t:|1783546212\n|move|p2a: Magmortar|Fire Blast|p1a: Flapple\n|-damage|p1a: Flapple|0 fnt\n|faint|p1a: Flapple\n|\n|upkeep\n|\n|t:|1783546213\n|switch|p1a: Oranguru|Oranguru, L92, M|100/100\n|turn|11\n|inactive|Time left: 300 sec this turn | 300 sec total\n|\n|t:|1783546214\n|move|p2a: Magmortar|Fire Blast|p1a: Oranguru\n|-damage|p1a: Oranguru|41/100\n|-status|p1a: Oranguru|brn\n|move|p1a: Oranguru|Psyshock|p2a: Magmortar\n|-damage|p2a: Magmortar|100/275\n|\n|-damage|p1a: Oranguru|35/100 brn|[from] brn\n|upkeep\n|turn|12\n|inactive|Time left: 300 sec this turn | 300 sec total\n|\n|t:|1783546215\n|move|p2a: Magmortar|Fire Blast|p1a: Oranguru\n|-damage|p1a: Oranguru|0 fnt\n|faint|p1a: Oranguru\n|\n|upkeep\n|\n|t:|1783546216\n|switch|p1a: Delphox|Delphox, L84, F|100/100\n|turn|13\n|inactive|Time left: 300 sec this turn | 300 sec total\n|\n|t:|1783546217\n|switch|p2a: Ditto|Ditto, L87|225/225\n|-transform|p2a: Ditto|p1a: Delphox|[from] ability: Imposter\n|move|p1a: Delphox|Psyshock|p2a: Ditto\n|-resisted|p2a: Ditto\n|-damage|p2a: Ditto|173/225\n|\n|upkeep\n|turn|14\n|inactive|Time left: 300 sec this turn | 300 sec total\n|\n|t:|1783546218\n|move|p2a: Ditto|Psyshock|p1a: Delphox\n|-resisted|p1a: Delphox\n|-damage|p1a: Delphox|77/100\n|move|p1a: Delphox|Nasty Plot|p1a: Delphox\n|-boost|p1a: Delphox|spa|2\n|\n|upkeep\n|turn|15\n|inactive|Time left: 300 sec this turn | 300 sec total\n|\n|t:|1783546219\n|move|p2a: Ditto|Psyshock|p1a: Delphox\n|-resisted|p1a: Delphox\n|-damage|p1a: Delphox|54/100\n|move|p1a: Delphox|Psyshock|p2a: Ditto\n|-resisted|p2a: Ditto\n|-damage|p2a: Ditto|71/225\n|\n|upkeep\n|turn|16\n|inactive|Time left: 300 sec this turn | 300 sec total\n|\n|t:|1783546220\n|move|p2a: Ditto|Psyshock|p1a: Delphox\n|-resisted|p1a: Delphox\n|-damage|p1a: Delphox|35/100\n|move|p1a: Delphox|Psyshock|p2a: Ditto\n|-resisted|p2a: Ditto\n|-damage|p2a: Ditto|0 fnt\n|faint|p2a: Ditto\n|\n|upkeep\n|inactive|Time left: 300 sec this turn | 300 sec total | 5 sec grace\n|\n|t:|1783546221\n|switch|p2a: Blaziken|Blaziken, L76, F|247/247\n|turn|17\n|inactive|Time left: 300 sec this turn | 300 sec total\n|\n|t:|1783546222\n|switch|p2a: Magmortar|Magmortar, L88, M|100/275\n|move|p1a: Delphox|Focus Blast|p2a: Magmortar\n|-damage|p2a: Magmortar|0 fnt\n|faint|p2a: Magmortar\n|\n|upkeep\n|inactive|Time left: 300 sec this turn | 300 sec total | 5 sec grace\n|\n|t:|1783546223\n|switch|p2a: Blaziken|Blaziken, L76, F|247/247\n|turn|18\n|inactive|Time left: 300 sec this turn | 300 sec total\n|\n|t:|1783546224\n|move|p1a: Delphox|Psyshock|p2a: Blaziken\n|-supereffective|p2a: Blaziken\n|-damage|p2a: Blaziken|0 fnt\n|faint|p2a: Blaziken\n|\n|win|p0x552da23", "uploadtime": 1783546224, "views": 0, "rating": 0, "private": 0, "password": null, "_winner": "p0x552da23", "_our_name": "p0y5522cbf"}