{"id": "battle-gen9randombattle-1583", "formatid": "gen9randombattle", "format": "[Gen 9] Random Battle", "players": ["p0x15839506", "p0y15831b7f"], "log": "|init|battle\n|title|p0x15839506 vs. p0y15831b7f\n|j|\u2606p0x15839506\n|j|\u2606p0y15831b7f\n|t:|1783558336\n|gametype|singles\n|player|p1|p0x15839506|170|\n|player|p2|p0y15831b7f|169|\n|gen|9\n|tier|[Gen 9] Random Battle\n|rule|Species Clause: Limit one of each Pok\u00e9mon\n|rule|HP Percentage Mod: HP is shown in percentages\n|rule|Sleep Clause Mod: Limit one foe put to sleep\n|rule|Illusion Level Mod: Illusion disguises the Pok\u00e9mon's true level\n|\n|t:|1783558336\n|teamsize|p1|6\n|teamsize|p2|6\n|start\n|switch|p1a: Dusknoir|Dusknoir, L89, F|100/100\n|switch|p2a: Floatzel|Floatzel, L86, F|286/286\n|-item|p2a: Floatzel|Choice Band|[from] ability: Frisk|[of] p1a: Dusknoir\n|turn|1\n|inactive|Battle timer is ON: inactive players will automatically lose when time's up. (requested by p0y15831b7f)\n|inactive|p0x15839506 also wants the timer to be on.\n|\n|t:|1783558337\n|move|p2a: Floatzel|Wave Crash|p1a: Dusknoir\n|-damage|p1a: Dusknoir|40/100\n|-damage|p2a: Floatzel|241/286|[from] Recoil\n|move|p1a: Dusknoir|Poltergeist|p2a: Floatzel\n|-activate|p2a: Floatzel|move: Poltergeist|Choice Band\n|-damage|p2a: Floatzel|48/286\n|\n|-heal|p1a: Dusknoir|47/100|[from] item: Leftovers\n|upkeep\n|turn|2\n|inactive|Time left: 300 sec this turn | 300 sec total\n|\n|t:|1783558338\n|switch|p1a: Lumineon|Lumineon, L93, F|100/100\n|move|p2a: Floatzel|Wave Crash|p1a: Lumineon\n|-ability|p1a: Lumineon|Storm Drain|boost\n|-boost|p1a: Lumineon|spa|1\n|\n|upkeep\n|turn|3\n|inactive|Time left: 300 sec this turn | 300 sec total\n|\n|t:|1783558339\n|switch|p2a: Dondozo|Dondozo, L78, M|362/362\n|move|p1a: Lumineon|Hydro Pump|p2a: Dondozo|[miss]\n|-miss|p1a: Lumineon|p2a: Dondozo\n|\n|upkeep\n|turn|4\n|inactive|Time left: 300 sec this turn | 300 sec total\n|\n|t:|1783558340\n|move|p1a: Lumineon|Hydro Pump|p2a: Dondozo\n|-resisted|p2a: Dondozo\n|-damage|p2a: Dondozo|268/362\n|-damage|p1a: Lumineon|91/100|[from] item: Life Orb\n|move|p2a: Dondozo|Curse|p2a: Dondozo\n|-unboost|p2a: Dondozo|spe|1\n|-boost|p2a: Dondozo|atk|1\n|-boost|p2a: Dondozo|def|1\n|\n|-heal|p2a: Dondozo|290/362|[from] item: Leftovers\n|upkeep\n|turn|5\n|inactive|Time left: 300 sec this turn | 300 sec total\n|\n|t:|1783558341\n|move|p1a: Lumineon|Alluring Voice|p2a: Dondozo\n|-damage|p2a: Dondozo|193/362\n|-damage|p1a: Lumineon|81/100|[from] item: Life Orb\n|move|p2a: Dondozo|Curse|p2a: Dondozo\n|-unboost|p2a: Dondozo|spe|1\n|-boost|p2a: Dondozo|atk|1\n|-boost|p2a: Dondozo|def|1\n|\n|-heal|p2a: Dondozo|215/362|[from] item: Leftovers\n|upkeep\n|turn|6\n|inactive|Time left: 300 sec this turn | 300 sec total\n|\n|t:|1783558342\n|move|p1a: Lumineon|Alluring Voice|p2a: Dondozo\n|-damage|p2a: Dondozo|114/362\n|-damage|p1a: Lumineon|71/100|[from] item: Life Orb\n|move|p2a: Dondozo|Rest|p2a: Dondozo\n|-status|p2a: Dondozo|slp|[from] move: Rest\n|-heal|p2a: Dondozo|362/362 slp|[silent]\n|\n|upkeep\n|turn|7\n|inactive|Time left: 300 sec this turn | 300 sec total\n|\n|t:|1783558343\n|move|p1a: Lumineon|Alluring Voice|p2a: Dondozo\n|-damage|p2a: Dondozo|272/362 slp\n|-damage|p1a: Lumineon|62/100|[from] item: Life Orb\n|cant|p2a: Dondozo|slp\n|\n|-heal|p2a: Dondozo|294/362 slp|[from] item: Leftovers\n|upkeep\n|turn|8\n|inactive|Time left: 300 sec this turn | 300 sec total\n|\n|t:|1783558344\n|move|p1a: Lumineon|Encore|p2a: Dondozo\n|-start|p2a: Dondozo|Encore\n|cant|p2a: Dondozo|slp\n|\n|-heal|p2a: Dondozo|316/362 slp|[from] item: Leftovers\n|upkeep\n|turn|9\n|inactive|Time left: 300 sec this turn | 300 sec total\n|\n|t:|1783558344\n|move|p1a: Lumineon|Hydro Pump|p2a: Dondozo\n|-resisted|p2a: Dondozo\n|-damage|p2a: Dondozo|222/362 slp\n|-damage|p1a: Lumineon|52/100|[from] item: Life Orb\n|-curestatus|p2a: Dondozo|slp|[msg]\n|move|p2a: Dondozo|Rest|p2a: Dondozo\n|-status|p2a: Dondozo|slp|[from] move: Rest\n|-heal|p2a: Dondozo|362/362 slp|[silent]\n|\n|upkeep\n|turn|10\n|inactive|Time left: 300 sec this turn | 300 sec total\n|\n|t:|1783558345\n|move|p1a: Lumineon|Alluring Voice|p2a: Dondozo\n|-damage|p2a: Dondozo|266/362 slp\n|-damage|p1a: Lumineon|42/100|[from] item: Life Orb\n|cant|p2a: Dondozo|slp\n|\n|-heal|p2a: Dondozo|288/362 slp|[from] item: Leftovers\n|-end|p2a: Dondozo|Encore\n|upkeep\n|turn|11\n|inactive|Time left: 300 sec this turn | 300 sec total\n|\n|t:|1783558346\n|move|p1a: Lumineon|Alluring Voice|p2a: Dondozo\n|-damage|p2a: Dondozo|198/362 slp\n|-damage|p1a: Lumineon|33/100|[from] item: Life Orb\n|cant|p2a: Dondozo|slp\n|\n|-heal|p2a: Dondozo|220/362 slp|[from] item: Leftovers\n|upkeep\n|turn|12\n|inactive|Time left: 300 sec this turn | 300 sec total\n|\n|t:|1783558347\n|move|p1a: Lumineon|Alluring Voice|p2a: Dondozo\n|-damage|p2a: Dondozo|125/362 slp\n|-damage|p1a: Lumineon|23/100|[from] item: Life Orb\n|-curestatus|p2a: Dondozo|slp|[msg]\n|move|p2a: Dondozo|Rest|p2a: Dondozo\n|-status|p2a: Dondozo|slp|[from] move: Rest\n|-heal|p2a: Dondozo|362/362 slp|[silent]\n|\n|upkeep\n|turn|13\n|inactive|Time left: 300 sec this turn | 300 sec total\n|\n|t:|1783558348\n|move|p1a: Lumineon|Alluring Voice|p2a: Dondozo\n|-damage|p2a: Dondozo|265/362 slp\n|-damage|p1a: Lumineon|13/100|[from] item: Life Orb\n|cant|p2a: Dondozo|slp\n|\n|-heal|p2a: Dondozo|287/362 slp|[from] item: Leftovers\n|upkeep\n|turn|14\n|inactive|Time left: 300 sec this turn | 300 sec total\n|\n|t:|1783558349\n|move|p1a: Lumineon|Encore|p2a: Dondozo\n|-start|p2a: Dondozo|Encore\n|cant|p2a: Dondozo|slp\n|\n|-heal|p2a: Dondozo|309/362 slp|[from] item: Leftovers\n|upkeep\n|turn|15\n|inactive|Time left: 300 sec this turn | 300 sec total\n|\n|t:|1783558350\n|switch|p1a: Wigglytuff|Wigglytuff, L96, M|100/100\n|-curestatus|p2a: Dondozo|slp|[msg]\n|move|p2a: Dondozo|Rest|p2a: Dondozo\n|-status|p2a: Dondozo|slp|[from] move: Rest\n|-heal|p2a: Dondozo|362/362 slp|[silent]\n|\n|upkeep\n|turn|16\n|inactive|Time left: 300 sec this turn | 300 sec total\n|\n|t:|1783558351\n|switch|p2a: Zangoose|Zangoose, L85, F|263/263\n|move|p1a: Wigglytuff|Knock Off|p2a: Zangoose\n|-damage|p2a: Zangoose|166/263\n|-enditem|p2a: Zangoose|Toxic Orb|[from] move: Knock Off|[of] p1a: Wigglytuff\n|\n|upkeep\n|turn|17\n|inactive|Time left: 300 sec this turn | 300 sec total\n|\n|t:|1783558352\n|move|p2a: Zangoose|Knock Off|p1a: Wigglytuff\n|-resisted|p1a: Wigglytuff\n|-damage|p1a: Wigglytuff|87/100\n|-enditem|p1a: Wigglytuff|Leftovers|[from] move: Knock Off|[of] p2a: Zangoose\n|move|p1a: Wigglytuff|Dazzling Gleam|p2a: Zangoose\n|-damage|p2a: Zangoose|48/263\n|\n|upkeep\n|turn|18\n|inactive|Time left: 300 sec this turn | 300 sec total\n|\n|t:|1783558353\n|move|p2a: Zangoose|Close Combat|p1a: Wigglytuff\n|-damage|p1a: Wigglytuff|54/100\n|-unboost|p2a: Zangoose|def|1\n|-unboost|p2a: Zangoose|spd|1\n|move|p1a: Wigglytuff|Dazzling Gleam|p2a: Zangoose\n|-damage|p2a: Zangoose|0 fnt\n|faint|p2a: Zangoose\n|\n|upkeep\n|inactive|Time left: 300 sec this turn | 300 sec total | 5 sec grace\n|\n|t:|1783558354\n|switch|p2a: Lycanroc|Lycanroc-Dusk, L81, F|254/254\n|turn|19\n|inactive|Time left: 300 sec this turn | 300 sec total\n|\n|t:|1783558355\n|move|p2a: Lycanroc|Stone Edge|p1a: Wigglytuff|[miss]\n|-miss|p2a: Lycanroc|p1a: Wigglytuff\n|move|p1a: Wigglytuff|Dazzling Gleam|p2a: Lycanroc\n|-damage|p2a: Lycanroc|115/254\n|\n|upkeep\n|turn|20\n|inactive|Time left: 300 sec this turn | 300 sec total\n|\n|t:|1783558356\n|move|p2a: Lycanroc|Stone Edge|p1a: Wigglytuff\n|-damage|p1a: Wigglytuff|1/100\n|move|p1a: Wigglytuff|Dazzling Gleam|p2a: Lycanroc\n|-damage|p2a: Lycanroc|0 fnt\n|faint|p2a: Lycanroc\n|\n|upkeep\n|inactive|Time left: 300 sec this turn | 300 sec total | 5 sec grace\n|\n|t:|1783558357\n|switch|p2a: Floatzel|Floatzel, L86, F|48/286\n|turn|21\n|inactive|Time left: 300 sec this turn | 300 sec total\n|\n|t:|1783558358\n|move|p2a: Floatzel|Crunch|p1a: Wigglytuff\n|-resisted|p1a: Wigglytuff\n|-damage|p1a: Wigglytuff|0 fnt\n|faint|p1a: Wigglytuff\n|\n|upkeep\n|\n|t:|1783558359\n|switch|p1a: Mabosstiff|Mabosstiff, L86, M|100/100\n|turn|22\n|inactive|Time left: 300 sec this turn | 300 sec total\n|\n|t:|1783558360\n|move|p1a: Mabosstiff|Crunch|p2a: Floatzel\n|-crit|p2a: Floatzel\n|-damage|p2a: Floatzel|0 fnt\n|faint|p2a: Floatzel\n|\n|upkeep\n|inactive|Time left: 300 sec this turn | 300 sec total | 5 sec grace\n|\n|t:|1783558361\n|switch|p2a: Duraludon|Duraludon, L82, F|249/249\n|turn|23\n|inactive|Time left: 300 sec this turn | 300 sec total\n|\n|t:|1783558362\n|move|p1a: Mabosstiff|Crunch|p2a: Duraludon\n|-damage|p2a: Duraludon|186/249\n|-unboost|p2a: Duraludon|def|1\n|move|p2a: Duraludon|Flash Cannon|p1a: Mabosstiff\n|-damage|p1a: Mabosstiff|59/100\n|-unboost|p1a: Mabosstiff|spd|1\n|\n|upkeep\n|turn|24\n|inactive|Time left: 300 sec this turn | 300 sec total\n|\n|t:|1783558363\n|switch|p1a: Florges|Florges-Orange, L85, F|100/100\n|move|p2a: Duraludon|Flash Cannon|p1a: Florges\n|-supereffective|p1a: Florges\n|-damage|p1a: Florges|56/100\n|\n|-heal|p1a: Florges|62/100|[from] item: Leftovers\n|upkeep\n|turn|25\n|inactive|Time left: 300 sec this turn | 300 sec total\n|\n|t:|1783558364\n|move|p2a: Duraludon|Flash Cannon|p1a: Florges\n|-supereffective|p1a: Florges\n|-damage|p1a: Florges|18/100\n|-unboost|p1a: Florges|spd|1\n|move|p1a: Florges|Moonblast|p2a: Duraludon\n|-damage|p2a: Duraludon|74/249\n|\n|-heal|p1a: Florges|24/100|[from] item: Leftovers\n|upkeep\n|turn|26\n|inactive|Time left: 300 sec this turn | 300 sec total\n|\n|t:|1783558366\n|switch|p1a: Dusknoir|Dusknoir, L89, F|47/100\n|-item|p2a: Duraludon|Eviolite|[from] ability: Frisk|[of] p1a: Dusknoir\n|move|p2a: Duraludon|Flash Cannon|p1a: Dusknoir\n|-damage|p1a: Dusknoir|16/100\n|\n|-heal|p1a: Dusknoir|22/100|[from] item: Leftovers\n|upkeep\n|turn|27\n|inactive|Time left: 300 sec this turn | 300 sec total\n|\n|t:|1783558367\n|switch|p1a: Hariyama|Hariyama, L87, F|100/100\n|move|p2a: Duraludon|Flash Cannon|p1a: Hariyama\n|-damage|p1a: Hariyama|80/100\n|\n|upkeep\n|turn|28\n|inactive|Time left: 300 sec this turn | 300 sec total\n|\n|t:|1783558368\n|move|p2a: Duraludon|Flash Cannon|p1a: Hariyama\n|-damage|p1a: Hariyama|60/100\n|move|p1a: Hariyama|Knock Off|p2a: Duraludon\n|-damage|p2a: Duraludon|8/249\n|-enditem|p2a: Duraludon|Eviolite|[from] move: Knock Off|[of] p1a: Hariyama\n|\n|upkeep\n|turn|29\n|inactive|Time left: 300 sec this turn | 300 sec total\n|\n|t:|1783558369\n|move|p2a: Duraludon|Draco Meteor|p1a: Hariyama\n|-damage|p1a: Hariyama|25/100\n|-unboost|p2a: Duraludon|spa|2\n|move|p1a: Hariyama|Heavy Slam|p2a: Duraludon\n|-resisted|p2a: Duraludon\n|-damage|p2a: Duraludon|0 fnt\n|faint|p2a: Duraludon\n|\n|upkeep\n|inactive|Time left: 300 sec this turn | 300 sec total | 5 sec grace\n|\n|t:|1783558369\n|switch|p2a: Kilowattrel|Kilowattrel, L83, M|252/252\n|turn|30\n|inactive|Time left: 300 sec this turn | 300 sec total\n|\n|t:|1783558370\n|move|p2a: Kilowattrel|Hurricane|p1a: Hariyama\n|-supereffective|p1a: Hariyama\n|-damage|p1a: Hariyama|0 fnt\n|faint|p1a: Hariyama\n|\n|upkeep\n|\n|t:|1783558371\n|switch|p1a: Mabosstiff|Mabosstiff, L86, M|59/100\n|turn|31\n|inactive|Time left: 300 sec this turn | 300 sec total\n|\n|t:|1783558372\n|move|p1a: Mabosstiff|Crunch|p2a: Kilowattrel\n|-damage|p2a: Kilowattrel|108/252\n|move|p2a: Kilowattrel|Discharge|p1a: Mabosstiff\n|-damage|p1a: Mabosstiff|24/100\n|-status|p1a: Mabosstiff|par\n|\n|upkeep\n|turn|32\n|inactive|Time left: 300 sec this turn | 300 sec total\n|\n|t:|1783558373\n|switch|p1a: Florges|Florges-Orange, L85, F|24/100\n|move|p2a: Kilowattrel|Discharge|p1a: Florges\n|-damage|p1a: Florges|2/100\n|-status|p1a: Florges|par\n|\n|-heal|p1a: Florges|8/100 par|[from] item: Leftovers\n|upkeep\n|turn|33\n|inactive|Time left: 300 sec this turn | 300 sec total\n|\n|t:|1783558373\n|move|p2a: Kilowattrel|Discharge|p1a: Florges\n|-damage|p1a: Florges|0 fnt\n|faint|p1a: Florges\n|\n|upkeep\n|\n|t:|1783558374\n|switch|p1a: Mabosstiff|Mabosstiff, L86, M|24/100 par\n|turn|34\n|inactive|Time left: 300 sec this turn | 300 sec total\n|\n|t:|1783558375\n|move|p2a: Kilowattrel|Discharge|p1a: Mabosstiff\n|-damage|p1a: Mabosstiff|0 fnt\n|faint|p1a: Mabosstiff\n|\n|upkeep\n|\n|t:|1783558376\n|switch|p1a: Lumineon|Lumineon, L93, F|13/100\n|turn|35\n|inactive|Time left: 300 sec this turn | 300 sec total\n|\n|t:|1783558376\n|-terastallize|p2a: Kilowattrel|Steel\n|move|p2a: Kilowattrel|Discharge|p1a: Lumineon\n|-supereffective|p1a: Lumineon\n|-damage|p1a: Lumineon|0 fnt\n|faint|p1a: Lumineon\n|\n|upkeep\n|\n|t:|1783558377\n|switch|p1a: Dusknoir|Dusknoir, L89, F|22/100\n|-item|p2a: Kilowattrel|Heavy-Duty Boots|[from] ability: Frisk|[of] p1a: Dusknoir\n|turn|36\n|inactive|Time left: 300 sec this turn | 300 sec total\n|\n|t:|1783558378\n|-terastallize|p1a: Dusknoir|Fighting\n|move|p2a: Kilowattrel|Discharge|p1a: Dusknoir\n|-damage|p1a: Dusknoir|0 fnt\n|faint|p1a: Dusknoir\n|\n|win|p0y15831b7f", "uploadtime": 1783558378, "views": 0, "rating": 0, "private": 0, "password": null, "_winner": "p0y15831b7f", "_our_name": "p0y15831b7f"}