{"id": "battle-gen9randombattle-2965", "formatid": "gen9randombattle", "format": "[Gen 9] Random Battle", "players": ["p0x2965fade", "p0y2965997e"], "log": "|init|battle\n|title|p0x2965fade vs. p0y2965997e\n|j|\u2606p0x2965fade\n|j|\u2606p0y2965997e\n|t:|1783573157\n|gametype|singles\n|player|p1|p0x2965fade|102|\n|player|p2|p0y2965997e|101|\n|gen|9\n|tier|[Gen 9] Random Battle\n|rule|Species Clause: Limit one of each Pok\u00e9mon\n|rule|HP Percentage Mod: HP is shown in percentages\n|rule|Sleep Clause Mod: Limit one foe put to sleep\n|rule|Illusion Level Mod: Illusion disguises the Pok\u00e9mon's true level\n|\n|t:|1783573157\n|teamsize|p1|6\n|teamsize|p2|6\n|start\n|switch|p1a: Brute Bonnet|Brute Bonnet, L80|100/100\n|switch|p2a: Braviary|Braviary, L85, M|309/309\n|turn|1\n|inactive|Battle timer is ON: inactive players will automatically lose when time's up. (requested by p0x2965fade)\n|inactive|Time left: 300 sec this turn | 300 sec total | 60 sec grace\n|inactive|p0y2965997e also wants the timer to be on.\n|\n|t:|1783573158\n|move|p2a: Braviary|Brave Bird|p1a: Brute Bonnet\n|-supereffective|p1a: Brute Bonnet\n|-damage|p1a: Brute Bonnet|9/100\n|-damage|p2a: Braviary|215/309|[from] Recoil\n|move|p1a: Brute Bonnet|Spore|p2a: Braviary\n|-status|p2a: Braviary|slp|[from] move: Spore\n|\n|-heal|p1a: Brute Bonnet|15/100|[from] item: Leftovers\n|upkeep\n|turn|2\n|inactive|Time left: 300 sec this turn | 300 sec total\n|\n|t:|1783573159\n|switch|p2a: Diancie|Diancie, L82|216/216\n|move|p1a: Brute Bonnet|Crunch|p2a: Diancie\n|-resisted|p2a: Diancie\n|-damage|p2a: Diancie|184/216\n|\n|-heal|p1a: Brute Bonnet|21/100|[from] item: Leftovers\n|-heal|p2a: Diancie|197/216|[from] item: Leftovers\n|upkeep\n|turn|3\n|inactive|Time left: 300 sec this turn | 300 sec total\n|\n|t:|1783573160\n|-end|p1a: Brute Bonnet|Protosynthesis|[silent]\n|switch|p1a: Sandslash|Sandslash-Alola, L88, M|100/100\n|move|p2a: Diancie|Diamond Storm|p1a: Sandslash\n|-damage|p1a: Sandslash|75/100\n|-boost|p2a: Diancie|def|2\n|\n|-heal|p2a: Diancie|210/216|[from] item: Leftovers\n|upkeep\n|turn|4\n|inactive|Time left: 300 sec this turn | 300 sec total\n|\n|t:|1783573161\n|move|p1a: Sandslash|Iron Head|p2a: Diancie\n|-supereffective|p2a: Diancie\n|-damage|p2a: Diancie|78/216\n|move|p2a: Diancie|Body Press|p1a: Sandslash\n|-supereffective|p1a: Sandslash\n|-damage|p1a: Sandslash|0 fnt\n|faint|p1a: Sandslash\n|\n|-heal|p2a: Diancie|91/216|[from] item: Leftovers\n|upkeep\n|\n|t:|1783573162\n|switch|p1a: Sandy Shocks|Sandy Shocks, L80|100/100\n|turn|5\n|inactive|Time left: 300 sec this turn | 300 sec total\n|\n|t:|1783573164\n|move|p1a: Sandy Shocks|Earth Power|p2a: Diancie\n|-supereffective|p2a: Diancie\n|-damage|p2a: Diancie|0 fnt\n|faint|p2a: Diancie\n|\n|upkeep\n|inactive|Time left: 300 sec this turn | 300 sec total | 5 sec grace\n|\n|t:|1783573165\n|switch|p2a: Kyogre|Kyogre, L71|259/259\n|-weather|RainDance|[from] ability: Drizzle|[of] p2a: Kyogre\n|turn|6\n|inactive|Time left: 300 sec this turn | 300 sec total\n|\n|t:|1783573166\n|move|p2a: Kyogre|Water Spout|p1a: Sandy Shocks\n|-supereffective|p1a: Sandy Shocks\n|-damage|p1a: Sandy Shocks|0 fnt\n|faint|p1a: Sandy Shocks\n|-end|p1a: Sandy Shocks|Protosynthesis|[silent]\n|\n|-weather|RainDance|[upkeep]\n|upkeep\n|\n|t:|1783573167\n|switch|p1a: Amoonguss|Amoonguss, L82, F|100/100\n|turn|7\n|inactive|Time left: 300 sec this turn | 300 sec total\n|\n|t:|1783573168\n|move|p2a: Kyogre|Water Spout|p1a: Amoonguss\n|-resisted|p1a: Amoonguss\n|-damage|p1a: Amoonguss|58/100\n|move|p1a: Amoonguss|Giga Drain|p2a: Kyogre\n|-supereffective|p2a: Kyogre\n|-crit|p2a: Kyogre\n|-damage|p2a: Kyogre|107/259\n|-heal|p1a: Amoonguss|82/100|[from] drain|[of] p2a: Kyogre\n|\n|-weather|RainDance|[upkeep]\n|upkeep\n|turn|8\n|inactive|Time left: 300 sec this turn | 300 sec total\n|\n|t:|1783573169\n|switch|p2a: Girafarig|Girafarig, L89, F|269/269\n|move|p1a: Amoonguss|Sludge Bomb|p2a: Girafarig\n|-damage|p2a: Girafarig|209/269\n|-status|p2a: Girafarig|psn\n|\n|-weather|RainDance|[upkeep]\n|-damage|p2a: Girafarig|176/269 psn|[from] psn\n|upkeep\n|turn|9\n|inactive|Time left: 300 sec this turn | 300 sec total\n|\n|t:|1783573170\n|switch|p1a: Dialga|Dialga-Origin, L73|100/100\n|-ability|p1a: Dialga|Pressure\n|move|p2a: Girafarig|Nasty Plot|p2a: Girafarig\n|-boost|p2a: Girafarig|spa|2\n|\n|-weather|RainDance|[upkeep]\n|-damage|p2a: Girafarig|143/269 psn|[from] psn\n|upkeep\n|turn|10\n|inactive|Time left: 300 sec this turn | 300 sec total\n|\n|t:|1783573171\n|move|p2a: Girafarig|Thunderbolt|p1a: Dialga\n|-resisted|p1a: Dialga\n|-damage|p1a: Dialga|78/100\n|-status|p1a: Dialga|par\n|move|p1a: Dialga|Flash Cannon|p2a: Girafarig\n|-damage|p2a: Girafarig|49/269 psn\n|\n|-weather|none\n|-damage|p2a: Girafarig|16/269 psn|[from] psn\n|upkeep\n|turn|11\n|inactive|Time left: 300 sec this turn | 300 sec total\n|\n|t:|1783573172\n|move|p2a: Girafarig|Hyper Voice|p1a: Dialga\n|-resisted|p1a: Dialga\n|-damage|p1a: Dialga|43/100 par\n|move|p1a: Dialga|Stealth Rock|p2a: Girafarig\n|-sidestart|p2: p0y2965997e|move: Stealth Rock\n|\n|-damage|p2a: Girafarig|0 fnt|[from] psn\n|faint|p2a: Girafarig\n|upkeep\n|inactive|Time left: 300 sec this turn | 300 sec total | 5 sec grace\n|\n|t:|1783573173\n|switch|p2a: Latios|Latios, L78, M|253/253\n|-damage|p2a: Latios|222/253|[from] Stealth Rock\n|turn|12\n|inactive|Time left: 300 sec this turn | 300 sec total\n|\n|t:|1783573174\n|move|p2a: Latios|Aura Sphere|p1a: Dialga\n|-supereffective|p1a: Dialga\n|-damage|p1a: Dialga|0 fnt\n|faint|p1a: Dialga\n|\n|upkeep\n|\n|t:|1783573175\n|switch|p1a: Arceus|Arceus-Ghost, L69|100/100\n|turn|13\n|inactive|Time left: 300 sec this turn | 300 sec total\n|\n|t:|1783573176\n|switch|p2a: Braviary|Braviary, L85, M|215/309 slp\n|move|p1a: Arceus|Judgment|p2a: Braviary\n|-immune|p2a: Braviary\n|\n|upkeep\n|turn|14\n|inactive|Time left: 300 sec this turn | 300 sec total\n|\n|t:|1783573177\n|move|p1a: Arceus|Judgment|p2a: Braviary\n|-immune|p2a: Braviary\n|cant|p2a: Braviary|slp\n|\n|upkeep\n|turn|15\n|inactive|Time left: 300 sec this turn | 300 sec total\n|\n|t:|1783573178\n|move|p1a: Arceus|Focus Blast|p2a: Braviary\n|-damage|p2a: Braviary|132/309 slp\n|-curestatus|p2a: Braviary|slp|[msg]\n|move|p2a: Braviary|Bulk Up|p2a: Braviary\n|-boost|p2a: Braviary|atk|1\n|-boost|p2a: Braviary|def|1\n|\n|upkeep\n|turn|16\n|inactive|Time left: 300 sec this turn | 300 sec total\n|\n|t:|1783573179\n|move|p1a: Arceus|Will-O-Wisp|p2a: Braviary\n|-status|p2a: Braviary|brn\n|move|p2a: Braviary|Roost|p2a: Braviary\n|-heal|p2a: Braviary|287/309 brn\n|-singleturn|p2a: Braviary|move: Roost\n|\n|-damage|p2a: Braviary|268/309 brn|[from] brn\n|upkeep\n|turn|17\n|inactive|Time left: 300 sec this turn | 300 sec total\n|\n|t:|1783573180\n|move|p1a: Arceus|Focus Blast|p2a: Braviary\n|-damage|p2a: Braviary|190/309 brn\n|move|p2a: Braviary|Bulk Up|p2a: Braviary\n|-boost|p2a: Braviary|atk|1\n|-boost|p2a: Braviary|def|1\n|\n|-damage|p2a: Braviary|171/309 brn|[from] brn\n|upkeep\n|turn|18\n|inactive|Time left: 300 sec this turn | 300 sec total\n|\n|t:|1783573181\n|move|p1a: Arceus|Focus Blast|p2a: Braviary\n|-damage|p2a: Braviary|98/309 brn\n|move|p2a: Braviary|Roost|p2a: Braviary\n|-heal|p2a: Braviary|253/309 brn\n|-singleturn|p2a: Braviary|move: Roost\n|\n|-damage|p2a: Braviary|234/309 brn|[from] brn\n|upkeep\n|turn|19\n|inactive|Time left: 300 sec this turn | 300 sec total\n|\n|t:|1783573182\n|move|p1a: Arceus|Focus Blast|p2a: Braviary\n|-damage|p2a: Braviary|161/309 brn\n|move|p2a: Braviary|Brave Bird|p1a: Arceus\n|-damage|p1a: Arceus|47/100\n|-damage|p2a: Braviary|111/309 brn|[from] Recoil\n|\n|-damage|p2a: Braviary|92/309 brn|[from] brn\n|upkeep\n|turn|20\n|inactive|Time left: 300 sec this turn | 300 sec total\n|\n|t:|1783573183\n|-terastallize|p1a: Arceus|Fighting\n|move|p1a: Arceus|Focus Blast|p2a: Braviary\n|-damage|p2a: Braviary|0 fnt\n|faint|p2a: Braviary\n|\n|upkeep\n|inactive|Time left: 300 sec this turn | 300 sec total | 5 sec grace\n|\n|t:|1783573184\n|switch|p2a: Tornadus|Tornadus, L82, M|263/263\n|-damage|p2a: Tornadus|198/263|[from] Stealth Rock\n|turn|21\n|inactive|Time left: 300 sec this turn | 300 sec total\n|\n|t:|1783573185\n|move|p2a: Tornadus|Bleakwind Storm|p1a: Arceus\n|-supereffective|p1a: Arceus\n|-damage|p1a: Arceus|0 fnt\n|faint|p1a: Arceus\n|\n|upkeep\n|\n|t:|1783573186\n|switch|p1a: Brute Bonnet|Brute Bonnet, L80|21/100\n|turn|22\n|inactive|Time left: 300 sec this turn | 300 sec total\n|\n|t:|1783573187\n|move|p2a: Tornadus|Bleakwind Storm|p1a: Brute Bonnet\n|-supereffective|p1a: Brute Bonnet\n|-damage|p1a: Brute Bonnet|0 fnt\n|faint|p1a: Brute Bonnet\n|-end|p1a: Brute Bonnet|Protosynthesis|[silent]\n|\n|upkeep\n|\n|t:|1783573187\n|switch|p1a: Amoonguss|Amoonguss, L82, F|100/100\n|turn|23\n|inactive|Time left: 300 sec this turn | 300 sec total\n|\n|t:|1783573188\n|-terastallize|p2a: Tornadus|Fighting\n|move|p2a: Tornadus|Bleakwind Storm|p1a: Amoonguss\n|-supereffective|p1a: Amoonguss\n|-damage|p1a: Amoonguss|0 fnt\n|faint|p1a: Amoonguss\n|\n|win|p0y2965997e", "uploadtime": 1783573188, "views": 0, "rating": 0, "private": 0, "password": null, "_winner": "p0y2965997e", "_our_name": "p0y2965997e"}