{"id": "battle-gen9randombattle-2958", "formatid": "gen9randombattle", "format": "[Gen 9] Random Battle", "players": ["p0x2958b8be", "p0y295818a8"], "log": "|init|battle\n|title|p0x2958b8be vs. p0y295818a8\n|j|\u2606p0x2958b8be\n|j|\u2606p0y295818a8\n|t:|1783573092\n|gametype|singles\n|player|p1|p0x2958b8be|170|\n|player|p2|p0y295818a8|102|\n|gen|9\n|tier|[Gen 9] Random Battle\n|rule|Species Clause: Limit one of each Pok\u00e9mon\n|rule|HP Percentage Mod: HP is shown in percentages\n|rule|Sleep Clause Mod: Limit one foe put to sleep\n|rule|Illusion Level Mod: Illusion disguises the Pok\u00e9mon's true level\n|\n|t:|1783573092\n|teamsize|p1|6\n|teamsize|p2|6\n|start\n|switch|p1a: Cinccino|Cinccino, L83, F|100/100\n|switch|p2a: Ninetales|Ninetales-Alola, L78, F|242/242\n|-weather|Snowscape|[from] ability: Snow Warning|[of] p2a: Ninetales\n|turn|1\n|inactive|Battle timer is ON: inactive players will automatically lose when time's up. (requested by p0y295818a8)\n|inactive|p0x2958b8be also wants the timer to be on.\n|\n|t:|1783573094\n|move|p1a: Cinccino|Tidy Up|p1a: Cinccino\n|-boost|p1a: Cinccino|atk|1\n|-boost|p1a: Cinccino|spe|1\n|move|p2a: Ninetales|Aurora Veil|p2a: Ninetales\n|-sidestart|p2: p0y295818a8|move: Aurora Veil\n|\n|-weather|Snowscape|[upkeep]\n|upkeep\n|turn|2\n|inactive|Time left: 300 sec this turn | 300 sec total\n|\n|t:|1783573095\n|move|p1a: Cinccino|Tidy Up|p1a: Cinccino\n|-boost|p1a: Cinccino|atk|1\n|-boost|p1a: Cinccino|spe|1\n|move|p2a: Ninetales|Moonblast|p1a: Cinccino\n|-damage|p1a: Cinccino|63/100\n|\n|-weather|Snowscape|[upkeep]\n|upkeep\n|turn|3\n|inactive|Time left: 300 sec this turn | 300 sec total\n|\n|t:|1783573096\n|move|p1a: Cinccino|Tail Slap|p2a: Ninetales\n|-damage|p2a: Ninetales|213/242\n|-damage|p2a: Ninetales|180/242\n|-damage|p2a: Ninetales|147/242\n|-damage|p2a: Ninetales|117/242\n|-hitcount|p2a: Ninetales|4\n|move|p2a: Ninetales|Moonblast|p1a: Cinccino\n|-damage|p1a: Cinccino|26/100\n|\n|-weather|Snowscape|[upkeep]\n|upkeep\n|turn|4\n|inactive|Time left: 300 sec this turn | 300 sec total\n|\n|t:|1783573097\n|switch|p2a: Duraludon|Duraludon, L82, F|249/249\n|move|p1a: Cinccino|Tail Slap|p2a: Duraludon\n|-resisted|p2a: Duraludon\n|-damage|p2a: Duraludon|239/249\n|-resisted|p2a: Duraludon\n|-damage|p2a: Duraludon|229/249\n|-resisted|p2a: Duraludon\n|-damage|p2a: Duraludon|219/249\n|-resisted|p2a: Duraludon\n|-damage|p2a: Duraludon|209/249\n|-hitcount|p2a: Duraludon|4\n|\n|-weather|Snowscape|[upkeep]\n|upkeep\n|turn|5\n|inactive|Time left: 300 sec this turn | 300 sec total\n|\n|t:|1783573098\n|move|p1a: Cinccino|Triple Axel|p2a: Duraludon\n|-damage|p2a: Duraludon|197/249\n|-damage|p2a: Duraludon|174/249\n|-damage|p2a: Duraludon|141/249\n|-hitcount|p2a: Duraludon|3\n|move|p2a: Duraludon|Flash Cannon|p1a: Cinccino\n|-damage|p1a: Cinccino|0 fnt\n|faint|p1a: Cinccino\n|\n|-weather|none\n|upkeep\n|\n|t:|1783573099\n|switch|p1a: Sunflora|Sunflora, F|100/100\n|turn|6\n|inactive|Time left: 300 sec this turn | 300 sec total\n|\n|t:|1783573100\n|move|p2a: Duraludon|Thunder Wave|p1a: Sunflora\n|-status|p1a: Sunflora|par\n|cant|p1a: Sunflora|par\n|\n|upkeep\n|turn|7\n|inactive|Time left: 300 sec this turn | 300 sec total\n|\n|t:|1783573101\n|switch|p2a: Bellossom|Bellossom, L84, F|263/263\n|cant|p1a: Sunflora|par\n|\n|upkeep\n|turn|8\n|inactive|Time left: 300 sec this turn | 300 sec total\n|\n|t:|1783573102\n|switch|p1a: Houndoom|Houndoom, L87, M|100/100\n|move|p2a: Bellossom|Quiver Dance|p2a: Bellossom\n|-boost|p2a: Bellossom|spa|1\n|-boost|p2a: Bellossom|spd|1\n|-boost|p2a: Bellossom|spe|1\n|\n|-sideend|p2: p0y295818a8|move: Aurora Veil\n|upkeep\n|turn|9\n|inactive|Time left: 300 sec this turn | 300 sec total\n|\n|t:|1783573103\n|move|p1a: Houndoom|Nasty Plot|p1a: Houndoom\n|-boost|p1a: Houndoom|spa|2\n|move|p2a: Bellossom|Quiver Dance|p2a: Bellossom\n|-boost|p2a: Bellossom|spa|1\n|-boost|p2a: Bellossom|spd|1\n|-boost|p2a: Bellossom|spe|1\n|\n|upkeep\n|turn|10\n|inactive|Time left: 300 sec this turn | 300 sec total\n|\n|t:|1783573104\n|move|p2a: Bellossom|Quiver Dance|p2a: Bellossom\n|-boost|p2a: Bellossom|spa|1\n|-boost|p2a: Bellossom|spd|1\n|-boost|p2a: Bellossom|spe|1\n|move|p1a: Houndoom|Fire Blast|p2a: Bellossom\n|-supereffective|p2a: Bellossom\n|-damage|p2a: Bellossom|57/263\n|\n|-heal|p2a: Bellossom|73/263|[from] item: Leftovers\n|upkeep\n|turn|11\n|inactive|Time left: 300 sec this turn | 300 sec total\n|\n|t:|1783573105\n|-terastallize|p1a: Houndoom|Poison\n|move|p2a: Bellossom|Strength Sap|p1a: Houndoom\n|-unboost|p1a: Houndoom|atk|1\n|-heal|p2a: Bellossom|234/263\n|move|p1a: Houndoom|Sludge Bomb|p2a: Bellossom\n|-supereffective|p2a: Bellossom\n|-damage|p2a: Bellossom|64/263\n|\n|-heal|p2a: Bellossom|80/263|[from] item: Leftovers\n|upkeep\n|turn|12\n|inactive|Time left: 300 sec this turn | 300 sec total\n|\n|t:|1783573105\n|-terastallize|p2a: Bellossom|Fire\n|move|p2a: Bellossom|Strength Sap|p1a: Houndoom\n|-unboost|p1a: Houndoom|atk|1\n|-heal|p2a: Bellossom|187/263\n|move|p1a: Houndoom|Sludge Bomb|p2a: Bellossom\n|-damage|p2a: Bellossom|105/263\n|\n|-heal|p2a: Bellossom|121/263|[from] item: Leftovers\n|upkeep\n|turn|13\n|inactive|Time left: 300 sec this turn | 300 sec total\n|\n|t:|1783573106\n|move|p2a: Bellossom|Giga Drain|p1a: Houndoom\n|-resisted|p1a: Houndoom\n|-damage|p1a: Houndoom|67/100\n|-heal|p2a: Bellossom|166/263|[from] drain|[of] p1a: Houndoom\n|move|p1a: Houndoom|Sludge Bomb|p2a: Bellossom\n|-damage|p2a: Bellossom|78/263\n|\n|-heal|p2a: Bellossom|94/263|[from] item: Leftovers\n|upkeep\n|turn|14\n|inactive|Time left: 300 sec this turn | 300 sec total\n|\n|t:|1783573107\n|move|p2a: Bellossom|Giga Drain|p1a: Houndoom\n|-resisted|p1a: Houndoom\n|-damage|p1a: Houndoom|34/100\n|-heal|p2a: Bellossom|139/263|[from] drain|[of] p1a: Houndoom\n|move|p1a: Houndoom|Sludge Bomb|p2a: Bellossom\n|-damage|p2a: Bellossom|58/263\n|\n|-heal|p2a: Bellossom|74/263|[from] item: Leftovers\n|upkeep\n|turn|15\n|inactive|Time left: 300 sec this turn | 300 sec total\n|\n|t:|1783573108\n|move|p2a: Bellossom|Giga Drain|p1a: Houndoom\n|-resisted|p1a: Houndoom\n|-damage|p1a: Houndoom|0 fnt\n|-heal|p2a: Bellossom|120/263|[from] drain|[of] p1a: Houndoom\n|faint|p1a: Houndoom\n|\n|-heal|p2a: Bellossom|136/263|[from] item: Leftovers\n|upkeep\n|\n|t:|1783573109\n|switch|p1a: Mienshao|Mienshao, L83, F|100/100\n|turn|16\n|inactive|Time left: 300 sec this turn | 300 sec total\n|\n|t:|1783573110\n|move|p1a: Mienshao|Fake Out|p2a: Bellossom\n|-damage|p2a: Bellossom|101/263\n|cant|p2a: Bellossom|flinch\n|\n|-heal|p2a: Bellossom|117/263|[from] item: Leftovers\n|upkeep\n|turn|17\n|inactive|Time left: 300 sec this turn | 300 sec total\n|\n|t:|1783573111\n|move|p2a: Bellossom|Giga Drain|p1a: Mienshao\n|-crit|p1a: Mienshao\n|-damage|p1a: Mienshao|1/100\n|-heal|p2a: Bellossom|239/263|[from] drain|[of] p1a: Mienshao\n|move|p1a: Mienshao|Close Combat|p2a: Bellossom\n|-damage|p2a: Bellossom|89/263\n|-unboost|p1a: Mienshao|def|1\n|-unboost|p1a: Mienshao|spd|1\n|\n|-heal|p2a: Bellossom|105/263|[from] item: Leftovers\n|upkeep\n|turn|18\n|inactive|Time left: 300 sec this turn | 300 sec total\n|\n|t:|1783573111\n|move|p2a: Bellossom|Tera Blast|p1a: Mienshao|[anim] Tera Blast Fire\n|-damage|p1a: Mienshao|0 fnt\n|faint|p1a: Mienshao\n|\n|-heal|p2a: Bellossom|121/263|[from] item: Leftovers\n|upkeep\n|\n|t:|1783573112\n|switch|p1a: Sunflora|Sunflora, F|100/100 par\n|turn|19\n|inactive|Time left: 300 sec this turn | 300 sec total\n|\n|t:|1783573113\n|move|p2a: Bellossom|Tera Blast|p1a: Sunflora|[anim] Tera Blast Fire\n|-supereffective|p1a: Sunflora\n|-damage|p1a: Sunflora|0 fnt\n|faint|p1a: Sunflora\n|\n|-heal|p2a: Bellossom|137/263|[from] item: Leftovers\n|upkeep\n|\n|t:|1783573114\n|switch|p1a: Decidueye|Decidueye, L88, M|100/100\n|turn|20\n|inactive|Time left: 300 sec this turn | 300 sec total\n|\n|t:|1783573115\n|switch|p1a: Froslass|Froslass, L87, F|100/100\n|move|p2a: Bellossom|Tera Blast|p1a: Froslass|[anim] Tera Blast Fire\n|-supereffective|p1a: Froslass\n|-damage|p1a: Froslass|0 fnt\n|-start|p2a: Bellossom|Disable|Tera Blast|[from] ability: Cursed Body|[of] p1a: Froslass\n|faint|p1a: Froslass\n|\n|-heal|p2a: Bellossom|153/263|[from] item: Leftovers\n|upkeep\n|\n|t:|1783573116\n|switch|p1a: Decidueye|Decidueye, L88, M|100/100\n|turn|21\n|inactive|Time left: 300 sec this turn | 300 sec total\n|\n|t:|1783573117\n|move|p1a: Decidueye|Shadow Sneak|p2a: Bellossom\n|-damage|p2a: Bellossom|83/263\n|-damage|p1a: Decidueye|91/100|[from] item: Life Orb\n|move|p2a: Bellossom|Strength Sap|p1a: Decidueye\n|-unboost|p1a: Decidueye|atk|1\n|-heal|p2a: Bellossom|263/263\n|\n|upkeep\n|turn|22\n|inactive|Time left: 300 sec this turn | 300 sec total\n|\n|t:|1783573118\n|move|p1a: Decidueye|Shadow Sneak|p2a: Bellossom\n|-damage|p2a: Bellossom|223/263\n|-damage|p1a: Decidueye|81/100|[from] item: Life Orb\n|move|p2a: Bellossom|Giga Drain|p1a: Decidueye\n|-resisted|p1a: Decidueye\n|-damage|p1a: Decidueye|52/100\n|-heal|p2a: Bellossom|263/263|[from] drain|[of] p1a: Decidueye\n|\n|upkeep\n|turn|23\n|inactive|Time left: 300 sec this turn | 300 sec total\n|\n|t:|1783573119\n|move|p2a: Bellossom|Giga Drain|p1a: Decidueye\n|-resisted|p1a: Decidueye\n|-damage|p1a: Decidueye|24/100\n|move|p1a: Decidueye|Poltergeist|p2a: Bellossom\n|-activate|p2a: Bellossom|move: Poltergeist|Leftovers\n|-damage|p2a: Bellossom|138/263\n|-damage|p1a: Decidueye|14/100|[from] item: Life Orb\n|\n|-heal|p2a: Bellossom|154/263|[from] item: Leftovers\n|-end|p2a: Bellossom|Disable\n|upkeep\n|turn|24\n|inactive|Time left: 300 sec this turn | 300 sec total\n|\n|t:|1783573120\n|move|p2a: Bellossom|Giga Drain|p1a: Decidueye\n|-resisted|p1a: Decidueye\n|-damage|p1a: Decidueye|0 fnt\n|-heal|p2a: Bellossom|173/263|[from] drain|[of] p1a: Decidueye\n|faint|p1a: Decidueye\n|\n|win|p0y295818a8", "uploadtime": 1783573120, "views": 0, "rating": 0, "private": 0, "password": null, "_winner": "p0y295818a8", "_our_name": "p0y295818a8"}