{"id": "battle-gen9randombattle-2531", "formatid": "gen9randombattle", "format": "[Gen 9] Random Battle", "players": ["p0x25319321", "p0y25312303"], "log": "|init|battle\n|title|p0x25319321 vs. p0y25312303\n|j|\u2606p0x25319321\n|j|\u2606p0y25312303\n|t:|1783569295\n|gametype|singles\n|player|p1|p0x25319321|266|\n|player|p2|p0y25312303|170|\n|gen|9\n|tier|[Gen 9] Random Battle\n|rule|Species Clause: Limit one of each Pok\u00e9mon\n|rule|HP Percentage Mod: HP is shown in percentages\n|rule|Sleep Clause Mod: Limit one foe put to sleep\n|rule|Illusion Level Mod: Illusion disguises the Pok\u00e9mon's true level\n|\n|t:|1783569295\n|teamsize|p1|6\n|teamsize|p2|6\n|start\n|switch|p1a: Mightyena|Mightyena, L96, F|100/100\n|switch|p2a: Hawlucha|Hawlucha, L80, F|256/256\n|-ability|p1a: Mightyena|Intimidate|boost\n|-unboost|p2a: Hawlucha|atk|1\n|-enditem|p2a: Hawlucha|White Herb\n|-clearnegativeboost|p2a: Hawlucha|[silent]\n|turn|1\n|inactive|Battle timer is ON: inactive players will automatically lose when time's up. (requested by p0y25312303)\n|inactive|p0x25319321 also wants the timer to be on.\n|\n|t:|1783569297\n|switch|p2a: Zacian|Zacian-Crowned, L64|225/225\n|-ability|p2a: Zacian|Intrepid Sword|boost\n|-boost|p2a: Zacian|atk|1\n|move|p1a: Mightyena|Play Rough|p2a: Zacian\n|-resisted|p2a: Zacian\n|-damage|p2a: Zacian|186/225\n|\n|upkeep\n|turn|2\n|inactive|Time left: 300 sec this turn | 300 sec total\n|\n|t:|1783569298\n|switch|p1a: Iron Crown|Iron Crown, L78|100/100\n|move|p2a: Zacian|Play Rough|p1a: Iron Crown\n|-resisted|p1a: Iron Crown\n|-damage|p1a: Iron Crown|80/100\n|\n|-heal|p1a: Iron Crown|86/100|[from] item: Leftovers\n|upkeep\n|turn|3\n|inactive|Time left: 300 sec this turn | 300 sec total\n|\n|t:|1783569299\n|move|p2a: Zacian|Swords Dance|p2a: Zacian\n|-boost|p2a: Zacian|atk|2\n|move|p1a: Iron Crown|Tachyon Cutter|p2a: Zacian\n|-damage|p2a: Zacian|123/225\n|-damage|p2a: Zacian|66/225\n|-hitcount|p2a: Zacian|2\n|\n|-heal|p1a: Iron Crown|92/100|[from] item: Leftovers\n|upkeep\n|turn|4\n|inactive|Time left: 300 sec this turn | 300 sec total\n|\n|t:|1783569300\n|-terastallize|p2a: Zacian|Fighting\n|move|p2a: Zacian|Close Combat|p1a: Iron Crown\n|-damage|p1a: Iron Crown|0 fnt\n|-unboost|p2a: Zacian|def|1\n|-unboost|p2a: Zacian|spd|1\n|faint|p1a: Iron Crown\n|-end|p1a: Iron Crown|Quark Drive|[silent]\n|\n|upkeep\n|\n|t:|1783569301\n|switch|p1a: Calyrex|Calyrex, L93|100/100\n|-ability|p1a: Calyrex|Unnerve\n|turn|5\n|inactive|Time left: 300 sec this turn | 300 sec total\n|\n|t:|1783569302\n|move|p2a: Zacian|Behemoth Blade|p1a: Calyrex\n|-damage|p1a: Calyrex|36/100\n|move|p1a: Calyrex|Giga Drain|p2a: Zacian\n|-damage|p2a: Zacian|0 fnt\n|-heal|p1a: Calyrex|46/100|[from] drain|[of] p2a: Zacian\n|faint|p2a: Zacian\n|\n|-heal|p1a: Calyrex|52/100|[from] item: Leftovers\n|upkeep\n|inactive|Time left: 300 sec this turn | 300 sec total | 5 sec grace\n|\n|t:|1783569304\n|switch|p2a: Spiritomb|Spiritomb, L89, F|234/234\n|turn|6\n|inactive|Time left: 300 sec this turn | 300 sec total\n|\n|t:|1783569305\n|switch|p1a: Iron Thorns|Iron Thorns, L83|100/100\n|move|p2a: Spiritomb|Poltergeist|p1a: Iron Thorns\n|-activate|p1a: Iron Thorns|move: Poltergeist|Choice Band\n|-damage|p1a: Iron Thorns|62/100\n|\n|upkeep\n|turn|7\n|inactive|Time left: 300 sec this turn | 300 sec total\n|\n|t:|1783569306\n|move|p1a: Iron Thorns|Stone Edge|p2a: Spiritomb|[miss]\n|-miss|p1a: Iron Thorns|p2a: Spiritomb\n|move|p2a: Spiritomb|Will-O-Wisp|p1a: Iron Thorns\n|-status|p1a: Iron Thorns|brn\n|\n|-damage|p1a: Iron Thorns|56/100 brn|[from] brn\n|upkeep\n|turn|8\n|inactive|Time left: 300 sec this turn | 300 sec total\n|\n|t:|1783569307\n|move|p1a: Iron Thorns|Stone Edge|p2a: Spiritomb\n|-damage|p2a: Spiritomb|156/234\n|move|p2a: Spiritomb|Will-O-Wisp|p1a: Iron Thorns\n|-fail|p1a: Iron Thorns|brn\n|\n|-heal|p2a: Spiritomb|170/234|[from] item: Leftovers\n|-damage|p1a: Iron Thorns|50/100 brn|[from] brn\n|upkeep\n|turn|9\n|inactive|Time left: 300 sec this turn | 300 sec total\n|\n|t:|1783569308\n|move|p1a: Iron Thorns|Stone Edge|p2a: Spiritomb\n|-damage|p2a: Spiritomb|86/234\n|move|p2a: Spiritomb|Poltergeist|p1a: Iron Thorns\n|-activate|p1a: Iron Thorns|move: Poltergeist|Choice Band\n|-damage|p1a: Iron Thorns|13/100 brn\n|\n|-heal|p2a: Spiritomb|100/234|[from] item: Leftovers\n|-damage|p1a: Iron Thorns|7/100 brn|[from] brn\n|upkeep\n|turn|10\n|inactive|Time left: 300 sec this turn | 300 sec total\n|\n|t:|1783569309\n|move|p2a: Spiritomb|Shadow Sneak|p1a: Iron Thorns\n|-damage|p1a: Iron Thorns|0 fnt\n|faint|p1a: Iron Thorns\n|-end|p1a: Iron Thorns|Quark Drive|[silent]\n|\n|-heal|p2a: Spiritomb|114/234|[from] item: Leftovers\n|upkeep\n|\n|t:|1783569310\n|switch|p1a: Lurantis|Lurantis, L87, M|100/100\n|turn|11\n|inactive|Time left: 300 sec this turn | 300 sec total\n|\n|t:|1783569311\n|move|p1a: Lurantis|Leaf Storm|p2a: Spiritomb\n|-damage|p2a: Spiritomb|17/234\n|-boost|p1a: Lurantis|spa|2\n|move|p2a: Spiritomb|Will-O-Wisp|p1a: Lurantis\n|-status|p1a: Lurantis|brn\n|\n|-heal|p2a: Spiritomb|31/234|[from] item: Leftovers\n|-damage|p1a: Lurantis|94/100 brn|[from] brn\n|upkeep\n|turn|12\n|inactive|Time left: 300 sec this turn | 300 sec total\n|\n|t:|1783569312\n|switch|p2a: Amoonguss|Amoonguss, L82, F|321/321\n|move|p1a: Lurantis|Leaf Storm|p2a: Amoonguss\n|-resisted|p2a: Amoonguss\n|-damage|p2a: Amoonguss|250/321\n|-boost|p1a: Lurantis|spa|2\n|\n|-heal|p1a: Lurantis|100/100 brn|[from] item: Leftovers\n|-damage|p1a: Lurantis|94/100 brn|[from] brn\n|upkeep\n|turn|13\n|inactive|Time left: 300 sec this turn | 300 sec total\n|\n|t:|1783569313\n|move|p1a: Lurantis|Leaf Storm|p2a: Amoonguss\n|-resisted|p2a: Amoonguss\n|-damage|p2a: Amoonguss|138/321\n|-boost|p1a: Lurantis|spa|2\n|move|p2a: Amoonguss|Sludge Bomb|p1a: Lurantis\n|-supereffective|p1a: Lurantis\n|-damage|p1a: Lurantis|32/100 brn\n|\n|-heal|p1a: Lurantis|38/100 brn|[from] item: Leftovers\n|-damage|p1a: Lurantis|32/100 brn|[from] brn\n|upkeep\n|turn|14\n|inactive|Time left: 300 sec this turn | 300 sec total\n|\n|t:|1783569314\n|move|p1a: Lurantis|Leaf Storm|p2a: Amoonguss\n|-resisted|p2a: Amoonguss\n|-damage|p2a: Amoonguss|0 fnt\n|faint|p2a: Amoonguss\n|\n|-heal|p1a: Lurantis|38/100 brn|[from] item: Leftovers\n|-damage|p1a: Lurantis|32/100 brn|[from] brn\n|upkeep\n|inactive|Time left: 300 sec this turn | 300 sec total | 5 sec grace\n|\n|t:|1783569315\n|switch|p2a: Hawlucha|Hawlucha, L80, F|256/256\n|turn|15\n|inactive|Time left: 300 sec this turn | 300 sec total\n|\n|t:|1783569315\n|move|p2a: Hawlucha|Acrobatics|p1a: Lurantis\n|-supereffective|p1a: Lurantis\n|-damage|p1a: Lurantis|0 fnt\n|faint|p1a: Lurantis\n|\n|upkeep\n|\n|t:|1783569316\n|switch|p1a: Drifblim|Drifblim, L86, F|100/100\n|turn|16\n|inactive|Time left: 300 sec this turn | 300 sec total\n|\n|t:|1783569317\n|move|p2a: Hawlucha|Swords Dance|p2a: Hawlucha\n|-boost|p2a: Hawlucha|atk|2\n|move|p1a: Drifblim|Calm Mind|p1a: Drifblim\n|-boost|p1a: Drifblim|spa|1\n|-boost|p1a: Drifblim|spd|1\n|\n|upkeep\n|turn|17\n|inactive|Time left: 300 sec this turn | 300 sec total\n|\n|t:|1783569318\n|move|p2a: Hawlucha|Stone Edge|p1a: Drifblim\n|-supereffective|p1a: Drifblim\n|-damage|p1a: Drifblim|7/100\n|-enditem|p1a: Drifblim|Sitrus Berry|[eat]\n|-heal|p1a: Drifblim|32/100|[from] item: Sitrus Berry\n|move|p1a: Drifblim|Air Slash|p2a: Hawlucha\n|-supereffective|p2a: Hawlucha\n|-damage|p2a: Hawlucha|0 fnt\n|faint|p2a: Hawlucha\n|\n|upkeep\n|inactive|Time left: 300 sec this turn | 300 sec total | 5 sec grace\n|\n|t:|1783569319\n|switch|p2a: Piloswine|Piloswine, L85, M|309/309\n|turn|18\n|inactive|Time left: 300 sec this turn | 300 sec total\n|\n|t:|1783569320\n|-terastallize|p1a: Drifblim|Fairy\n|move|p2a: Piloswine|Ice Shard|p1a: Drifblim\n|-damage|p1a: Drifblim|13/100\n|move|p1a: Drifblim|Strength Sap|p2a: Piloswine\n|-unboost|p2a: Piloswine|atk|1\n|-heal|p1a: Drifblim|68/100\n|\n|upkeep\n|turn|19\n|inactive|Time left: 300 sec this turn | 300 sec total\n|\n|t:|1783569320\n|move|p1a: Drifblim|Air Slash|p2a: Piloswine\n|-damage|p2a: Piloswine|215/309\n|cant|p2a: Piloswine|flinch\n|\n|upkeep\n|turn|20\n|inactive|Time left: 300 sec this turn | 300 sec total\n|\n|t:|1783569321\n|move|p1a: Drifblim|Strength Sap|p2a: Piloswine\n|-unboost|p2a: Piloswine|atk|1\n|-heal|p1a: Drifblim|100/100\n|move|p2a: Piloswine|Roar|p1a: Drifblim\n|drag|p1a: Calyrex|Calyrex, L93|52/100\n|-ability|p1a: Calyrex|Unnerve\n|\n|-heal|p1a: Calyrex|59/100|[from] item: Leftovers\n|upkeep\n|turn|21\n|inactive|Time left: 300 sec this turn | 300 sec total\n|\n|t:|1783569322\n|switch|p2a: Zapdos|Zapdos-Galar, L77|265/265\n|move|p1a: Calyrex|Giga Drain|p2a: Zapdos\n|-resisted|p2a: Zapdos\n|-damage|p2a: Zapdos|223/265\n|-heal|p1a: Calyrex|65/100|[from] drain|[of] p2a: Zapdos\n|\n|-heal|p1a: Calyrex|71/100|[from] item: Leftovers\n|upkeep\n|turn|22\n|inactive|Time left: 300 sec this turn | 300 sec total\n|\n|t:|1783569323\n|move|p1a: Calyrex|Psychic|p2a: Zapdos\n|-supereffective|p2a: Zapdos\n|-damage|p2a: Zapdos|23/265\n|-unboost|p2a: Zapdos|spd|1\n|-ability|p2a: Zapdos|Defiant|boost\n|-boost|p2a: Zapdos|atk|2\n|move|p2a: Zapdos|Brave Bird|p1a: Calyrex\n|-supereffective|p1a: Calyrex\n|-damage|p1a: Calyrex|0 fnt\n|faint|p1a: Calyrex\n|-damage|p2a: Zapdos|0 fnt|[from] Recoil\n|faint|p2a: Zapdos\n|\n|upkeep\n|inactive|Time left: 300 sec this turn | 300 sec total | 5 sec grace\n|\n|t:|1783569325\n|switch|p1a: Drifblim|Drifblim, L86, F, tera:Fairy|100/100\n|switch|p2a: Piloswine|Piloswine, L85, M|215/309\n|turn|23\n|inactive|Time left: 300 sec this turn | 300 sec total\n|\n|t:|1783569326\n|move|p1a: Drifblim|Calm Mind|p1a: Drifblim\n|-boost|p1a: Drifblim|spa|1\n|-boost|p1a: Drifblim|spd|1\n|move|p2a: Piloswine|Icicle Crash|p1a: Drifblim\n|-damage|p1a: Drifblim|59/100\n|\n|upkeep\n|turn|24\n|inactive|Time left: 300 sec this turn | 300 sec total\n|\n|t:|1783569327\n|move|p1a: Drifblim|Strength Sap|p2a: Piloswine\n|-unboost|p2a: Piloswine|atk|1\n|-heal|p1a: Drifblim|100/100\n|move|p2a: Piloswine|Earthquake|p1a: Drifblim\n|-damage|p1a: Drifblim|73/100\n|\n|upkeep\n|turn|25\n|inactive|Time left: 300 sec this turn | 300 sec total\n|\n|t:|1783569328\n|move|p1a: Drifblim|Shadow Ball|p2a: Piloswine\n|-damage|p2a: Piloswine|98/309\n|move|p2a: Piloswine|Roar|p1a: Drifblim\n|drag|p1a: Mightyena|Mightyena, L96, F|100/100\n|-ability|p1a: Mightyena|Intimidate|boost\n|-unboost|p2a: Piloswine|atk|1\n|\n|upkeep\n|turn|26\n|inactive|Time left: 300 sec this turn | 300 sec total\n|\n|t:|1783569329\n|move|p1a: Mightyena|Crunch|p2a: Piloswine\n|-damage|p2a: Piloswine|25/309\n|move|p2a: Piloswine|Icicle Crash|p1a: Mightyena\n|-damage|p1a: Mightyena|84/100\n|\n|upkeep\n|turn|27\n|inactive|Time left: 300 sec this turn | 300 sec total\n|\n|t:|1783569330\n|move|p1a: Mightyena|Crunch|p2a: Piloswine\n|-damage|p2a: Piloswine|0 fnt\n|faint|p2a: Piloswine\n|\n|upkeep\n|inactive|Time left: 300 sec this turn | 300 sec total | 5 sec grace\n|\n|t:|1783569331\n|switch|p2a: Spiritomb|Spiritomb, L89, F|31/234\n|turn|28\n|inactive|Time left: 300 sec this turn | 300 sec total\n|\n|t:|1783569332\n|move|p1a: Mightyena|Crunch|p2a: Spiritomb\n|-damage|p2a: Spiritomb|0 fnt\n|faint|p2a: Spiritomb\n|\n|win|p0x25319321", "uploadtime": 1783569332, "views": 0, "rating": 0, "private": 0, "password": null, "_winner": "p0x25319321", "_our_name": "p0y25312303"}