{"id": "battle-gen9randombattle-222", "formatid": "gen9randombattle", "format": "[Gen 9] Random Battle", "players": ["p0x222fdc0", "p0y222c6f5"], "log": "|init|battle\n|title|p0x222fdc0 vs. p0y222c6f5\n|j|\u2606p0x222fdc0\n|j|\u2606p0y222c6f5\n|t:|1783541665\n|gametype|singles\n|player|p1|p0x222fdc0|265|\n|player|p2|p0y222c6f5|1|\n|gen|9\n|tier|[Gen 9] Random Battle\n|rule|Species Clause: Limit one of each Pok\u00e9mon\n|rule|HP Percentage Mod: HP is shown in percentages\n|rule|Sleep Clause Mod: Limit one foe put to sleep\n|rule|Illusion Level Mod: Illusion disguises the Pok\u00e9mon's true level\n|\n|t:|1783541665\n|teamsize|p1|6\n|teamsize|p2|6\n|start\n|switch|p1a: Chi-Yu|Chi-Yu, L77|211/211\n|switch|p2a: Cryogonal|Cryogonal, L89|100/100\n|-ability|p1a: Chi-Yu|Beads of Ruin\n|turn|1\n|inactive|Battle timer is ON: inactive players will automatically lose when time's up. (requested by p0x222fdc0)\n|inactive|p0y222c6f5 also wants the timer to be on.\n|\n|t:|1783541667\n|move|p2a: Cryogonal|Rapid Spin|p1a: Chi-Yu\n|-damage|p1a: Chi-Yu|180/211\n|-boost|p2a: Cryogonal|spe|1\n|move|p1a: Chi-Yu|Fire Blast|p2a: Cryogonal\n|-supereffective|p2a: Cryogonal\n|-damage|p2a: Cryogonal|19/100\n|\n|upkeep\n|turn|2\n|inactive|Time left: 300 sec this turn | 300 sec total\n|\n|t:|1783541668\n|move|p2a: Cryogonal|Recover|p2a: Cryogonal\n|-heal|p2a: Cryogonal|69/100\n|move|p1a: Chi-Yu|Fire Blast|p2a: Cryogonal\n|-supereffective|p2a: Cryogonal\n|-crit|p2a: Cryogonal\n|-damage|p2a: Cryogonal|0 fnt\n|faint|p2a: Cryogonal\n|\n|upkeep\n|\n|t:|1783541669\n|switch|p2a: Jirachi|Jirachi, L80|100/100\n|turn|3\n|inactive|Time left: 300 sec this turn | 300 sec total\n|\n|t:|1783541670\n|move|p2a: Jirachi|Iron Head|p1a: Chi-Yu\n|-resisted|p1a: Chi-Yu\n|-damage|p1a: Chi-Yu|132/211\n|cant|p1a: Chi-Yu|flinch\n|\n|upkeep\n|turn|4\n|inactive|Time left: 300 sec this turn | 300 sec total\n|\n|t:|1783541671\n|-terastallize|p2a: Jirachi|Fighting\n|move|p2a: Jirachi|Drain Punch|p1a: Chi-Yu\n|-supereffective|p1a: Chi-Yu\n|-damage|p1a: Chi-Yu|0 fnt\n|faint|p1a: Chi-Yu\n|\n|upkeep\n|inactive|Time left: 300 sec this turn | 300 sec total | 5 sec grace\n|\n|t:|1783541673\n|switch|p1a: Okidogi|Okidogi, L77, M|262/262\n|turn|5\n|inactive|Time left: 300 sec this turn | 300 sec total\n|\n|t:|1783541674\n|move|p2a: Jirachi|Iron Head|p1a: Okidogi\n|-damage|p1a: Okidogi|184/262\n|move|p1a: Okidogi|Knock Off|p2a: Jirachi\n|-resisted|p2a: Jirachi\n|-damage|p2a: Jirachi|88/100\n|-enditem|p2a: Jirachi|Leftovers|[from] move: Knock Off|[of] p1a: Okidogi\n|\n|-heal|p1a: Okidogi|200/262|[from] item: Leftovers\n|upkeep\n|turn|6\n|inactive|Time left: 300 sec this turn | 300 sec total\n|\n|t:|1783541675\n|move|p2a: Jirachi|Iron Head|p1a: Okidogi\n|-damage|p1a: Okidogi|131/262\n|move|p1a: Okidogi|Drain Punch|p2a: Jirachi\n|-damage|p2a: Jirachi|59/100\n|-heal|p1a: Okidogi|174/262|[from] drain|[of] p2a: Jirachi\n|\n|-heal|p1a: Okidogi|190/262|[from] item: Leftovers\n|upkeep\n|turn|7\n|inactive|Time left: 300 sec this turn | 300 sec total\n|\n|t:|1783541676\n|move|p2a: Jirachi|Iron Head|p1a: Okidogi\n|-damage|p1a: Okidogi|123/262\n|move|p1a: Okidogi|Drain Punch|p2a: Jirachi\n|-damage|p2a: Jirachi|34/100\n|-heal|p1a: Okidogi|160/262|[from] drain|[of] p2a: Jirachi\n|\n|-heal|p1a: Okidogi|176/262|[from] item: Leftovers\n|upkeep\n|turn|8\n|inactive|Time left: 300 sec this turn | 300 sec total\n|\n|t:|1783541677\n|move|p2a: Jirachi|Iron Head|p1a: Okidogi\n|-damage|p1a: Okidogi|104/262\n|move|p1a: Okidogi|Drain Punch|p2a: Jirachi\n|-damage|p2a: Jirachi|7/100\n|-heal|p1a: Okidogi|144/262|[from] drain|[of] p2a: Jirachi\n|-status|p2a: Jirachi|tox|[from] ability: Toxic Chain|[of] p1a: Okidogi\n|\n|-heal|p1a: Okidogi|160/262|[from] item: Leftovers\n|-damage|p2a: Jirachi|1/100 tox|[from] psn\n|upkeep\n|turn|9\n|inactive|Time left: 300 sec this turn | 300 sec total\n|\n|t:|1783541678\n|move|p2a: Jirachi|Stealth Rock|p1a: Okidogi\n|-sidestart|p1: p0x222fdc0|move: Stealth Rock\n|move|p1a: Okidogi|Bulk Up|p1a: Okidogi\n|-boost|p1a: Okidogi|atk|1\n|-boost|p1a: Okidogi|def|1\n|\n|-heal|p1a: Okidogi|176/262|[from] item: Leftovers\n|-damage|p2a: Jirachi|0 fnt|[from] psn\n|faint|p2a: Jirachi\n|upkeep\n|\n|t:|1783541679\n|switch|p2a: Kilowattrel|Kilowattrel, L83, F|100/100\n|turn|10\n|inactive|Time left: 300 sec this turn | 300 sec total\n|\n|t:|1783541680\n|-terastallize|p1a: Okidogi|Dark\n|move|p2a: Kilowattrel|Hurricane|p1a: Okidogi\n|-damage|p1a: Okidogi|31/262\n|move|p1a: Okidogi|Gunk Shot|p2a: Kilowattrel|[miss]\n|-miss|p1a: Okidogi|p2a: Kilowattrel\n|\n|-heal|p1a: Okidogi|47/262|[from] item: Leftovers\n|upkeep\n|turn|11\n|inactive|Time left: 300 sec this turn | 300 sec total\n|\n|t:|1783541681\n|switch|p1a: Arceus|Arceus-Electric, L70|284/284\n|-damage|p1a: Arceus|249/284|[from] Stealth Rock\n|move|p2a: Kilowattrel|Discharge|p1a: Arceus\n|-resisted|p1a: Arceus\n|-damage|p1a: Arceus|210/284\n|\n|upkeep\n|turn|12\n|inactive|Time left: 300 sec this turn | 300 sec total\n|\n|t:|1783541683\n|switch|p2a: Umbreon|Umbreon, L84, M|100/100\n|move|p1a: Arceus|Ice Beam|p2a: Umbreon\n|-damage|p2a: Umbreon|88/100\n|\n|-heal|p2a: Umbreon|94/100|[from] item: Leftovers\n|upkeep\n|turn|13\n|inactive|Time left: 300 sec this turn | 300 sec total\n|\n|t:|1783541684\n|move|p1a: Arceus|Calm Mind|p1a: Arceus\n|-boost|p1a: Arceus|spa|1\n|-boost|p1a: Arceus|spd|1\n|move|p2a: Umbreon|Toxic|p1a: Arceus\n|-status|p1a: Arceus|tox\n|\n|-heal|p2a: Umbreon|99/100|[from] item: Leftovers\n|-damage|p1a: Arceus|193/284 tox|[from] psn\n|upkeep\n|turn|14\n|inactive|Time left: 300 sec this turn | 300 sec total\n|\n|t:|1783541685\n|move|p1a: Arceus|Judgment|p2a: Umbreon\n|-damage|p2a: Umbreon|60/100\n|move|p2a: Umbreon|Foul Play|p1a: Arceus\n|-damage|p1a: Arceus|115/284 tox\n|\n|-heal|p2a: Umbreon|66/100|[from] item: Leftovers\n|-damage|p1a: Arceus|81/284 tox|[from] psn\n|upkeep\n|turn|15\n|inactive|Time left: 300 sec this turn | 300 sec total\n|\n|t:|1783541686\n|move|p1a: Arceus|Recover|p1a: Arceus\n|-heal|p1a: Arceus|223/284 tox\n|move|p2a: Umbreon|Foul Play|p1a: Arceus\n|-damage|p1a: Arceus|142/284 tox\n|\n|-heal|p2a: Umbreon|72/100|[from] item: Leftovers\n|-damage|p1a: Arceus|91/284 tox|[from] psn\n|upkeep\n|turn|16\n|inactive|Time left: 300 sec this turn | 300 sec total\n|\n|t:|1783541687\n|move|p1a: Arceus|Recover|p1a: Arceus\n|-heal|p1a: Arceus|233/284 tox\n|move|p2a: Umbreon|Foul Play|p1a: Arceus\n|-damage|p1a: Arceus|151/284 tox\n|\n|-heal|p2a: Umbreon|78/100|[from] item: Leftovers\n|-damage|p1a: Arceus|83/284 tox|[from] psn\n|upkeep\n|turn|17\n|inactive|Time left: 300 sec this turn | 300 sec total\n|\n|t:|1783541688\n|move|p1a: Arceus|Recover|p1a: Arceus\n|-heal|p1a: Arceus|225/284 tox\n|move|p2a: Umbreon|Foul Play|p1a: Arceus\n|-damage|p1a: Arceus|149/284 tox\n|\n|-heal|p2a: Umbreon|84/100|[from] item: Leftovers\n|-damage|p1a: Arceus|64/284 tox|[from] psn\n|upkeep\n|turn|18\n|inactive|Time left: 300 sec this turn | 300 sec total\n|\n|t:|1783541689\n|move|p1a: Arceus|Ice Beam|p2a: Umbreon\n|-damage|p2a: Umbreon|63/100\n|move|p2a: Umbreon|Foul Play|p1a: Arceus\n|-damage|p1a: Arceus|0 fnt\n|faint|p1a: Arceus\n|\n|-heal|p2a: Umbreon|69/100|[from] item: Leftovers\n|upkeep\n|inactive|Time left: 300 sec this turn | 300 sec total | 5 sec grace\n|\n|t:|1783541689\n|switch|p1a: Okidogi|Okidogi, L77, M, tera:Dark|47/262\n|-damage|p1a: Okidogi|15/262|[from] Stealth Rock\n|turn|19\n|inactive|Time left: 300 sec this turn | 300 sec total\n|\n|t:|1783541690\n|switch|p2a: Kilowattrel|Kilowattrel, L83, F|100/100\n|move|p1a: Okidogi|Drain Punch|p2a: Kilowattrel\n|-resisted|p2a: Kilowattrel\n|-damage|p2a: Kilowattrel|79/100\n|-heal|p1a: Okidogi|42/262|[from] drain|[of] p2a: Kilowattrel\n|\n|-heal|p1a: Okidogi|58/262|[from] item: Leftovers\n|upkeep\n|turn|20\n|inactive|Time left: 300 sec this turn | 300 sec total\n|\n|t:|1783541691\n|switch|p1a: Chesnaught|Chesnaught, L84, M|285/285\n|-damage|p1a: Chesnaught|268/285|[from] Stealth Rock\n|move|p2a: Kilowattrel|Discharge|p1a: Chesnaught\n|-resisted|p1a: Chesnaught\n|-damage|p1a: Chesnaught|215/285\n|\n|-heal|p1a: Chesnaught|232/285|[from] item: Leftovers\n|upkeep\n|turn|21\n|inactive|Time left: 300 sec this turn | 300 sec total\n|\n|t:|1783541692\n|switch|p1a: Comfey|Comfey, L85, F|225/225\n|-damage|p1a: Comfey|197/225|[from] Stealth Rock\n|move|p2a: Kilowattrel|Hurricane|p1a: Comfey|[miss]\n|-miss|p2a: Kilowattrel|p1a: Comfey\n|\n|-heal|p1a: Comfey|211/225|[from] item: Leftovers\n|upkeep\n|turn|22\n|inactive|Time left: 300 sec this turn | 300 sec total\n|\n|t:|1783541693\n|move|p2a: Kilowattrel|Discharge|p1a: Comfey\n|-damage|p1a: Comfey|130/225\n|-status|p1a: Comfey|par\n|move|p1a: Comfey|Calm Mind|p1a: Comfey\n|-boost|p1a: Comfey|spa|1\n|-boost|p1a: Comfey|spd|1\n|\n|-heal|p1a: Comfey|144/225 par|[from] item: Leftovers\n|upkeep\n|turn|23\n|inactive|Time left: 300 sec this turn | 300 sec total\n|\n|t:|1783541694\n|move|p2a: Kilowattrel|Hurricane|p1a: Comfey|[miss]\n|-miss|p2a: Kilowattrel|p1a: Comfey\n|move|p1a: Comfey|Calm Mind|p1a: Comfey\n|-boost|p1a: Comfey|spa|1\n|-boost|p1a: Comfey|spd|1\n|\n|-heal|p1a: Comfey|158/225 par|[from] item: Leftovers\n|upkeep\n|turn|24\n|inactive|Time left: 300 sec this turn | 300 sec total\n|\n|t:|1783541695\n|switch|p2a: Meganium|Meganium, L90, M|100/100\n|move|p1a: Comfey|Draining Kiss|p2a: Meganium\n|-damage|p2a: Meganium|74/100\n|-heal|p1a: Comfey|215/225 par|[from] drain|[of] p2a: Meganium\n|\n|-heal|p2a: Meganium|80/100|[from] item: Leftovers\n|-heal|p1a: Comfey|225/225 par|[from] item: Leftovers\n|upkeep\n|turn|25\n|inactive|Time left: 300 sec this turn | 300 sec total\n|\n|t:|1783541696\n|move|p2a: Meganium|Encore|p1a: Comfey\n|-start|p1a: Comfey|Encore\n|cant|p1a: Comfey|par\n|\n|-heal|p2a: Meganium|87/100|[from] item: Leftovers\n|upkeep\n|turn|26\n|inactive|Time left: 300 sec this turn | 300 sec total\n|\n|t:|1783541697\n|move|p1a: Comfey|Draining Kiss|p2a: Meganium\n|-damage|p2a: Meganium|58/100\n|move|p2a: Meganium|Synthesis|p2a: Meganium\n|-heal|p2a: Meganium|100/100\n|\n|upkeep\n|turn|27\n|inactive|Time left: 300 sec this turn | 300 sec total\n|\n|t:|1783541698\n|move|p1a: Comfey|Draining Kiss|p2a: Meganium\n|-damage|p2a: Meganium|74/100\n|move|p2a: Meganium|Knock Off|p1a: Comfey\n|-resisted|p1a: Comfey\n|-damage|p1a: Comfey|190/225 par\n|-enditem|p1a: Comfey|Leftovers|[from] move: Knock Off|[of] p2a: Meganium\n|\n|-heal|p2a: Meganium|80/100|[from] item: Leftovers\n|-end|p1a: Comfey|Encore\n|upkeep\n|turn|28\n|inactive|Time left: 300 sec this turn | 300 sec total\n|\n|t:|1783541700\n|move|p2a: Meganium|Encore|p1a: Comfey\n|-start|p1a: Comfey|Encore\n|move|p1a: Comfey|Draining Kiss|p2a: Meganium\n|-damage|p2a: Meganium|50/100\n|-heal|p1a: Comfey|225/225 par|[from] drain|[of] p2a: Meganium\n|\n|-heal|p2a: Meganium|57/100|[from] item: Leftovers\n|upkeep\n|turn|29\n|inactive|Time left: 300 sec this turn | 300 sec total\n|\n|t:|1783541701\n|move|p1a: Comfey|Draining Kiss|p2a: Meganium\n|-damage|p2a: Meganium|29/100\n|move|p2a: Meganium|Synthesis|p2a: Meganium\n|-heal|p2a: Meganium|79/100\n|\n|-heal|p2a: Meganium|85/100|[from] item: Leftovers\n|upkeep\n|turn|30\n|inactive|Time left: 300 sec this turn | 300 sec total\n|\n|t:|1783541702\n|cant|p1a: Comfey|par\n|move|p2a: Meganium|Encore||[still]\n|-fail|p2a: Meganium\n|\n|-heal|p2a: Meganium|91/100|[from] item: Leftovers\n|-end|p1a: Comfey|Encore\n|upkeep\n|turn|31\n|inactive|Time left: 300 sec this turn | 300 sec total\n|\n|t:|1783541703\n|move|p2a: Meganium|Encore|p1a: Comfey\n|-start|p1a: Comfey|Encore\n|cant|p1a: Comfey|par\n|\n|-heal|p2a: Meganium|97/100|[from] item: Leftovers\n|upkeep\n|turn|32\n|inactive|Time left: 300 sec this turn | 300 sec total\n|\n|t:|1783541704\n|move|p1a: Comfey|Draining Kiss|p2a: Meganium\n|-damage|p2a: Meganium|69/100\n|move|p2a: Meganium|Energy Ball|p1a: Comfey\n|-damage|p1a: Comfey|183/225 par\n|\n|-heal|p2a: Meganium|76/100|[from] item: Leftovers\n|upkeep\n|turn|33\n|inactive|Time left: 300 sec this turn | 300 sec total\n|\n|t:|1783541705\n|move|p1a: Comfey|Draining Kiss|p2a: Meganium\n|-damage|p2a: Meganium|45/100\n|-heal|p1a: Comfey|225/225 par|[from] drain|[of] p2a: Meganium\n|move|p2a: Meganium|Synthesis|p2a: Meganium\n|-heal|p2a: Meganium|95/100\n|\n|-heal|p2a: Meganium|100/100|[from] item: Leftovers\n|-end|p1a: Comfey|Encore\n|upkeep\n|turn|34\n|inactive|Time left: 300 sec this turn | 300 sec total\n|\n|t:|1783541706\n|move|p2a: Meganium|Encore|p1a: Comfey\n|-start|p1a: Comfey|Encore\n|move|p1a: Comfey|Draining Kiss|p2a: Meganium\n|-damage|p2a: Meganium|74/100\n|\n|-heal|p2a: Meganium|80/100|[from] item: Leftovers\n|upkeep\n|turn|35\n|inactive|Time left: 300 sec this turn | 300 sec total\n|\n|t:|1783541707\n|move|p1a: Comfey|Draining Kiss|p2a: Meganium\n|-damage|p2a: Meganium|52/100\n|move|p2a: Meganium|Synthesis|p2a: Meganium\n|-heal|p2a: Meganium|100/100\n|\n|upkeep\n|turn|36\n|inactive|Time left: 300 sec this turn | 300 sec total\n|\n|t:|1783541708\n|move|p1a: Comfey|Draining Kiss|p2a: Meganium\n|-damage|p2a: Meganium|72/100\n|move|p2a: Meganium|Encore||[still]\n|-fail|p2a: Meganium\n|\n|-heal|p2a: Meganium|78/100|[from] item: Leftovers\n|-end|p1a: Comfey|Encore\n|upkeep\n|turn|37\n|inactive|Time left: 300 sec this turn | 300 sec total\n|\n|t:|1783541709\n|move|p1a: Comfey|Draining Kiss|p2a: Meganium\n|-damage|p2a: Meganium|50/100\n|move|p2a: Meganium|Encore|p1a: Comfey\n|-start|p1a: Comfey|Encore\n|\n|-heal|p2a: Meganium|57/100|[from] item: Leftovers\n|upkeep\n|turn|38\n|inactive|Time left: 300 sec this turn | 300 sec total\n|\n|t:|1783541711\n|move|p1a: Comfey|Draining Kiss|p2a: Meganium\n|-damage|p2a: Meganium|26/100\n|move|p2a: Meganium|Synthesis|p2a: Meganium\n|-heal|p2a: Meganium|76/100\n|\n|-heal|p2a: Meganium|83/100|[from] item: Leftovers\n|upkeep\n|turn|39\n|inactive|Time left: 300 sec this turn | 300 sec total\n|\n|t:|1783541712\n|move|p1a: Comfey|Draining Kiss|p2a: Meganium\n|-damage|p2a: Meganium|54/100\n|move|p2a: Meganium|Synthesis|p2a: Meganium\n|-heal|p2a: Meganium|100/100\n|\n|upkeep\n|turn|40\n|inactive|Time left: 300 sec this turn | 300 sec total\n|\n|t:|1783541713\n|move|p1a: Comfey|Draining Kiss|p2a: Meganium\n|-damage|p2a: Meganium|74/100\n|move|p2a: Meganium|Encore||[still]\n|-fail|p2a: Meganium\n|\n|-heal|p2a: Meganium|80/100|[from] item: Leftovers\n|-end|p1a: Comfey|Encore\n|upkeep\n|turn|41\n|inactive|Time left: 300 sec this turn | 300 sec total\n|\n|t:|1783541714\n|move|p2a: Meganium|Energy Ball|p1a: Comfey\n|-damage|p1a: Comfey|182/225 par\n|move|p1a: Comfey|Calm Mind|p1a: Comfey\n|-boost|p1a: Comfey|spa|1\n|-boost|p1a: Comfey|spd|1\n|\n|-heal|p2a: Meganium|87/100|[from] item: Leftovers\n|upkeep\n|turn|42\n|inactive|Time left: 300 sec this turn | 300 sec total\n|\n|t:|1783541715\n|move|p2a: Meganium|Synthesis|p2a: Meganium\n|-heal|p2a: Meganium|100/100\n|move|p1a: Comfey|Stored Power|p2a: Meganium\n|-damage|p2a: Meganium|34/100\n|\n|-heal|p2a: Meganium|40/100|[from] item: Leftovers\n|upkeep\n|turn|43\n|inactive|Time left: 300 sec this turn | 300 sec total\n|\n|t:|1783541716\n|move|p2a: Meganium|Synthesis|p2a: Meganium\n|-heal|p2a: Meganium|90/100\n|move|p1a: Comfey|Stored Power|p2a: Meganium\n|-damage|p2a: Meganium|28/100\n|\n|-heal|p2a: Meganium|34/100|[from] item: Leftovers\n|upkeep\n|turn|44\n|inactive|Time left: 300 sec this turn | 300 sec total\n|\n|t:|1783541717\n|switch|p2a: Umbreon|Umbreon, L84, M|69/100\n|cant|p1a: Comfey|par\n|\n|-heal|p2a: Umbreon|75/100|[from] item: Leftovers\n|upkeep\n|turn|45\n|inactive|Time left: 300 sec this turn | 300 sec total\n|\n|t:|1783541718\n|move|p2a: Umbreon|Protect|p2a: Umbreon\n|-singleturn|p2a: Umbreon|Protect\n|move|p1a: Comfey|Draining Kiss|p2a: Umbreon\n|-activate|p2a: Umbreon|move: Protect\n|\n|-heal|p2a: Umbreon|81/100|[from] item: Leftovers\n|upkeep\n|turn|46\n|inactive|Time left: 300 sec this turn | 300 sec total\n|\n|t:|1783541720\n|move|p1a: Comfey|Draining Kiss|p2a: Umbreon\n|-supereffective|p2a: Umbreon\n|-damage|p2a: Umbreon|24/100\n|-heal|p1a: Comfey|225/225 par|[from] drain|[of] p2a: Umbreon\n|move|p2a: Umbreon|Wish|p2a: Umbreon\n|\n|-heal|p2a: Umbreon|30/100|[from] item: Leftovers\n|upkeep\n|turn|47\n|inactive|Time left: 300 sec this turn | 300 sec total\n|\n|t:|1783541721\n|move|p2a: Umbreon|Protect|p2a: Umbreon\n|-singleturn|p2a: Umbreon|Protect\n|move|p1a: Comfey|Giga Drain|p2a: Umbreon\n|-activate|p2a: Umbreon|move: Protect\n|\n|-heal|p2a: Umbreon|80/100|[from] move: Wish|[wisher] Umbreon\n|-heal|p2a: Umbreon|86/100|[from] item: Leftovers\n|upkeep\n|turn|48\n|inactive|Time left: 300 sec this turn | 300 sec total\n|\n|t:|1783541722\n|move|p2a: Umbreon|Wish|p2a: Umbreon\n|move|p1a: Comfey|Stored Power|p2a: Umbreon\n|-immune|p2a: Umbreon\n|\n|-heal|p2a: Umbreon|92/100|[from] item: Leftovers\n|upkeep\n|turn|49\n|inactive|Time left: 300 sec this turn | 300 sec total\n|\n|t:|1783541723\n|move|p2a: Umbreon|Foul Play|p1a: Comfey\n|-resisted|p1a: Comfey\n|-damage|p1a: Comfey|202/225 par\n|move|p1a: Comfey|Stored Power|p2a: Umbreon\n|-immune|p2a: Umbreon\n|\n|-heal|p2a: Umbreon|100/100|[from] move: Wish|[wisher] Umbreon\n|upkeep\n|turn|50\n|inactive|Time left: 300 sec this turn | 300 sec total\n|\n|t:|1783541724\n|move|p2a: Umbreon|Protect|p2a: Umbreon\n|-singleturn|p2a: Umbreon|Protect\n|cant|p1a: Comfey|par\n|\n|upkeep\n|turn|51\n|inactive|Time left: 300 sec this turn | 300 sec total\n|\n|t:|1783541725\n|move|p2a: Umbreon|Foul Play|p1a: Comfey\n|-resisted|p1a: Comfey\n|-damage|p1a: Comfey|180/225 par\n|move|p1a: Comfey|Calm Mind|p1a: Comfey\n|-boost|p1a: Comfey|spa|1\n|-boost|p1a: Comfey|spd|1\n|\n|upkeep\n|turn|52\n|inactive|Time left: 300 sec this turn | 300 sec total\n|\n|t:|1783541726\n|move|p2a: Umbreon|Protect|p2a: Umbreon\n|-singleturn|p2a: Umbreon|Protect\n|cant|p1a: Comfey|par\n|\n|upkeep\n|turn|53\n|inactive|Time left: 300 sec this turn | 300 sec total\n|\n|t:|1783541727\n|move|p1a: Comfey|Giga Drain|p2a: Umbreon\n|-crit|p2a: Umbreon\n|-damage|p2a: Umbreon|43/100\n|-heal|p1a: Comfey|225/225 par|[from] drain|[of] p2a: Umbreon\n|move|p2a: Umbreon|Foul Play|p1a: Comfey\n|-resisted|p1a: Comfey\n|-damage|p1a: Comfey|204/225 par\n|\n|-heal|p2a: Umbreon|49/100|[from] item: Leftovers\n|upkeep\n|turn|54\n|inactive|Time left: 300 sec this turn | 300 sec total\n|\n|t:|1783541728\n|move|p1a: Comfey|Giga Drain|p2a: Umbreon\n|-crit|p2a: Umbreon\n|-damage|p2a: Umbreon|0 fnt\n|-heal|p1a: Comfey|225/225 par|[from] drain|[of] p2a: Umbreon\n|faint|p2a: Umbreon\n|\n|upkeep\n|\n|t:|1783541729\n|switch|p2a: Meganium|Meganium, L90, M|34/100\n|turn|55\n|inactive|Time left: 300 sec this turn | 300 sec total\n|\n|t:|1783541731\n|move|p2a: Meganium|Energy Ball|p1a: Comfey\n|-damage|p1a: Comfey|197/225 par\n|move|p1a: Comfey|Stored Power|p2a: Meganium\n|-damage|p2a: Meganium|0 fnt\n|faint|p2a: Meganium\n|\n|upkeep\n|\n|t:|1783541732\n|switch|p2a: Lapras|Lapras, L87, M|100/100\n|turn|56\n|inactive|Time left: 300 sec this turn | 300 sec total\n|\n|t:|1783541732\n|move|p2a: Lapras|Sparkling Aria|p1a: Comfey\n|-damage|p1a: Comfey|169/225 par\n|cant|p1a: Comfey|par\n|\n|upkeep\n|turn|57\n|inactive|Time left: 300 sec this turn | 300 sec total\n|\n|t:|1783541734\n|move|p2a: Lapras|Sparkling Aria|p1a: Comfey\n|-damage|p1a: Comfey|142/225 par\n|move|p1a: Comfey|Stored Power|p2a: Lapras\n|-damage|p2a: Lapras|13/100\n|\n|upkeep\n|turn|58\n|inactive|Time left: 300 sec this turn | 300 sec total\n|\n|t:|1783541735\n|switch|p2a: Kilowattrel|Kilowattrel, L83, F|79/100\n|move|p1a: Comfey|Stored Power|p2a: Kilowattrel\n|-damage|p2a: Kilowattrel|0 fnt\n|faint|p2a: Kilowattrel\n|\n|upkeep\n|\n|t:|1783541735\n|switch|p2a: Lapras|Lapras, L87, M|13/100\n|turn|59\n|inactive|Time left: 300 sec this turn | 300 sec total\n|\n|t:|1783541736\n|move|p1a: Comfey|Giga Drain|p2a: Lapras\n|-supereffective|p2a: Lapras\n|-damage|p2a: Lapras|0 fnt\n|-heal|p1a: Comfey|165/225 par|[from] drain|[of] p2a: Lapras\n|faint|p2a: Lapras\n|\n|win|p0x222fdc0", "uploadtime": 1783541736, "views": 0, "rating": 0, "private": 0, "password": null, "_winner": "p0x222fdc0", "_our_name": "p0x222fdc0"}