{"id": "battle-gen9randombattle-380", "formatid": "gen9randombattle", "format": "[Gen 9] Random Battle", "players": ["p0x3806dda", "p0y380ec35"], "log": "|init|battle\n|title|p0x3806dda vs. p0y380ec35\n|j|\u2606p0x3806dda\n|j|\u2606p0y380ec35\n|t:|1783543500\n|gametype|singles\n|player|p1|p0x3806dda|169|\n|player|p2|p0y380ec35|1|\n|gen|9\n|tier|[Gen 9] Random Battle\n|rule|Species Clause: Limit one of each Pok\u00e9mon\n|rule|HP Percentage Mod: HP is shown in percentages\n|rule|Sleep Clause Mod: Limit one foe put to sleep\n|rule|Illusion Level Mod: Illusion disguises the Pok\u00e9mon's true level\n|\n|t:|1783543500\n|teamsize|p1|6\n|teamsize|p2|6\n|start\n|switch|p1a: Oricorio|Oricorio-Pa'u, L87, F|100/100\n|switch|p2a: Salazzle|Salazzle, L83, F|249/249\n|turn|1\n|inactive|Battle timer is ON: inactive players will automatically lose when time's up. (requested by p0y380ec35)\n|inactive|p0x3806dda also wants the timer to be on.\n|\n|t:|1783543502\n|switch|p2a: Ting-Lu|Ting-Lu, L78|370/370\n|-ability|p2a: Ting-Lu|Vessel of Ruin\n|move|p1a: Oricorio|Quiver Dance|p1a: Oricorio\n|-boost|p1a: Oricorio|spa|1\n|-boost|p1a: Oricorio|spd|1\n|-boost|p1a: Oricorio|spe|1\n|\n|upkeep\n|turn|2\n|inactive|Time left: 300 sec this turn | 300 sec total\n|\n|t:|1783543503\n|move|p1a: Oricorio|Quiver Dance|p1a: Oricorio\n|-boost|p1a: Oricorio|spa|1\n|-boost|p1a: Oricorio|spd|1\n|-boost|p1a: Oricorio|spe|1\n|move|p2a: Ting-Lu|Payback|p1a: Oricorio\n|-supereffective|p1a: Oricorio\n|-damage|p1a: Oricorio|19/100\n|\n|upkeep\n|turn|3\n|inactive|Time left: 300 sec this turn | 300 sec total\n|\n|t:|1783543504\n|move|p1a: Oricorio|Hurricane|p2a: Ting-Lu\n|-damage|p2a: Ting-Lu|150/370\n|move|p2a: Ting-Lu|Payback|p1a: Oricorio\n|-supereffective|p1a: Oricorio\n|-damage|p1a: Oricorio|0 fnt\n|faint|p1a: Oricorio\n|\n|-heal|p2a: Ting-Lu|173/370|[from] item: Leftovers\n|upkeep\n|\n|t:|1783543505\n|switch|p1a: Araquanid|Araquanid, L82, M|100/100\n|turn|4\n|inactive|Time left: 300 sec this turn | 300 sec total\n|\n|t:|1783543506\n|switch|p2a: Mightyena|Mightyena, L96, F|290/290\n|-ability|p2a: Mightyena|Intimidate|boost\n|-unboost|p1a: Araquanid|atk|1\n|move|p1a: Araquanid|Sticky Web|p2a: Mightyena\n|-sidestart|p2: p0y380ec35|move: Sticky Web\n|\n|upkeep\n|turn|5\n|inactive|Time left: 300 sec this turn | 300 sec total\n|\n|t:|1783543508\n|switch|p1a: Arbok|Arbok, L87, F|100/100\n|-ability|p1a: Arbok|Intimidate|boost\n|-unboost|p2a: Mightyena|atk|1\n|move|p2a: Mightyena|Crunch|p1a: Arbok\n|-damage|p1a: Arbok|70/100\n|\n|-heal|p1a: Arbok|76/100|[from] item: Leftovers\n|upkeep\n|turn|6\n|inactive|Time left: 300 sec this turn | 300 sec total\n|\n|t:|1783543509\n|move|p2a: Mightyena|Super Fang|p1a: Arbok\n|-damage|p1a: Arbok|38/100\n|move|p1a: Arbok|Gunk Shot|p2a: Mightyena|[miss]\n|-miss|p1a: Arbok|p2a: Mightyena\n|\n|-heal|p1a: Arbok|44/100|[from] item: Leftovers\n|upkeep\n|turn|7\n|inactive|Time left: 300 sec this turn | 300 sec total\n|\n|t:|1783543511\n|switch|p2a: Ting-Lu|Ting-Lu, L78|173/370\n|-activate|p2a: Ting-Lu|move: Sticky Web\n|-unboost|p2a: Ting-Lu|spe|1\n|-ability|p2a: Ting-Lu|Vessel of Ruin\n|move|p1a: Arbok|Gunk Shot|p2a: Ting-Lu\n|-resisted|p2a: Ting-Lu\n|-damage|p2a: Ting-Lu|115/370\n|\n|-heal|p1a: Arbok|50/100|[from] item: Leftovers\n|-heal|p2a: Ting-Lu|138/370|[from] item: Leftovers\n|upkeep\n|turn|8\n|inactive|Time left: 300 sec this turn | 300 sec total\n|\n|t:|1783543512\n|move|p1a: Arbok|Glare|p2a: Ting-Lu\n|-status|p2a: Ting-Lu|par\n|move|p2a: Ting-Lu|Earthquake|p1a: Arbok\n|-supereffective|p1a: Arbok\n|-damage|p1a: Arbok|0 fnt\n|faint|p1a: Arbok\n|\n|-heal|p2a: Ting-Lu|161/370 par|[from] item: Leftovers\n|upkeep\n|\n|t:|1783543513\n|switch|p1a: Dudunsparce|Dudunsparce-Three-Segment, L83, M|100/100\n|turn|9\n|inactive|Time left: 300 sec this turn | 300 sec total\n|\n|t:|1783543514\n|move|p1a: Dudunsparce|Calm Mind|p1a: Dudunsparce\n|-boost|p1a: Dudunsparce|spa|1\n|-boost|p1a: Dudunsparce|spd|1\n|move|p2a: Ting-Lu|Stealth Rock|p1a: Dudunsparce\n|-sidestart|p1: p0x3806dda|move: Stealth Rock\n|\n|-heal|p2a: Ting-Lu|184/370 par|[from] item: Leftovers\n|upkeep\n|turn|10\n|inactive|Time left: 300 sec this turn | 300 sec total\n|\n|t:|1783543515\n|move|p1a: Dudunsparce|Calm Mind|p1a: Dudunsparce\n|-boost|p1a: Dudunsparce|spa|1\n|-boost|p1a: Dudunsparce|spd|1\n|move|p2a: Ting-Lu|Heavy Slam|p1a: Dudunsparce\n|-damage|p1a: Dudunsparce|73/100\n|\n|-heal|p1a: Dudunsparce|80/100|[from] item: Leftovers\n|-heal|p2a: Ting-Lu|207/370 par|[from] item: Leftovers\n|upkeep\n|turn|11\n|inactive|Time left: 300 sec this turn | 300 sec total\n|\n|t:|1783543516\n|move|p1a: Dudunsparce|Boomburst|p2a: Ting-Lu\n|-damage|p2a: Ting-Lu|0 fnt\n|faint|p2a: Ting-Lu\n|\n|-heal|p1a: Dudunsparce|86/100|[from] item: Leftovers\n|upkeep\n|inactive|Time left: 300 sec this turn | 300 sec total | 5 sec grace\n|\n|t:|1783543517\n|switch|p2a: Mightyena|Mightyena, L96, F|290/290\n|-activate|p2a: Mightyena|move: Sticky Web\n|-unboost|p2a: Mightyena|spe|1\n|-ability|p2a: Mightyena|Intimidate|boost\n|-unboost|p1a: Dudunsparce|atk|1\n|-ability|p1a: Dudunsparce|Rattled|boost\n|-boost|p1a: Dudunsparce|spe|1\n|turn|12\n|inactive|Time left: 300 sec this turn | 300 sec total\n|\n|t:|1783543518\n|move|p1a: Dudunsparce|Boomburst|p2a: Mightyena\n|-damage|p2a: Mightyena|101/290\n|move|p2a: Mightyena|Super Fang|p1a: Dudunsparce\n|-damage|p1a: Dudunsparce|43/100\n|\n|-heal|p1a: Dudunsparce|49/100|[from] item: Leftovers\n|upkeep\n|turn|13\n|inactive|Time left: 300 sec this turn | 300 sec total\n|\n|t:|1783543519\n|move|p1a: Dudunsparce|Boomburst|p2a: Mightyena\n|-damage|p2a: Mightyena|0 fnt\n|faint|p2a: Mightyena\n|\n|-heal|p1a: Dudunsparce|55/100|[from] item: Leftovers\n|upkeep\n|inactive|Time left: 300 sec this turn | 300 sec total | 5 sec grace\n|\n|t:|1783543520\n|switch|p2a: Scizor|Scizor, L79, F|240/240\n|-activate|p2a: Scizor|move: Sticky Web\n|-unboost|p2a: Scizor|spe|1\n|turn|14\n|inactive|Time left: 300 sec this turn | 300 sec total\n|\n|t:|1783543520\n|move|p1a: Dudunsparce|Roost|p1a: Dudunsparce\n|-heal|p1a: Dudunsparce|100/100\n|-singleturn|p1a: Dudunsparce|move: Roost\n|move|p2a: Scizor|Swords Dance|p2a: Scizor\n|-boost|p2a: Scizor|atk|2\n|\n|upkeep\n|turn|15\n|inactive|Time left: 300 sec this turn | 300 sec total\n|\n|t:|1783543521\n|move|p1a: Dudunsparce|Boomburst|p2a: Scizor\n|-resisted|p2a: Scizor\n|-damage|p2a: Scizor|101/240\n|move|p2a: Scizor|Knock Off|p1a: Dudunsparce\n|-damage|p1a: Dudunsparce|36/100\n|-ability|p1a: Dudunsparce|Rattled|boost\n|-boost|p1a: Dudunsparce|spe|1\n|-enditem|p1a: Dudunsparce|Leftovers|[from] move: Knock Off|[of] p2a: Scizor\n|-damage|p2a: Scizor|77/240|[from] item: Life Orb\n|\n|upkeep\n|turn|16\n|inactive|Time left: 300 sec this turn | 300 sec total\n|\n|t:|1783543522\n|move|p2a: Scizor|Bullet Punch|p1a: Dudunsparce\n|-damage|p1a: Dudunsparce|0 fnt\n|faint|p1a: Dudunsparce\n|-damage|p2a: Scizor|53/240|[from] item: Life Orb\n|\n|upkeep\n|\n|t:|1783543523\n|switch|p1a: Araquanid|Araquanid, L82, M|100/100\n|turn|17\n|inactive|Time left: 300 sec this turn | 300 sec total\n|\n|t:|1783543524\n|move|p2a: Scizor|Bullet Punch|p1a: Araquanid\n|-resisted|p1a: Araquanid\n|-damage|p1a: Araquanid|63/100\n|-damage|p2a: Scizor|29/240|[from] item: Life Orb\n|move|p1a: Araquanid|Liquidation|p2a: Scizor\n|-damage|p2a: Scizor|0 fnt\n|faint|p2a: Scizor\n|\n|upkeep\n|inactive|Time left: 300 sec this turn | 300 sec total | 5 sec grace\n|\n|t:|1783543525\n|switch|p2a: Tornadus|Tornadus-Therian, L79, M|254/254\n|turn|18\n|inactive|Time left: 300 sec this turn | 300 sec total\n|\n|t:|1783543526\n|move|p2a: Tornadus|Bleakwind Storm|p1a: Araquanid|[miss]\n|-miss|p2a: Tornadus|p1a: Araquanid\n|move|p1a: Araquanid|Liquidation|p2a: Tornadus\n|-damage|p2a: Tornadus|113/254\n|\n|upkeep\n|turn|19\n|inactive|Time left: 300 sec this turn | 300 sec total\n|\n|t:|1783543527\n|move|p2a: Tornadus|Bleakwind Storm|p1a: Araquanid|[miss]\n|-miss|p2a: Tornadus|p1a: Araquanid\n|move|p1a: Araquanid|Liquidation|p2a: Tornadus\n|-damage|p2a: Tornadus|0 fnt\n|faint|p2a: Tornadus\n|\n|upkeep\n|inactive|Time left: 300 sec this turn | 300 sec total | 5 sec grace\n|\n|t:|1783543529\n|switch|p2a: Wigglytuff|Wigglytuff, L96, F|424/424\n|-activate|p2a: Wigglytuff|move: Sticky Web\n|-unboost|p2a: Wigglytuff|spe|1\n|-ability|p2a: Wigglytuff|Competitive|boost\n|-boost|p2a: Wigglytuff|spa|2\n|turn|20\n|inactive|Time left: 300 sec this turn | 300 sec total\n|\n|t:|1783543530\n|move|p1a: Araquanid|Liquidation|p2a: Wigglytuff\n|-damage|p2a: Wigglytuff|250/424\n|move|p2a: Wigglytuff|Dazzling Gleam|p1a: Araquanid\n|-damage|p1a: Araquanid|6/100\n|\n|-heal|p2a: Wigglytuff|276/424|[from] item: Leftovers\n|upkeep\n|turn|21\n|inactive|Time left: 300 sec this turn | 300 sec total\n|\n|t:|1783543531\n|move|p1a: Araquanid|Liquidation|p2a: Wigglytuff\n|-damage|p2a: Wigglytuff|104/424\n|-unboost|p2a: Wigglytuff|def|1\n|-ability|p2a: Wigglytuff|Competitive|boost\n|-boost|p2a: Wigglytuff|spa|2\n|move|p2a: Wigglytuff|Dazzling Gleam|p1a: Araquanid\n|-damage|p1a: Araquanid|0 fnt\n|faint|p1a: Araquanid\n|\n|-heal|p2a: Wigglytuff|130/424|[from] item: Leftovers\n|upkeep\n|\n|t:|1783543532\n|switch|p1a: Klawf|Klawf, L90, F|100/100\n|-damage|p1a: Klawf|88/100|[from] Stealth Rock\n|turn|22\n|inactive|Time left: 300 sec this turn | 300 sec total\n|\n|t:|1783543533\n|move|p1a: Klawf|Crabhammer|p2a: Wigglytuff\n|-damage|p2a: Wigglytuff|0 fnt\n|faint|p2a: Wigglytuff\n|\n|upkeep\n|inactive|Time left: 300 sec this turn | 300 sec total | 5 sec grace\n|\n|t:|1783543534\n|switch|p2a: Salazzle|Salazzle, L83, F|249/249\n|turn|23\n|inactive|Time left: 300 sec this turn | 300 sec total\n|\n|t:|1783543535\n|-terastallize|p2a: Salazzle|Grass\n|move|p2a: Salazzle|Nasty Plot|p2a: Salazzle\n|-boost|p2a: Salazzle|spa|2\n|move|p1a: Klawf|Stone Edge|p2a: Salazzle\n|-crit|p2a: Salazzle\n|-damage|p2a: Salazzle|0 fnt\n|faint|p2a: Salazzle\n|\n|win|p0x3806dda", "uploadtime": 1783543535, "views": 0, "rating": 0, "private": 0, "password": null, "_winner": "p0x3806dda", "_our_name": "p0y380ec35"}