{"id": "battle-gen9randombattle-2210", "formatid": "gen9randombattle", "format": "[Gen 9] Random Battle", "players": ["p0x221081f2", "p0y2210447b"], "log": "|init|battle\n|title|p0x221081f2 vs. p0y2210447b\n|j|\u2606p0x221081f2\n|j|\u2606p0y2210447b\n|t:|1783564671\n|gametype|singles\n|player|p1|p0x221081f2|2|\n|player|p2|p0y2210447b|102|\n|gen|9\n|tier|[Gen 9] Random Battle\n|rule|Species Clause: Limit one of each Pok\u00e9mon\n|rule|HP Percentage Mod: HP is shown in percentages\n|rule|Sleep Clause Mod: Limit one foe put to sleep\n|rule|Illusion Level Mod: Illusion disguises the Pok\u00e9mon's true level\n|\n|t:|1783564671\n|teamsize|p1|6\n|teamsize|p2|6\n|start\n|switch|p1a: Charizard|Charizard, L85, F|100/100\n|switch|p2a: Clodsire|Clodsire, L81, F|343/343\n|turn|1\n|inactive|Battle timer is ON: inactive players will automatically lose when time's up. (requested by p0x221081f2)\n|inactive|Time left: 300 sec this turn | 300 sec total | 60 sec grace\n|inactive|p0y2210447b also wants the timer to be on.\n|\n|t:|1783564672\n|move|p1a: Charizard|Will-O-Wisp|p2a: Clodsire\n|-status|p2a: Clodsire|brn\n|move|p2a: Clodsire|Gunk Shot|p1a: Charizard|[miss]\n|-miss|p2a: Clodsire|p1a: Charizard\n|\n|-damage|p2a: Clodsire|322/343 brn|[from] brn\n|upkeep\n|turn|2\n|inactive|Time left: 300 sec this turn | 300 sec total\n|\n|t:|1783564673\n|move|p1a: Charizard|Earthquake|p2a: Clodsire\n|-supereffective|p2a: Clodsire\n|-damage|p2a: Clodsire|136/343 brn\n|move|p2a: Clodsire|Gunk Shot|p1a: Charizard\n|-damage|p1a: Charizard|80/100\n|\n|-heal|p2a: Clodsire|157/343 brn|[from] item: Leftovers\n|-damage|p2a: Clodsire|136/343 brn|[from] brn\n|upkeep\n|turn|3\n|inactive|Time left: 300 sec this turn | 300 sec total\n|\n|t:|1783564675\n|move|p1a: Charizard|Earthquake|p2a: Clodsire\n|-supereffective|p2a: Clodsire\n|-damage|p2a: Clodsire|0 fnt\n|faint|p2a: Clodsire\n|\n|upkeep\n|inactive|Time left: 300 sec this turn | 300 sec total | 5 sec grace\n|\n|t:|1783564676\n|switch|p2a: Golduck|Golduck, L90, F|290/290\n|-ability|p2a: Golduck|Cloud Nine\n|turn|4\n|inactive|Time left: 300 sec this turn | 300 sec total\n|\n|t:|1783564677\n|move|p1a: Charizard|Hurricane|p2a: Golduck|[miss]\n|-miss|p1a: Charizard|p2a: Golduck\n|move|p2a: Golduck|Hydro Pump|p1a: Charizard|[miss]\n|-miss|p2a: Golduck|p1a: Charizard\n|\n|upkeep\n|turn|5\n|inactive|Time left: 300 sec this turn | 300 sec total\n|\n|t:|1783564678\n|switch|p1a: Basculegion|Basculegion-F, L83, F|100/100\n|move|p2a: Golduck|Hydro Pump|p1a: Basculegion\n|-resisted|p1a: Basculegion\n|-damage|p1a: Basculegion|76/100\n|\n|upkeep\n|turn|6\n|inactive|Time left: 300 sec this turn | 300 sec total\n|\n|t:|1783564679\n|move|p2a: Golduck|Hydro Pump|p1a: Basculegion\n|-resisted|p1a: Basculegion\n|-damage|p1a: Basculegion|52/100\n|move|p1a: Basculegion|Shadow Ball|p2a: Golduck\n|-damage|p2a: Golduck|184/290\n|\n|upkeep\n|turn|7\n|inactive|Time left: 300 sec this turn | 300 sec total\n|\n|t:|1783564680\n|move|p2a: Golduck|Hydro Pump|p1a: Basculegion\n|-resisted|p1a: Basculegion\n|-damage|p1a: Basculegion|30/100\n|move|p1a: Basculegion|Shadow Ball|p2a: Golduck\n|-damage|p2a: Golduck|70/290\n|-unboost|p2a: Golduck|spd|1\n|\n|upkeep\n|turn|8\n|inactive|Time left: 300 sec this turn | 300 sec total\n|\n|t:|1783564681\n|move|p2a: Golduck|Hydro Pump|p1a: Basculegion\n|-resisted|p1a: Basculegion\n|-damage|p1a: Basculegion|7/100\n|move|p1a: Basculegion|Shadow Ball|p2a: Golduck\n|-damage|p2a: Golduck|0 fnt\n|faint|p2a: Golduck\n|\n|upkeep\n|inactive|Time left: 300 sec this turn | 300 sec total | 5 sec grace\n|\n|t:|1783564681\n|switch|p2a: Zangoose|Zangoose, L85, F|263/263\n|turn|9\n|inactive|Time left: 300 sec this turn | 300 sec total\n|\n|t:|1783564682\n|move|p2a: Zangoose|Knock Off|p1a: Basculegion\n|-supereffective|p1a: Basculegion\n|-damage|p1a: Basculegion|0 fnt\n|-enditem|p1a: Basculegion|Assault Vest|[from] move: Knock Off|[of] p2a: Zangoose\n|faint|p1a: Basculegion\n|\n|-status|p2a: Zangoose|tox|[from] item: Toxic Orb\n|upkeep\n|\n|t:|1783564683\n|switch|p1a: Mienshao|Mienshao, L83, M|100/100\n|turn|10\n|inactive|Time left: 300 sec this turn | 300 sec total\n|\n|t:|1783564684\n|switch|p2a: Quagsire|Quagsire, L84, M|297/297\n|move|p1a: Mienshao|Close Combat|p2a: Quagsire\n|-damage|p2a: Quagsire|106/297\n|-unboost|p1a: Mienshao|def|1\n|-unboost|p1a: Mienshao|spd|1\n|-damage|p1a: Mienshao|91/100|[from] item: Life Orb\n|\n|-heal|p2a: Quagsire|124/297|[from] item: Leftovers\n|upkeep\n|turn|11\n|inactive|Time left: 300 sec this turn | 300 sec total\n|\n|t:|1783564685\n|move|p1a: Mienshao|Close Combat|p2a: Quagsire\n|-damage|p2a: Quagsire|0 fnt\n|-unboost|p1a: Mienshao|def|1\n|-unboost|p1a: Mienshao|spd|1\n|faint|p2a: Quagsire\n|-damage|p1a: Mienshao|81/100|[from] item: Life Orb\n|\n|upkeep\n|inactive|Time left: 300 sec this turn | 300 sec total | 5 sec grace\n|\n|t:|1783564686\n|switch|p2a: Zangoose|Zangoose, L85, F|263/263 tox\n|turn|12\n|inactive|Time left: 300 sec this turn | 300 sec total\n|\n|t:|1783564687\n|move|p2a: Zangoose|Quick Attack|p1a: Mienshao\n|-damage|p1a: Mienshao|0 fnt\n|faint|p1a: Mienshao\n|\n|-damage|p2a: Zangoose|247/263 tox|[from] psn\n|upkeep\n|\n|t:|1783564688\n|switch|p1a: Charizard|Charizard, L85, F|80/100\n|turn|13\n|inactive|Time left: 300 sec this turn | 300 sec total\n|\n|t:|1783564689\n|move|p1a: Charizard|Flamethrower|p2a: Zangoose\n|-damage|p2a: Zangoose|117/263 tox\n|move|p2a: Zangoose|Facade|p1a: Charizard\n|-crit|p1a: Charizard\n|-damage|p1a: Charizard|0 fnt\n|faint|p1a: Charizard\n|\n|-damage|p2a: Zangoose|85/263 tox|[from] psn\n|upkeep\n|\n|t:|1783564689\n|switch|p1a: Delphox|Delphox, L84, M|100/100\n|turn|14\n|inactive|Time left: 300 sec this turn | 300 sec total\n|\n|t:|1783564690\n|move|p2a: Zangoose|Quick Attack|p1a: Delphox\n|-damage|p1a: Delphox|65/100\n|move|p1a: Delphox|Psyshock|p2a: Zangoose\n|-damage|p2a: Zangoose|0 fnt\n|faint|p2a: Zangoose\n|\n|upkeep\n|inactive|Time left: 300 sec this turn | 300 sec total | 5 sec grace\n|\n|t:|1783564691\n|switch|p2a: Iron Thorns|Iron Thorns, L83|302/302\n|-enditem|p2a: Iron Thorns|Booster Energy\n|-activate|p2a: Iron Thorns|ability: Quark Drive|[fromitem]\n|-start|p2a: Iron Thorns|quarkdriveatk\n|turn|15\n|inactive|Time left: 300 sec this turn | 300 sec total\n|\n|t:|1783564693\n|move|p1a: Delphox|Grass Knot|p2a: Iron Thorns\n|-supereffective|p2a: Iron Thorns\n|-damage|p2a: Iron Thorns|90/302\n|move|p2a: Iron Thorns|Dragon Dance|p2a: Iron Thorns\n|-boost|p2a: Iron Thorns|atk|1\n|-boost|p2a: Iron Thorns|spe|1\n|\n|upkeep\n|turn|16\n|inactive|Time left: 300 sec this turn | 300 sec total\n|\n|t:|1783564694\n|switch|p1a: Toedscruel|Toedscruel, L87, F|100/100\n|move|p2a: Iron Thorns|Stone Edge|p1a: Toedscruel\n|-resisted|p1a: Toedscruel\n|-damage|p1a: Toedscruel|45/100\n|\n|upkeep\n|turn|17\n|inactive|Time left: 300 sec this turn | 300 sec total\n|\n|t:|1783564695\n|-terastallize|p2a: Iron Thorns|Ground\n|move|p2a: Iron Thorns|Earthquake|p1a: Toedscruel\n|-resisted|p1a: Toedscruel\n|-damage|p1a: Toedscruel|0 fnt\n|faint|p1a: Toedscruel\n|\n|upkeep\n|\n|t:|1783564696\n|switch|p1a: Delphox|Delphox, L84, M|65/100\n|turn|18\n|inactive|Time left: 300 sec this turn | 300 sec total\n|\n|t:|1783564697\n|move|p2a: Iron Thorns|Stone Edge|p1a: Delphox\n|-supereffective|p1a: Delphox\n|-damage|p1a: Delphox|0 fnt\n|faint|p1a: Delphox\n|\n|upkeep\n|\n|t:|1783564698\n|switch|p1a: Toxtricity|Toxtricity, L82, F|100/100\n|turn|19\n|inactive|Time left: 300 sec this turn | 300 sec total\n|\n|t:|1783564698\n|move|p2a: Iron Thorns|Earthquake|p1a: Toxtricity\n|-supereffective|p1a: Toxtricity\n|-damage|p1a: Toxtricity|0 fnt\n|faint|p1a: Toxtricity\n|\n|win|p0y2210447b", "uploadtime": 1783564698, "views": 0, "rating": 0, "private": 0, "password": null, "_winner": "p0y2210447b", "_our_name": "p0y2210447b"}