{"id": "battle-gen9randombattle-651", "formatid": "gen9randombattle", "format": "[Gen 9] Random Battle", "players": ["p0x651c8c9", "p0y6515242"], "log": "|init|battle\n|title|p0x651c8c9 vs. p0y6515242\n|j|\u2606p0x651c8c9\n|j|\u2606p0y6515242\n|t:|1783547383\n|gametype|singles\n|player|p1|p0x651c8c9|102|\n|player|p2|p0y6515242|102|\n|gen|9\n|tier|[Gen 9] Random Battle\n|rule|Species Clause: Limit one of each Pok\u00e9mon\n|rule|HP Percentage Mod: HP is shown in percentages\n|rule|Sleep Clause Mod: Limit one foe put to sleep\n|rule|Illusion Level Mod: Illusion disguises the Pok\u00e9mon's true level\n|\n|t:|1783547383\n|teamsize|p1|6\n|teamsize|p2|6\n|start\n|switch|p1a: Reuniclus|Reuniclus, L88, M|100/100\n|switch|p2a: Great Tusk|Great Tusk, L77|304/304\n|turn|1\n|inactive|Battle timer is ON: inactive players will automatically lose when time's up. (requested by p0y6515242)\n|inactive|p0x651c8c9 also wants the timer to be on.\n|\n|t:|1783547385\n|-end|p2a: Great Tusk|Protosynthesis|[silent]\n|switch|p2a: Grimmsnarl|Grimmsnarl, L83, M|293/293\n|move|p1a: Reuniclus|Psyshock|p2a: Grimmsnarl\n|-immune|p2a: Grimmsnarl\n|\n|upkeep\n|turn|2\n|inactive|Time left: 300 sec this turn | 300 sec total\n|\n|t:|1783547386\n|move|p2a: Grimmsnarl|Spirit Break|p1a: Reuniclus\n|-damage|p1a: Reuniclus|72/100\n|-unboost|p1a: Reuniclus|spa|1\n|move|p1a: Reuniclus|Calm Mind|p1a: Reuniclus\n|-boost|p1a: Reuniclus|spa|1\n|-boost|p1a: Reuniclus|spd|1\n|\n|upkeep\n|turn|3\n|inactive|Time left: 300 sec this turn | 300 sec total\n|\n|t:|1783547386\n|move|p2a: Grimmsnarl|Spirit Break|p1a: Reuniclus\n|-damage|p1a: Reuniclus|42/100\n|-unboost|p1a: Reuniclus|spa|1\n|move|p1a: Reuniclus|Focus Blast|p2a: Grimmsnarl\n|-damage|p2a: Grimmsnarl|173/293\n|\n|-heal|p2a: Grimmsnarl|191/293|[from] item: Leftovers\n|upkeep\n|turn|4\n|inactive|Time left: 300 sec this turn | 300 sec total\n|\n|t:|1783547387\n|switch|p1a: Milotic|Milotic, L83, M|100/100\n|move|p2a: Grimmsnarl|Spirit Break|p1a: Milotic\n|-damage|p1a: Milotic|65/100\n|-unboost|p1a: Milotic|spa|1\n|-ability|p1a: Milotic|Competitive|boost\n|-boost|p1a: Milotic|spa|2\n|\n|-heal|p1a: Milotic|71/100|[from] item: Leftovers\n|-heal|p2a: Grimmsnarl|209/293|[from] item: Leftovers\n|upkeep\n|turn|5\n|inactive|Time left: 300 sec this turn | 300 sec total\n|\n|t:|1783547388\n|move|p2a: Grimmsnarl|Thunder Wave|p1a: Milotic\n|-status|p1a: Milotic|par\n|move|p1a: Milotic|Scald|p2a: Grimmsnarl\n|-damage|p2a: Grimmsnarl|55/293\n|\n|-heal|p2a: Grimmsnarl|73/293|[from] item: Leftovers\n|-heal|p1a: Milotic|77/100 par|[from] item: Leftovers\n|upkeep\n|turn|6\n|inactive|Time left: 300 sec this turn | 300 sec total\n|\n|t:|1783547389\n|move|p2a: Grimmsnarl|Spirit Break|p1a: Milotic\n|-damage|p1a: Milotic|43/100 par\n|-unboost|p1a: Milotic|spa|1\n|-ability|p1a: Milotic|Competitive|boost\n|-boost|p1a: Milotic|spa|2\n|cant|p1a: Milotic|par\n|\n|-heal|p2a: Grimmsnarl|91/293|[from] item: Leftovers\n|-heal|p1a: Milotic|49/100 par|[from] item: Leftovers\n|upkeep\n|turn|7\n|inactive|Time left: 300 sec this turn | 300 sec total\n|\n|t:|1783547389\n|move|p2a: Grimmsnarl|Spirit Break|p1a: Milotic\n|-damage|p1a: Milotic|13/100 par\n|-unboost|p1a: Milotic|spa|1\n|-ability|p1a: Milotic|Competitive|boost\n|-boost|p1a: Milotic|spa|2\n|move|p1a: Milotic|Recover|p1a: Milotic\n|-heal|p1a: Milotic|63/100 par\n|\n|-heal|p2a: Grimmsnarl|109/293|[from] item: Leftovers\n|-heal|p1a: Milotic|69/100 par|[from] item: Leftovers\n|upkeep\n|turn|8\n|inactive|Time left: 300 sec this turn | 300 sec total\n|\n|t:|1783547390\n|move|p2a: Grimmsnarl|Spirit Break|p1a: Milotic\n|-damage|p1a: Milotic|32/100 par\n|-unboost|p1a: Milotic|spa|1\n|-ability|p1a: Milotic|Competitive|boost\n|-boost|p1a: Milotic|spa|2\n|move|p1a: Milotic|Scald|p2a: Grimmsnarl\n|-damage|p2a: Grimmsnarl|0 fnt\n|faint|p2a: Grimmsnarl\n|\n|-heal|p1a: Milotic|38/100 par|[from] item: Leftovers\n|upkeep\n|inactive|Time left: 300 sec this turn | 300 sec total | 5 sec grace\n|\n|t:|1783547391\n|switch|p2a: Chien-Pao|Chien-Pao, L72|234/234\n|-ability|p2a: Chien-Pao|Sword of Ruin\n|turn|9\n|inactive|Time left: 300 sec this turn | 300 sec total\n|\n|t:|1783547392\n|move|p2a: Chien-Pao|Crunch|p1a: Milotic\n|-damage|p1a: Milotic|0 fnt\n|faint|p1a: Milotic\n|\n|upkeep\n|\n|t:|1783547392\n|switch|p1a: Diancie|Diancie, L82|100/100\n|turn|10\n|inactive|Time left: 300 sec this turn | 300 sec total\n|\n|t:|1783547394\n|switch|p2a: Great Tusk|Great Tusk, L77|304/304\n|move|p1a: Diancie|Diamond Storm|p2a: Great Tusk\n|-resisted|p2a: Great Tusk\n|-damage|p2a: Great Tusk|284/304\n|\n|-heal|p2a: Great Tusk|303/304|[from] item: Leftovers\n|upkeep\n|turn|11\n|inactive|Time left: 300 sec this turn | 300 sec total\n|\n|t:|1783547395\n|move|p2a: Great Tusk|Earthquake|p1a: Diancie\n|-supereffective|p1a: Diancie\n|-crit|p1a: Diancie\n|-damage|p1a: Diancie|0 fnt\n|faint|p1a: Diancie\n|\n|-heal|p2a: Great Tusk|304/304|[from] item: Leftovers\n|upkeep\n|\n|t:|1783547396\n|switch|p1a: Reuniclus|Reuniclus, L88, M|42/100\n|turn|12\n|inactive|Time left: 300 sec this turn | 300 sec total\n|\n|t:|1783547397\n|move|p2a: Great Tusk|Bulk Up|p2a: Great Tusk\n|-boost|p2a: Great Tusk|atk|1\n|-boost|p2a: Great Tusk|def|1\n|move|p1a: Reuniclus|Recover|p1a: Reuniclus\n|-heal|p1a: Reuniclus|92/100\n|\n|upkeep\n|turn|13\n|inactive|Time left: 300 sec this turn | 300 sec total\n|\n|t:|1783547398\n|move|p2a: Great Tusk|Earthquake|p1a: Reuniclus\n|-damage|p1a: Reuniclus|39/100\n|move|p1a: Reuniclus|Focus Blast|p2a: Great Tusk\n|-damage|p2a: Great Tusk|86/304\n|\n|-heal|p2a: Great Tusk|105/304|[from] item: Leftovers\n|upkeep\n|turn|14\n|inactive|Time left: 300 sec this turn | 300 sec total\n|\n|t:|1783547399\n|switch|p1a: Honchkrow|Honchkrow, L86, F|100/100\n|move|p2a: Great Tusk|Earthquake|p1a: Honchkrow\n|-immune|p1a: Honchkrow\n|\n|-heal|p2a: Great Tusk|124/304|[from] item: Leftovers\n|upkeep\n|turn|15\n|inactive|Time left: 300 sec this turn | 300 sec total\n|\n|t:|1783547401\n|move|p2a: Great Tusk|Stone Edge|p1a: Honchkrow\n|-supereffective|p1a: Honchkrow\n|-damage|p1a: Honchkrow|0 fnt\n|faint|p1a: Honchkrow\n|\n|-heal|p2a: Great Tusk|143/304|[from] item: Leftovers\n|upkeep\n|\n|t:|1783547402\n|switch|p1a: Copperajah|Copperajah, L86, M|100/100\n|turn|16\n|inactive|Time left: 300 sec this turn | 300 sec total\n|\n|t:|1783547403\n|-terastallize|p1a: Copperajah|Fairy\n|move|p2a: Great Tusk|Earthquake|p1a: Copperajah\n|-damage|p1a: Copperajah|44/100\n|move|p1a: Copperajah|Play Rough|p2a: Great Tusk\n|-supereffective|p2a: Great Tusk\n|-damage|p2a: Great Tusk|0 fnt\n|faint|p2a: Great Tusk\n|-end|p2a: Great Tusk|Protosynthesis|[silent]\n|\n|upkeep\n|inactive|Time left: 300 sec this turn | 300 sec total | 5 sec grace\n|\n|t:|1783547404\n|switch|p2a: Chien-Pao|Chien-Pao, L72|234/234\n|-ability|p2a: Chien-Pao|Sword of Ruin\n|turn|17\n|inactive|Time left: 300 sec this turn | 300 sec total\n|\n|t:|1783547405\n|move|p2a: Chien-Pao|Icicle Crash|p1a: Copperajah\n|-damage|p1a: Copperajah|0 fnt\n|faint|p1a: Copperajah\n|\n|upkeep\n|\n|t:|1783547406\n|switch|p1a: Arcanine|Arcanine-Hisui, L79, F|100/100\n|turn|18\n|inactive|Time left: 300 sec this turn | 300 sec total\n|\n|t:|1783547407\n|switch|p2a: Ursaring|Ursaring, L84, M|288/288\n|move|p1a: Arcanine|Head Smash|p2a: Ursaring\n|-damage|p2a: Ursaring|165/288\n|\n|upkeep\n|turn|19\n|inactive|Time left: 300 sec this turn | 300 sec total\n|\n|t:|1783547408\n|move|p1a: Arcanine|Flare Blitz|p2a: Ursaring\n|-damage|p2a: Ursaring|60/288\n|move|p2a: Ursaring|Earthquake|p1a: Arcanine\n|-supereffective|p1a: Arcanine\n|-damage|p1a: Arcanine|0 fnt\n|faint|p1a: Arcanine\n|\n|upkeep\n|\n|t:|1783547409\n|switch|p1a: Reuniclus|Reuniclus, L88, M|39/100\n|turn|20\n|inactive|Time left: 300 sec this turn | 300 sec total\n|\n|t:|1783547411\n|switch|p2a: Chien-Pao|Chien-Pao, L72|234/234\n|-ability|p2a: Chien-Pao|Sword of Ruin\n|move|p1a: Reuniclus|Recover|p1a: Reuniclus\n|-heal|p1a: Reuniclus|89/100\n|\n|upkeep\n|turn|21\n|inactive|Time left: 300 sec this turn | 300 sec total\n|\n|t:|1783547412\n|move|p2a: Chien-Pao|Crunch|p1a: Reuniclus\n|-supereffective|p1a: Reuniclus\n|-damage|p1a: Reuniclus|0 fnt\n|faint|p1a: Reuniclus\n|\n|win|p0y6515242", "uploadtime": 1783547412, "views": 0, "rating": 0, "private": 0, "password": null, "_winner": "p0y6515242", "_our_name": "p0y6515242"}