{"id": "battle-gen9randombattle-860", "formatid": "gen9randombattle", "format": "[Gen 9] Random Battle", "players": ["p0x860a983", "p0y860942b"], "log": "|init|battle\n|title|p0x860a983 vs. p0y860942b\n|j|\u2606p0x860a983\n|j|\u2606p0y860942b\n|t:|1783549856\n|gametype|singles\n|player|p1|p0x860a983|170|\n|player|p2|p0y860942b|102|\n|gen|9\n|tier|[Gen 9] Random Battle\n|rule|Species Clause: Limit one of each Pok\u00e9mon\n|rule|HP Percentage Mod: HP is shown in percentages\n|rule|Sleep Clause Mod: Limit one foe put to sleep\n|rule|Illusion Level Mod: Illusion disguises the Pok\u00e9mon's true level\n|\n|t:|1783549856\n|teamsize|p1|6\n|teamsize|p2|6\n|start\n|switch|p1a: Pawmot|Pawmot, L80, F|100/100\n|switch|p2a: Golduck|Golduck, L90, F|290/290\n|-ability|p2a: Golduck|Cloud Nine\n|turn|1\n|inactive|Battle timer is ON: inactive players will automatically lose when time's up. (requested by p0y860942b)\n|inactive|p0x860a983 also wants the timer to be on.\n|\n|t:|1783549858\n|switch|p2a: Ampharos|Ampharos, L88, M|302/302\n|move|p1a: Pawmot|Double Shock|p2a: Ampharos\n|-resisted|p2a: Ampharos\n|-damage|p2a: Ampharos|224/302\n|-start|p1a: Pawmot|typechange|???/Fighting|[from] move: Double Shock\n|-status|p1a: Pawmot|par|[from] ability: Static|[of] p2a: Ampharos\n|-damage|p1a: Pawmot|91/100 par|[from] item: Life Orb\n|\n|upkeep\n|turn|2\n|inactive|Time left: 300 sec this turn | 300 sec total\n|\n|t:|1783549859\n|switch|p1a: Donphan|Donphan, L84, M|100/100\n|move|p2a: Ampharos|Dazzling Gleam|p1a: Donphan\n|-damage|p1a: Donphan|79/100\n|\n|upkeep\n|turn|3\n|inactive|Time left: 300 sec this turn | 300 sec total\n|\n|t:|1783549861\n|switch|p2a: Brute Bonnet|Brute Bonnet, L80|309/309\n|move|p1a: Donphan|Earthquake|p2a: Brute Bonnet\n|-resisted|p2a: Brute Bonnet\n|-damage|p2a: Brute Bonnet|244/309\n|\n|-heal|p2a: Brute Bonnet|263/309|[from] item: Leftovers\n|upkeep\n|turn|4\n|inactive|Time left: 300 sec this turn | 300 sec total\n|\n|t:|1783549862\n|move|p2a: Brute Bonnet|Spore|p1a: Donphan\n|-status|p1a: Donphan|slp|[from] move: Spore\n|cant|p1a: Donphan|slp\n|\n|-heal|p2a: Brute Bonnet|282/309|[from] item: Leftovers\n|upkeep\n|turn|5\n|inactive|Time left: 300 sec this turn | 300 sec total\n|\n|t:|1783549863\n|switch|p1a: Farigiraf|Farigiraf, L90, F|100/100\n|move|p2a: Brute Bonnet|Crunch|p1a: Farigiraf\n|-supereffective|p1a: Farigiraf\n|-damage|p1a: Farigiraf|39/100\n|\n|-heal|p1a: Farigiraf|45/100|[from] item: Leftovers\n|-heal|p2a: Brute Bonnet|301/309|[from] item: Leftovers\n|upkeep\n|turn|6\n|inactive|Time left: 300 sec this turn | 300 sec total\n|\n|t:|1783549864\n|move|p1a: Farigiraf|Protect|p1a: Farigiraf\n|-singleturn|p1a: Farigiraf|Protect\n|move|p2a: Brute Bonnet|Crunch|p1a: Farigiraf\n|-activate|p1a: Farigiraf|move: Protect\n|\n|-heal|p1a: Farigiraf|51/100|[from] item: Leftovers\n|-heal|p2a: Brute Bonnet|309/309|[from] item: Leftovers\n|upkeep\n|turn|7\n|inactive|Time left: 300 sec this turn | 300 sec total\n|\n|t:|1783549865\n|switch|p1a: Magearna|Magearna, L77|100/100\n|move|p2a: Brute Bonnet|Crunch|p1a: Magearna\n|-resisted|p1a: Magearna\n|-damage|p1a: Magearna|82/100\n|\n|upkeep\n|turn|8\n|inactive|Time left: 300 sec this turn | 300 sec total\n|\n|t:|1783549866\n|-end|p2a: Brute Bonnet|Protosynthesis|[silent]\n|switch|p2a: Golduck|Golduck, L90, F|290/290\n|-ability|p2a: Golduck|Cloud Nine\n|move|p1a: Magearna|Shift Gear|p1a: Magearna\n|-boost|p1a: Magearna|spe|2\n|-boost|p1a: Magearna|atk|1\n|\n|upkeep\n|turn|9\n|inactive|Time left: 300 sec this turn | 300 sec total\n|\n|t:|1783549867\n|move|p1a: Magearna|Iron Head|p2a: Golduck\n|-resisted|p2a: Golduck\n|-damage|p2a: Golduck|233/290\n|move|p2a: Golduck|Hydro Pump|p1a: Magearna\n|-damage|p1a: Magearna|34/100\n|\n|-heal|p2a: Golduck|251/290|[from] item: Leftovers\n|upkeep\n|turn|10\n|inactive|Time left: 300 sec this turn | 300 sec total\n|\n|t:|1783549868\n|move|p1a: Magearna|Fleur Cannon|p2a: Golduck\n|-damage|p2a: Golduck|116/290\n|-unboost|p1a: Magearna|spa|2\n|move|p2a: Golduck|Hydro Pump|p1a: Magearna|[miss]\n|-miss|p2a: Golduck|p1a: Magearna\n|\n|-heal|p2a: Golduck|134/290|[from] item: Leftovers\n|upkeep\n|turn|11\n|inactive|Time left: 300 sec this turn | 300 sec total\n|\n|t:|1783549869\n|move|p1a: Magearna|Iron Head|p2a: Golduck\n|-resisted|p2a: Golduck\n|-damage|p2a: Golduck|79/290\n|cant|p2a: Golduck|flinch\n|\n|-heal|p2a: Golduck|97/290|[from] item: Leftovers\n|upkeep\n|turn|12\n|inactive|Time left: 300 sec this turn | 300 sec total\n|\n|t:|1783549871\n|move|p1a: Magearna|Iron Head|p2a: Golduck\n|-resisted|p2a: Golduck\n|-damage|p2a: Golduck|47/290\n|move|p2a: Golduck|Hydro Pump|p1a: Magearna|[miss]\n|-miss|p2a: Golduck|p1a: Magearna\n|\n|-heal|p2a: Golduck|65/290|[from] item: Leftovers\n|upkeep\n|turn|13\n|inactive|Time left: 300 sec this turn | 300 sec total\n|\n|t:|1783549872\n|move|p1a: Magearna|Fleur Cannon|p2a: Golduck\n|-damage|p2a: Golduck|0 fnt\n|-unboost|p1a: Magearna|spa|2\n|faint|p2a: Golduck\n|-ability|p1a: Magearna|Soul-Heart|boost\n|-boost|p1a: Magearna|spa|1\n|\n|upkeep\n|inactive|Time left: 300 sec this turn | 300 sec total | 5 sec grace\n|\n|t:|1783549873\n|switch|p2a: Bellibolt|Bellibolt, L84, M|320/320\n|turn|14\n|inactive|Time left: 300 sec this turn | 300 sec total\n|\n|t:|1783549874\n|switch|p1a: Donphan|Donphan, L84, M|79/100 slp\n|move|p2a: Bellibolt|Muddy Water|p1a: Donphan\n|-supereffective|p1a: Donphan\n|-damage|p1a: Donphan|39/100 slp\n|\n|upkeep\n|turn|15\n|inactive|Time left: 300 sec this turn | 300 sec total\n|\n|t:|1783549875\n|cant|p1a: Donphan|slp\n|move|p2a: Bellibolt|Muddy Water|p1a: Donphan\n|-supereffective|p1a: Donphan\n|-damage|p1a: Donphan|0 fnt\n|faint|p1a: Donphan\n|\n|upkeep\n|\n|t:|1783549876\n|switch|p1a: Farigiraf|Farigiraf, L90, F|51/100\n|turn|16\n|inactive|Time left: 300 sec this turn | 300 sec total\n|\n|t:|1783549877\n|move|p1a: Farigiraf|Wish|p1a: Farigiraf\n|move|p2a: Bellibolt|Thunderbolt|p1a: Farigiraf\n|-damage|p1a: Farigiraf|23/100\n|\n|-heal|p1a: Farigiraf|29/100|[from] item: Leftovers\n|upkeep\n|turn|17\n|inactive|Time left: 300 sec this turn | 300 sec total\n|\n|t:|1783549878\n|move|p1a: Farigiraf|Protect|p1a: Farigiraf\n|-singleturn|p1a: Farigiraf|Protect\n|move|p2a: Bellibolt|Thunderbolt|p1a: Farigiraf\n|-activate|p1a: Farigiraf|move: Protect\n|\n|-heal|p1a: Farigiraf|79/100|[from] move: Wish|[wisher] Farigiraf\n|-heal|p1a: Farigiraf|85/100|[from] item: Leftovers\n|upkeep\n|turn|18\n|inactive|Time left: 300 sec this turn | 300 sec total\n|\n|t:|1783549879\n|move|p1a: Farigiraf|Wish|p1a: Farigiraf\n|move|p2a: Bellibolt|Thunderbolt|p1a: Farigiraf\n|-damage|p1a: Farigiraf|53/100\n|\n|-heal|p1a: Farigiraf|59/100|[from] item: Leftovers\n|upkeep\n|turn|19\n|inactive|Time left: 300 sec this turn | 300 sec total\n|\n|t:|1783549880\n|move|p1a: Farigiraf|Psychic Noise|p2a: Bellibolt\n|-damage|p2a: Bellibolt|214/320\n|-start|p2a: Bellibolt|move: Heal Block\n|-start|p2a: Bellibolt|Charge|Psychic Noise|[from] ability: Electromorphosis\n|move|p2a: Bellibolt|Thunderbolt|p1a: Farigiraf\n|-damage|p1a: Farigiraf|2/100\n|-end|p2a: Bellibolt|Charge|[silent]\n|\n|-heal|p1a: Farigiraf|52/100|[from] move: Wish|[wisher] Farigiraf\n|-heal|p1a: Farigiraf|59/100|[from] item: Leftovers\n|upkeep\n|turn|20\n|inactive|Time left: 300 sec this turn | 300 sec total\n|\n|t:|1783549881\n|move|p1a: Farigiraf|Psychic Noise|p2a: Bellibolt\n|-damage|p2a: Bellibolt|102/320\n|-start|p2a: Bellibolt|Charge|Psychic Noise|[from] ability: Electromorphosis\n|move|p2a: Bellibolt|Thunderbolt|p1a: Farigiraf\n|-damage|p1a: Farigiraf|0 fnt\n|faint|p1a: Farigiraf\n|-end|p2a: Bellibolt|Charge|[silent]\n|\n|-end|p2a: Bellibolt|move: Heal Block\n|upkeep\n|\n|t:|1783549882\n|switch|p1a: Bruxish|Bruxish, L85, M|100/100\n|turn|21\n|inactive|Time left: 300 sec this turn | 300 sec total\n|\n|t:|1783549883\n|switch|p2a: Bisharp|Bisharp, L79, M|232/232\n|move|p1a: Bruxish|Psychic Fangs|p2a: Bisharp\n|-immune|p2a: Bisharp\n|\n|upkeep\n|turn|22\n|inactive|Time left: 300 sec this turn | 300 sec total\n|\n|t:|1783549884\n|switch|p1a: Milotic|Milotic, L83, F|100/100\n|move|p2a: Bisharp|Swords Dance|p2a: Bisharp\n|-boost|p2a: Bisharp|atk|2\n|\n|upkeep\n|turn|23\n|inactive|Time left: 300 sec this turn | 300 sec total\n|\n|t:|1783549885\n|move|p1a: Milotic|Scald|p2a: Bisharp\n|-damage|p2a: Bisharp|160/232\n|move|p2a: Bisharp|Throat Chop|p1a: Milotic\n|-damage|p1a: Milotic|38/100\n|-start|p1a: Milotic|Throat Chop|[silent]\n|\n|-heal|p1a: Milotic|44/100|[from] item: Leftovers\n|upkeep\n|turn|24\n|inactive|Time left: 300 sec this turn | 300 sec total\n|\n|t:|1783549886\n|move|p1a: Milotic|Haze|p1a: Milotic\n|-clearallboost\n|move|p2a: Bisharp|Throat Chop|p1a: Milotic\n|-damage|p1a: Milotic|7/100\n|\n|-heal|p1a: Milotic|13/100|[from] item: Leftovers\n|-end|p1a: Milotic|Throat Chop|[silent]\n|upkeep\n|turn|25\n|inactive|Time left: 300 sec this turn | 300 sec total\n|\n|t:|1783549887\n|move|p1a: Milotic|Recover|p1a: Milotic\n|-heal|p1a: Milotic|63/100\n|move|p2a: Bisharp|Swords Dance|p2a: Bisharp\n|-boost|p2a: Bisharp|atk|2\n|\n|-heal|p1a: Milotic|69/100|[from] item: Leftovers\n|upkeep\n|turn|26\n|inactive|Time left: 300 sec this turn | 300 sec total\n|\n|t:|1783549888\n|move|p1a: Milotic|Haze|p1a: Milotic\n|-clearallboost\n|move|p2a: Bisharp|Throat Chop|p1a: Milotic\n|-damage|p1a: Milotic|36/100\n|-start|p1a: Milotic|Throat Chop|[silent]\n|\n|-heal|p1a: Milotic|42/100|[from] item: Leftovers\n|upkeep\n|turn|27\n|inactive|Time left: 300 sec this turn | 300 sec total\n|\n|t:|1783549890\n|move|p1a: Milotic|Scald|p2a: Bisharp\n|-damage|p2a: Bisharp|91/232\n|move|p2a: Bisharp|Swords Dance|p2a: Bisharp\n|-boost|p2a: Bisharp|atk|2\n|\n|-heal|p1a: Milotic|49/100|[from] item: Leftovers\n|-end|p1a: Milotic|Throat Chop|[silent]\n|upkeep\n|turn|28\n|inactive|Time left: 300 sec this turn | 300 sec total\n|\n|t:|1783549891\n|move|p1a: Milotic|Haze|p1a: Milotic\n|-clearallboost\n|move|p2a: Bisharp|Throat Chop|p1a: Milotic\n|-damage|p1a: Milotic|16/100\n|-start|p1a: Milotic|Throat Chop|[silent]\n|\n|-heal|p1a: Milotic|22/100|[from] item: Leftovers\n|upkeep\n|turn|29\n|inactive|Time left: 300 sec this turn | 300 sec total\n|\n|t:|1783549892\n|move|p1a: Milotic|Recover|p1a: Milotic\n|-heal|p1a: Milotic|72/100\n|move|p2a: Bisharp|Throat Chop|p1a: Milotic\n|-damage|p1a: Milotic|36/100\n|\n|-heal|p1a: Milotic|42/100|[from] item: Leftovers\n|-end|p1a: Milotic|Throat Chop|[silent]\n|upkeep\n|turn|30\n|inactive|Time left: 300 sec this turn | 300 sec total\n|\n|t:|1783549893\n|move|p1a: Milotic|Recover|p1a: Milotic\n|-heal|p1a: Milotic|93/100\n|move|p2a: Bisharp|Throat Chop|p1a: Milotic\n|-damage|p1a: Milotic|56/100\n|-start|p1a: Milotic|Throat Chop|[silent]\n|\n|-heal|p1a: Milotic|62/100|[from] item: Leftovers\n|upkeep\n|turn|31\n|inactive|Time left: 300 sec this turn | 300 sec total\n|\n|t:|1783549894\n|switch|p2a: Ampharos|Ampharos, L88, M|224/302\n|move|p1a: Milotic|Scald|p2a: Ampharos\n|-crit|p2a: Ampharos\n|-damage|p2a: Ampharos|142/302\n|\n|-heal|p1a: Milotic|68/100|[from] item: Leftovers\n|-end|p1a: Milotic|Throat Chop|[silent]\n|upkeep\n|turn|32\n|inactive|Time left: 300 sec this turn | 300 sec total\n|\n|t:|1783549895\n|move|p1a: Milotic|Recover|p1a: Milotic\n|-heal|p1a: Milotic|100/100\n|move|p2a: Ampharos|Thunderbolt|p1a: Milotic\n|-supereffective|p1a: Milotic\n|-damage|p1a: Milotic|31/100\n|\n|-heal|p1a: Milotic|37/100|[from] item: Leftovers\n|upkeep\n|turn|33\n|inactive|Time left: 300 sec this turn | 300 sec total\n|\n|t:|1783549896\n|move|p1a: Milotic|Recover|p1a: Milotic\n|-heal|p1a: Milotic|87/100\n|move|p2a: Ampharos|Thunderbolt|p1a: Milotic\n|-supereffective|p1a: Milotic\n|-damage|p1a: Milotic|21/100\n|\n|-heal|p1a: Milotic|27/100|[from] item: Leftovers\n|upkeep\n|turn|34\n|inactive|Time left: 300 sec this turn | 300 sec total\n|\n|t:|1783549897\n|-terastallize|p1a: Milotic|Dragon\n|move|p1a: Milotic|Recover|p1a: Milotic\n|-heal|p1a: Milotic|77/100\n|move|p2a: Ampharos|Thunderbolt|p1a: Milotic\n|-resisted|p1a: Milotic\n|-damage|p1a: Milotic|61/100\n|\n|-heal|p1a: Milotic|67/100|[from] item: Leftovers\n|upkeep\n|turn|35\n|inactive|Time left: 300 sec this turn | 300 sec total\n|\n|t:|1783549898\n|move|p1a: Milotic|Scald|p2a: Ampharos\n|-damage|p2a: Ampharos|88/302\n|move|p2a: Ampharos|Dazzling Gleam|p1a: Milotic\n|-supereffective|p1a: Milotic\n|-damage|p1a: Milotic|29/100\n|\n|-heal|p1a: Milotic|35/100|[from] item: Leftovers\n|upkeep\n|turn|36\n|inactive|Time left: 300 sec this turn | 300 sec total\n|\n|t:|1783549900\n|move|p1a: Milotic|Recover|p1a: Milotic\n|-heal|p1a: Milotic|85/100\n|move|p2a: Ampharos|Dazzling Gleam|p1a: Milotic\n|-supereffective|p1a: Milotic\n|-damage|p1a: Milotic|48/100\n|\n|-heal|p1a: Milotic|54/100|[from] item: Leftovers\n|upkeep\n|turn|37\n|inactive|Time left: 300 sec this turn | 300 sec total\n|\n|t:|1783549900\n|-terastallize|p2a: Ampharos|Fairy\n|move|p1a: Milotic|Recover|p1a: Milotic\n|-heal|p1a: Milotic|100/100\n|move|p2a: Ampharos|Dazzling Gleam|p1a: Milotic\n|-supereffective|p1a: Milotic\n|-damage|p1a: Milotic|47/100\n|\n|-heal|p1a: Milotic|53/100|[from] item: Leftovers\n|upkeep\n|turn|38\n|inactive|Time left: 300 sec this turn | 300 sec total\n|\n|t:|1783549901\n|move|p1a: Milotic|Ice Beam|p2a: Ampharos\n|-damage|p2a: Ampharos|48/302\n|move|p2a: Ampharos|Dazzling Gleam|p1a: Milotic\n|-supereffective|p1a: Milotic\n|-damage|p1a: Milotic|0 fnt\n|faint|p1a: Milotic\n|\n|upkeep\n|\n|t:|1783549903\n|switch|p1a: Bruxish|Bruxish, L85, M|100/100\n|turn|39\n|inactive|Time left: 300 sec this turn | 300 sec total\n|\n|t:|1783549903\n|switch|p2a: Brute Bonnet|Brute Bonnet, L80|309/309\n|move|p1a: Bruxish|Wave Crash|p2a: Brute Bonnet\n|-resisted|p2a: Brute Bonnet\n|-damage|p2a: Brute Bonnet|246/309\n|-damage|p1a: Bruxish|92/100|[from] Recoil\n|\n|-heal|p2a: Brute Bonnet|265/309|[from] item: Leftovers\n|upkeep\n|turn|40\n|inactive|Time left: 300 sec this turn | 300 sec total\n|\n|t:|1783549904\n|switch|p1a: Magearna|Magearna, L77|34/100\n|move|p2a: Brute Bonnet|Crunch|p1a: Magearna\n|-resisted|p1a: Magearna\n|-damage|p1a: Magearna|16/100\n|\n|-heal|p2a: Brute Bonnet|284/309|[from] item: Leftovers\n|upkeep\n|turn|41\n|inactive|Time left: 300 sec this turn | 300 sec total\n|\n|t:|1783549906\n|-end|p2a: Brute Bonnet|Protosynthesis|[silent]\n|switch|p2a: Ampharos|Ampharos, L88, M, tera:Fairy|48/302\n|move|p1a: Magearna|Fleur Cannon|p2a: Ampharos|[miss]\n|-miss|p1a: Magearna|p2a: Ampharos\n|\n|upkeep\n|turn|42\n|inactive|Time left: 300 sec this turn | 300 sec total\n|\n|t:|1783549907\n|move|p2a: Ampharos|Volt Switch|p1a: Magearna\n|-damage|p1a: Magearna|0 fnt\n|faint|p1a: Magearna\n|inactive|Time left: 300 sec this turn | 300 sec total | 5 sec grace\n|\n|t:|1783549908\n|switch|p2a: Brute Bonnet|Brute Bonnet, L80|284/309|[from] Volt Switch\n|\n|-heal|p2a: Brute Bonnet|303/309|[from] item: Leftovers\n|upkeep\n|\n|t:|1783549909\n|switch|p1a: Pawmot|Pawmot, L80, F|91/100 par\n|turn|43\n|inactive|Time left: 300 sec this turn | 300 sec total\n|\n|t:|1783549910\n|-end|p2a: Brute Bonnet|Protosynthesis|[silent]\n|switch|p2a: Bellibolt|Bellibolt, L84, M|102/320\n|move|p1a: Pawmot|Close Combat|p2a: Bellibolt\n|-damage|p2a: Bellibolt|0 fnt\n|-unboost|p1a: Pawmot|def|1\n|-unboost|p1a: Pawmot|spd|1\n|faint|p2a: Bellibolt\n|-damage|p1a: Pawmot|81/100 par|[from] item: Life Orb\n|\n|upkeep\n|inactive|Time left: 300 sec this turn | 300 sec total | 5 sec grace\n|\n|t:|1783549911\n|switch|p2a: Ampharos|Ampharos, L88, M, tera:Fairy|48/302\n|turn|44\n|inactive|Time left: 300 sec this turn | 300 sec total\n|\n|t:|1783549912\n|move|p2a: Ampharos|Dazzling Gleam|p1a: Pawmot\n|-supereffective|p1a: Pawmot\n|-damage|p1a: Pawmot|0 fnt\n|faint|p1a: Pawmot\n|\n|upkeep\n|\n|t:|1783549913\n|switch|p1a: Bruxish|Bruxish, L85, M|92/100\n|turn|45\n|inactive|Time left: 300 sec this turn | 300 sec total\n|\n|t:|1783549914\n|switch|p2a: Brute Bonnet|Brute Bonnet, L80|303/309\n|move|p1a: Bruxish|Ice Fang|p2a: Brute Bonnet\n|-supereffective|p2a: Brute Bonnet\n|-damage|p2a: Brute Bonnet|153/309\n|\n|-heal|p2a: Brute Bonnet|172/309|[from] item: Leftovers\n|upkeep\n|turn|46\n|inactive|Time left: 300 sec this turn | 300 sec total\n|\n|t:|1783549915\n|move|p2a: Brute Bonnet|Sucker Punch|p1a: Bruxish\n|-supereffective|p1a: Bruxish\n|-damage|p1a: Bruxish|21/100\n|move|p1a: Bruxish|Ice Fang|p2a: Brute Bonnet\n|-supereffective|p2a: Brute Bonnet\n|-damage|p2a: Brute Bonnet|18/309\n|\n|-heal|p2a: Brute Bonnet|37/309|[from] item: Leftovers\n|upkeep\n|turn|47\n|inactive|Time left: 300 sec this turn | 300 sec total\n|\n|t:|1783549916\n|move|p2a: Brute Bonnet|Sucker Punch|p1a: Bruxish\n|-supereffective|p1a: Bruxish\n|-damage|p1a: Bruxish|0 fnt\n|faint|p1a: Bruxish\n|\n|win|p0y860942b", "uploadtime": 1783549916, "views": 0, "rating": 0, "private": 0, "password": null, "_winner": "p0y860942b", "_our_name": "p0y860942b"}