{"id": "battle-gen9randombattle-90", "formatid": "gen9randombattle", "format": "[Gen 9] Random Battle", "players": ["p0x0902629", "p0y090c096"], "log": "|init|battle\n|title|p0x0902629 vs. p0y090c096\n|j|\u2606p0x0902629\n|j|\u2606p0y090c096\n|t:|1783534820\n|gametype|singles\n|player|p1|p0x0902629|2|\n|player|p2|p0y090c096|170|\n|gen|9\n|tier|[Gen 9] Random Battle\n|rule|Species Clause: Limit one of each Pok\u00e9mon\n|rule|HP Percentage Mod: HP is shown in percentages\n|rule|Sleep Clause Mod: Limit one foe put to sleep\n|rule|Illusion Level Mod: Illusion disguises the Pok\u00e9mon's true level\n|\n|t:|1783534820\n|teamsize|p1|6\n|teamsize|p2|6\n|start\n|switch|p1a: Zekrom|Zekrom, L71|100/100\n|switch|p2a: Gastrodon|Gastrodon, L86, M|331/331\n|-ability|p1a: Zekrom|Teravolt\n|turn|1\n|inactive|Battle timer is ON: inactive players will automatically lose when time's up. (requested by p0x0902629)\n|inactive|Time left: 300 sec this turn | 300 sec total | 60 sec grace\n|inactive|p0y090c096 also wants the timer to be on.\n|\n|t:|1783534822\n|move|p1a: Zekrom|Outrage|p2a: Gastrodon\n|-damage|p2a: Gastrodon|172/331\n|move|p2a: Gastrodon|Earthquake|p1a: Zekrom\n|-supereffective|p1a: Zekrom\n|-damage|p1a: Zekrom|28/100\n|\n|-heal|p1a: Zekrom|34/100|[from] item: Leftovers\n|-heal|p2a: Gastrodon|192/331|[from] item: Leftovers\n|upkeep\n|turn|2\n|inactive|Time left: 300 sec this turn | 300 sec total\n|\n|t:|1783534823\n|move|p1a: Zekrom|Outrage|p2a: Gastrodon|[from] lockedmove\n|-damage|p2a: Gastrodon|24/331\n|-start|p1a: Zekrom|confusion|[fatigue]\n|move|p2a: Gastrodon|Earthquake|p1a: Zekrom\n|-supereffective|p1a: Zekrom\n|-damage|p1a: Zekrom|0 fnt\n|faint|p1a: Zekrom\n|\n|-heal|p2a: Gastrodon|44/331|[from] item: Leftovers\n|upkeep\n|\n|t:|1783534824\n|switch|p1a: Cloyster|Cloyster, L80, F|100/100\n|turn|3\n|inactive|Time left: 300 sec this turn | 300 sec total\n|\n|t:|1783534825\n|switch|p2a: Stantler|Stantler, L92, M|284/284\n|-ability|p2a: Stantler|Intimidate|boost\n|-unboost|p1a: Cloyster|atk|1\n|-enditem|p1a: Cloyster|White Herb\n|-clearnegativeboost|p1a: Cloyster|[silent]\n|move|p1a: Cloyster|Shell Smash|p1a: Cloyster\n|-unboost|p1a: Cloyster|def|1\n|-unboost|p1a: Cloyster|spd|1\n|-boost|p1a: Cloyster|atk|2\n|-boost|p1a: Cloyster|spa|2\n|-boost|p1a: Cloyster|spe|2\n|\n|upkeep\n|turn|4\n|inactive|Time left: 300 sec this turn | 300 sec total\n|\n|t:|1783534826\n|move|p1a: Cloyster|Shell Smash|p1a: Cloyster\n|-unboost|p1a: Cloyster|def|1\n|-unboost|p1a: Cloyster|spd|1\n|-boost|p1a: Cloyster|atk|2\n|-boost|p1a: Cloyster|spa|2\n|-boost|p1a: Cloyster|spe|2\n|move|p2a: Stantler|Tera Blast|p1a: Cloyster\n|-damage|p1a: Cloyster|0 fnt\n|faint|p1a: Cloyster\n|\n|upkeep\n|\n|t:|1783534826\n|switch|p1a: Sceptile|Sceptile, L87, M|100/100\n|turn|5\n|inactive|Time left: 300 sec this turn | 300 sec total\n|\n|t:|1783534827\n|switch|p2a: Heracross|Heracross, L80, F|259/259\n|move|p1a: Sceptile|Swords Dance|p1a: Sceptile\n|-boost|p1a: Sceptile|atk|2\n|\n|-status|p2a: Heracross|brn|[from] item: Flame Orb\n|upkeep\n|turn|6\n|inactive|Time left: 300 sec this turn | 300 sec total\n|\n|t:|1783534828\n|move|p1a: Sceptile|Rock Slide|p2a: Heracross\n|-damage|p2a: Heracross|94/259 brn\n|-damage|p1a: Sceptile|91/100|[from] item: Life Orb\n|move|p2a: Heracross|Close Combat|p1a: Sceptile\n|-damage|p1a: Sceptile|0 fnt\n|-unboost|p2a: Heracross|def|1\n|-unboost|p2a: Heracross|spd|1\n|faint|p1a: Sceptile\n|\n|-damage|p2a: Heracross|78/259 brn|[from] brn\n|upkeep\n|\n|t:|1783534829\n|switch|p1a: Floatzel|Floatzel, L86, F|100/100\n|turn|7\n|inactive|Time left: 300 sec this turn | 300 sec total\n|\n|t:|1783534830\n|switch|p2a: Stantler|Stantler, L92, M|284/284\n|-ability|p2a: Stantler|Intimidate|boost\n|-unboost|p1a: Floatzel|atk|1\n|move|p1a: Floatzel|Ice Spinner|p2a: Stantler\n|-damage|p2a: Stantler|238/284\n|\n|upkeep\n|turn|8\n|inactive|Time left: 300 sec this turn | 300 sec total\n|\n|t:|1783534831\n|switch|p1a: Giratina|Giratina-Origin, L72|100/100\n|move|p2a: Stantler|Calm Mind|p2a: Stantler\n|-boost|p2a: Stantler|spa|1\n|-boost|p2a: Stantler|spd|1\n|\n|upkeep\n|turn|9\n|inactive|Time left: 300 sec this turn | 300 sec total\n|\n|t:|1783534832\n|move|p2a: Stantler|Shadow Ball|p1a: Giratina\n|-supereffective|p1a: Giratina\n|-damage|p1a: Giratina|46/100\n|move|p1a: Giratina|Dragon Tail|p2a: Stantler\n|-damage|p2a: Stantler|186/284\n|drag|p2a: Polteageist|Polteageist, L78|222/222\n|\n|upkeep\n|turn|10\n|inactive|Time left: 300 sec this turn | 300 sec total\n|\n|t:|1783534833\n|switch|p2a: Stantler|Stantler, L92, M|186/284\n|-ability|p2a: Stantler|Intimidate|boost\n|-unboost|p1a: Giratina|atk|1\n|move|p1a: Giratina|Poltergeist|p2a: Stantler\n|-immune|p2a: Stantler\n|\n|upkeep\n|turn|11\n|inactive|Time left: 300 sec this turn | 300 sec total\n|\n|t:|1783534834\n|switch|p1a: Hitmonchan|Hitmonchan, L87, M|100/100\n|move|p2a: Stantler|Calm Mind|p2a: Stantler\n|-boost|p2a: Stantler|spa|1\n|-boost|p2a: Stantler|spd|1\n|\n|upkeep\n|turn|12\n|inactive|Time left: 300 sec this turn | 300 sec total\n|\n|t:|1783534835\n|-terastallize|p2a: Stantler|Fairy\n|move|p2a: Stantler|Tera Blast|p1a: Hitmonchan|[anim] Tera Blast Fairy\n|-supereffective|p1a: Hitmonchan\n|-damage|p1a: Hitmonchan|42/100\n|move|p1a: Hitmonchan|Knock Off|p2a: Stantler\n|-resisted|p2a: Stantler\n|-crit|p2a: Stantler\n|-damage|p2a: Stantler|142/284\n|-enditem|p2a: Stantler|Eviolite|[from] move: Knock Off|[of] p1a: Hitmonchan\n|\n|upkeep\n|turn|13\n|inactive|Time left: 300 sec this turn | 300 sec total\n|\n|t:|1783534836\n|-terastallize|p1a: Hitmonchan|Steel\n|move|p2a: Stantler|Tera Blast|p1a: Hitmonchan|[anim] Tera Blast Fairy\n|-resisted|p1a: Hitmonchan\n|-damage|p1a: Hitmonchan|27/100\n|move|p1a: Hitmonchan|Poison Jab|p2a: Stantler\n|-supereffective|p2a: Stantler\n|-damage|p2a: Stantler|4/284\n|\n|upkeep\n|turn|14\n|inactive|Time left: 300 sec this turn | 300 sec total\n|\n|t:|1783534837\n|move|p2a: Stantler|Earth Power|p1a: Hitmonchan\n|-supereffective|p1a: Hitmonchan\n|-damage|p1a: Hitmonchan|0 fnt\n|faint|p1a: Hitmonchan\n|\n|upkeep\n|\n|t:|1783534838\n|switch|p1a: Floatzel|Floatzel, L86, F|100/100\n|turn|15\n|inactive|Time left: 300 sec this turn | 300 sec total\n|\n|t:|1783534839\n|switch|p2a: Gastrodon|Gastrodon, L86, M|44/331\n|move|p1a: Floatzel|Crunch|p2a: Gastrodon\n|-damage|p2a: Gastrodon|0 fnt\n|faint|p2a: Gastrodon\n|\n|upkeep\n|inactive|Time left: 300 sec this turn | 300 sec total | 5 sec grace\n|\n|t:|1783534840\n|switch|p2a: Avalugg|Avalugg-Hisui, L90, F|317/317\n|turn|16\n|inactive|Time left: 300 sec this turn | 300 sec total\n|\n|t:|1783534840\n|move|p1a: Floatzel|Crunch|p2a: Avalugg\n|-damage|p2a: Avalugg|272/317\n|move|p2a: Avalugg|Avalanche|p1a: Floatzel\n|-resisted|p1a: Floatzel\n|-damage|p1a: Floatzel|57/100\n|\n|upkeep\n|turn|17\n|inactive|Time left: 300 sec this turn | 300 sec total\n|\n|t:|1783534841\n|move|p1a: Floatzel|Crunch|p2a: Avalugg\n|-damage|p2a: Avalugg|225/317\n|move|p2a: Avalugg|Avalanche|p1a: Floatzel\n|-resisted|p1a: Floatzel\n|-damage|p1a: Floatzel|12/100\n|\n|upkeep\n|turn|18\n|inactive|Time left: 300 sec this turn | 300 sec total\n|\n|t:|1783534842\n|move|p1a: Floatzel|Crunch|p2a: Avalugg\n|-damage|p2a: Avalugg|179/317\n|move|p2a: Avalugg|Avalanche|p1a: Floatzel\n|-resisted|p1a: Floatzel\n|-damage|p1a: Floatzel|0 fnt\n|faint|p1a: Floatzel\n|\n|upkeep\n|\n|t:|1783534843\n|switch|p1a: Giratina|Giratina-Origin, L72|46/100\n|turn|19\n|inactive|Time left: 300 sec this turn | 300 sec total\n|\n|t:|1783534844\n|move|p1a: Giratina|Will-O-Wisp|p2a: Avalugg\n|-status|p2a: Avalugg|brn\n|move|p2a: Avalugg|Avalanche|p1a: Giratina\n|-supereffective|p1a: Giratina\n|-damage|p1a: Giratina|16/100\n|\n|-damage|p2a: Avalugg|160/317 brn|[from] brn\n|upkeep\n|turn|20\n|inactive|Time left: 300 sec this turn | 300 sec total\n|\n|t:|1783534845\n|move|p1a: Giratina|Draco Meteor|p2a: Avalugg\n|-damage|p2a: Avalugg|0 fnt\n|-unboost|p1a: Giratina|spa|2\n|faint|p2a: Avalugg\n|\n|upkeep\n|inactive|Time left: 300 sec this turn | 300 sec total | 5 sec grace\n|\n|t:|1783534845\n|switch|p2a: Heracross|Heracross, L80, F|78/259 brn\n|turn|21\n|inactive|Time left: 300 sec this turn | 300 sec total\n|\n|t:|1783534846\n|move|p2a: Heracross|Knock Off|p1a: Giratina\n|-supereffective|p1a: Giratina\n|-damage|p1a: Giratina|0 fnt\n|faint|p1a: Giratina\n|\n|win|p0y090c096", "uploadtime": 1783534846, "views": 0, "rating": 0, "private": 0, "password": null, "_winner": "p0y090c096", "_our_name": "p0y090c096"}