{"id": "battle-gen9randombattle-1124", "formatid": "gen9randombattle", "format": "[Gen 9] Random Battle", "players": ["p0x11246eb3", "p0y11242727"], "log": "|init|battle\n|title|p0x11246eb3 vs. p0y11242727\n|j|\u2606p0x11246eb3\n|j|\u2606p0y11242727\n|t:|1783552186\n|gametype|singles\n|player|p1|p0x11246eb3|265|\n|player|p2|p0y11242727|170|\n|gen|9\n|tier|[Gen 9] Random Battle\n|rule|Species Clause: Limit one of each Pok\u00e9mon\n|rule|HP Percentage Mod: HP is shown in percentages\n|rule|Sleep Clause Mod: Limit one foe put to sleep\n|rule|Illusion Level Mod: Illusion disguises the Pok\u00e9mon's true level\n|\n|t:|1783552186\n|teamsize|p1|6\n|teamsize|p2|6\n|start\n|switch|p1a: Flareon|Flareon, L90, M|100/100\n|switch|p2a: Garganacl|Garganacl, L80, F|291/291\n|turn|1\n|inactive|Battle timer is ON: inactive players will automatically lose when time's up. (requested by p0y11242727)\n|inactive|p0x11246eb3 also wants the timer to be on.\n|\n|t:|1783552188\n|move|p1a: Flareon|Trailblaze|p2a: Garganacl\n|-supereffective|p2a: Garganacl\n|-damage|p2a: Garganacl|217/291\n|-boost|p1a: Flareon|spe|1\n|move|p2a: Garganacl|Salt Cure|p1a: Flareon\n|-supereffective|p1a: Flareon\n|-damage|p1a: Flareon|62/100\n|-start|p1a: Flareon|Salt Cure\n|\n|-heal|p2a: Garganacl|235/291|[from] item: Leftovers\n|-damage|p1a: Flareon|50/100|[from] Salt Cure\n|-status|p1a: Flareon|tox|[from] item: Toxic Orb\n|upkeep\n|turn|2\n|inactive|Time left: 300 sec this turn | 300 sec total\n|\n|t:|1783552189\n|switch|p1a: Hatterene|Hatterene, L85, F|100/100\n|move|p2a: Garganacl|Salt Cure|p1a: Hatterene\n|-damage|p1a: Hatterene|85/100\n|-start|p1a: Hatterene|Salt Cure\n|\n|-heal|p2a: Garganacl|253/291|[from] item: Leftovers\n|-damage|p1a: Hatterene|73/100|[from] Salt Cure\n|upkeep\n|turn|3\n|inactive|Time left: 300 sec this turn | 300 sec total\n|\n|t:|1783552190\n|switch|p2a: Squawkabilly|Squawkabilly-Blue, L85, M|278/278\n|move|p1a: Hatterene|Draining Kiss|p2a: Squawkabilly\n|-damage|p2a: Squawkabilly|170/278\n|-heal|p1a: Hatterene|100/100|[from] drain|[of] p2a: Squawkabilly\n|\n|-damage|p1a: Hatterene|88/100|[from] Salt Cure\n|-status|p2a: Squawkabilly|brn|[from] item: Flame Orb\n|upkeep\n|turn|4\n|inactive|Time left: 300 sec this turn | 300 sec total\n|\n|t:|1783552191\n|switch|p1a: Lucario|Lucario, L84, F|100/100\n|move|p2a: Squawkabilly|Facade|p1a: Lucario\n|-resisted|p1a: Lucario\n|-damage|p1a: Lucario|44/100\n|\n|-damage|p2a: Squawkabilly|153/278 brn|[from] brn\n|upkeep\n|turn|5\n|inactive|Time left: 300 sec this turn | 300 sec total\n|\n|t:|1783552192\n|move|p1a: Lucario|Vacuum Wave|p2a: Squawkabilly\n|-damage|p2a: Squawkabilly|54/278 brn\n|-damage|p1a: Lucario|35/100|[from] item: Life Orb\n|move|p2a: Squawkabilly|Facade|p1a: Lucario\n|-resisted|p1a: Lucario\n|-damage|p1a: Lucario|0 fnt\n|faint|p1a: Lucario\n|\n|-damage|p2a: Squawkabilly|37/278 brn|[from] brn\n|upkeep\n|\n|t:|1783552193\n|switch|p1a: Vigoroth|Vigoroth, L85, M|100/100\n|turn|6\n|inactive|Time left: 300 sec this turn | 300 sec total\n|\n|t:|1783552194\n|move|p2a: Squawkabilly|Facade|p1a: Vigoroth\n|-damage|p1a: Vigoroth|42/100\n|move|p1a: Vigoroth|Bulk Up|p1a: Vigoroth\n|-boost|p1a: Vigoroth|atk|1\n|-boost|p1a: Vigoroth|def|1\n|\n|-damage|p2a: Squawkabilly|20/278 brn|[from] brn\n|upkeep\n|turn|7\n|inactive|Time left: 300 sec this turn | 300 sec total\n|\n|t:|1783552195\n|-terastallize|p2a: Squawkabilly|Normal\n|move|p2a: Squawkabilly|Facade|p1a: Vigoroth\n|-damage|p1a: Vigoroth|0 fnt\n|faint|p1a: Vigoroth\n|\n|-damage|p2a: Squawkabilly|3/278 brn|[from] brn\n|upkeep\n|\n|t:|1783552196\n|switch|p1a: Gastrodon|Gastrodon, L86, M|100/100\n|turn|8\n|inactive|Time left: 300 sec this turn | 300 sec total\n|\n|t:|1783552197\n|move|p2a: Squawkabilly|Facade|p1a: Gastrodon\n|-damage|p1a: Gastrodon|0 fnt\n|faint|p1a: Gastrodon\n|\n|-damage|p2a: Squawkabilly|0 fnt|[from] brn\n|faint|p2a: Squawkabilly\n|upkeep\n|inactive|Time left: 300 sec this turn | 300 sec total | 5 sec grace\n|\n|t:|1783552198\n|switch|p2a: Spiritomb|Spiritomb, L89, F|234/234\n|switch|p1a: Wo-Chien|Wo-Chien, L83|100/100\n|-ability|p1a: Wo-Chien|Tablets of Ruin\n|turn|9\n|inactive|Time left: 300 sec this turn | 300 sec total\n|\n|t:|1783552199\n|switch|p2a: Leavanny|Leavanny, L86, M|269/269\n|move|p1a: Wo-Chien|Knock Off|p2a: Leavanny\n|-damage|p2a: Leavanny|172/269\n|-enditem|p2a: Leavanny|Heavy-Duty Boots|[from] move: Knock Off|[of] p1a: Wo-Chien\n|\n|upkeep\n|turn|10\n|inactive|Time left: 300 sec this turn | 300 sec total\n|\n|t:|1783552200\n|switch|p1a: Hatterene|Hatterene, L85, F|88/100\n|move|p2a: Leavanny|Lunge|p1a: Hatterene\n|-damage|p1a: Hatterene|50/100\n|-unboost|p1a: Hatterene|atk|1\n|\n|upkeep\n|turn|11\n|inactive|Time left: 300 sec this turn | 300 sec total\n|\n|t:|1783552201\n|move|p2a: Leavanny|Leaf Blade|p1a: Hatterene\n|-damage|p1a: Hatterene|7/100\n|move|p1a: Hatterene|Mystical Fire|p2a: Leavanny\n|-supereffective|p2a: Leavanny\n|-damage|p2a: Leavanny|0 fnt\n|faint|p2a: Leavanny\n|\n|upkeep\n|inactive|Time left: 300 sec this turn | 300 sec total | 5 sec grace\n|\n|t:|1783552202\n|switch|p2a: Garganacl|Garganacl, L80, F|253/291\n|turn|12\n|inactive|Time left: 300 sec this turn | 300 sec total\n|\n|t:|1783552203\n|switch|p1a: Wo-Chien|Wo-Chien, L83|100/100\n|-ability|p1a: Wo-Chien|Tablets of Ruin\n|move|p2a: Garganacl|Salt Cure|p1a: Wo-Chien\n|-damage|p1a: Wo-Chien|91/100\n|-start|p1a: Wo-Chien|Salt Cure\n|\n|-heal|p1a: Wo-Chien|98/100|[from] item: Leftovers\n|-heal|p2a: Garganacl|271/291|[from] item: Leftovers\n|-damage|p1a: Wo-Chien|85/100|[from] Salt Cure\n|upkeep\n|turn|13\n|inactive|Time left: 300 sec this turn | 300 sec total\n|\n|t:|1783552204\n|move|p1a: Wo-Chien|Giga Drain|p2a: Garganacl\n|-supereffective|p2a: Garganacl\n|-damage|p2a: Garganacl|125/291\n|-heal|p1a: Wo-Chien|100/100|[from] drain|[of] p2a: Garganacl\n|move|p2a: Garganacl|Body Press|p1a: Wo-Chien\n|-supereffective|p1a: Wo-Chien\n|-damage|p1a: Wo-Chien|68/100\n|\n|-heal|p1a: Wo-Chien|74/100|[from] item: Leftovers\n|-heal|p2a: Garganacl|143/291|[from] item: Leftovers\n|-damage|p1a: Wo-Chien|62/100|[from] Salt Cure\n|upkeep\n|turn|14\n|inactive|Time left: 300 sec this turn | 300 sec total\n|\n|t:|1783552205\n|switch|p2a: Tentacruel|Tentacruel, L84, M|272/272\n|move|p1a: Wo-Chien|Giga Drain|p2a: Tentacruel\n|-damage|p2a: Tentacruel|208/272\n|-damage|p1a: Wo-Chien|50/100|[from] ability: Liquid Ooze|[of] p2a: Tentacruel\n|\n|-heal|p2a: Tentacruel|225/272|[from] item: Leftovers\n|-heal|p1a: Wo-Chien|56/100|[from] item: Leftovers\n|-damage|p1a: Wo-Chien|44/100|[from] Salt Cure\n|upkeep\n|turn|15\n|inactive|Time left: 300 sec this turn | 300 sec total\n|\n|t:|1783552207\n|-terastallize|p1a: Wo-Chien|Poison\n|move|p2a: Tentacruel|Sludge Bomb|p1a: Wo-Chien\n|-resisted|p1a: Wo-Chien\n|-damage|p1a: Wo-Chien|33/100\n|move|p1a: Wo-Chien|Knock Off|p2a: Tentacruel\n|-damage|p2a: Tentacruel|102/272\n|-enditem|p2a: Tentacruel|Leftovers|[from] move: Knock Off|[of] p1a: Wo-Chien\n|\n|-heal|p1a: Wo-Chien|39/100|[from] item: Leftovers\n|-damage|p1a: Wo-Chien|27/100|[from] Salt Cure\n|upkeep\n|turn|16\n|inactive|Time left: 300 sec this turn | 300 sec total\n|\n|t:|1783552207\n|switch|p1a: Hatterene|Hatterene, L85, F|7/100\n|move|p2a: Tentacruel|Surf|p1a: Hatterene\n|-damage|p1a: Hatterene|0 fnt\n|faint|p1a: Hatterene\n|\n|upkeep\n|\n|t:|1783552208\n|switch|p1a: Wo-Chien|Wo-Chien, L83, tera:Poison|27/100\n|-ability|p1a: Wo-Chien|Tablets of Ruin\n|turn|17\n|inactive|Time left: 300 sec this turn | 300 sec total\n|\n|t:|1783552209\n|move|p2a: Tentacruel|Surf|p1a: Wo-Chien\n|-damage|p1a: Wo-Chien|6/100\n|move|p1a: Wo-Chien|Stun Spore|p2a: Tentacruel\n|-status|p2a: Tentacruel|par\n|\n|-heal|p1a: Wo-Chien|12/100|[from] item: Leftovers\n|upkeep\n|turn|18\n|inactive|Time left: 300 sec this turn | 300 sec total\n|\n|t:|1783552210\n|move|p1a: Wo-Chien|Ruination|p2a: Tentacruel\n|-damage|p2a: Tentacruel|51/272 par\n|move|p2a: Tentacruel|Surf|p1a: Wo-Chien\n|-damage|p1a: Wo-Chien|0 fnt\n|faint|p1a: Wo-Chien\n|\n|upkeep\n|\n|t:|1783552211\n|switch|p1a: Flareon|Flareon, L90, M|50/100 tox\n|turn|19\n|inactive|Time left: 300 sec this turn | 300 sec total\n|\n|t:|1783552212\n|move|p1a: Flareon|Facade|p2a: Tentacruel\n|-damage|p2a: Tentacruel|0 fnt\n|faint|p2a: Tentacruel\n|\n|-damage|p1a: Flareon|43/100 tox|[from] psn\n|upkeep\n|inactive|Time left: 300 sec this turn | 300 sec total | 5 sec grace\n|\n|t:|1783552213\n|switch|p2a: Thundurus|Thundurus-Therian, L80, M|258/258\n|turn|20\n|inactive|Time left: 300 sec this turn | 300 sec total\n|\n|t:|1783552214\n|move|p2a: Thundurus|Sludge Wave|p1a: Flareon\n|-damage|p1a: Flareon|4/100 tox\n|move|p1a: Flareon|Will-O-Wisp|p2a: Thundurus\n|-status|p2a: Thundurus|brn\n|\n|-damage|p1a: Flareon|0 fnt|[from] psn\n|faint|p1a: Flareon\n|\n|win|p0y11242727", "uploadtime": 1783552214, "views": 0, "rating": 0, "private": 0, "password": null, "_winner": "p0y11242727", "_our_name": "p0y11242727"}