{"id": "battle-gen9randombattle-368", "formatid": "gen9randombattle", "format": "[Gen 9] Random Battle", "players": ["p0x368325d", "p0y3680b80"], "log": "|init|battle\n|title|p0x368325d vs. p0y3680b80\n|j|\u2606p0x368325d\n|j|\u2606p0y3680b80\n|t:|1783543924\n|gametype|singles\n|player|p1|p0x368325d|1|\n|player|p2|p0y3680b80|1|\n|gen|9\n|tier|[Gen 9] Random Battle\n|rule|Species Clause: Limit one of each Pok\u00e9mon\n|rule|HP Percentage Mod: HP is shown in percentages\n|rule|Sleep Clause Mod: Limit one foe put to sleep\n|rule|Illusion Level Mod: Illusion disguises the Pok\u00e9mon's true level\n|\n|t:|1783543924\n|teamsize|p1|6\n|teamsize|p2|6\n|start\n|switch|p1a: Vespiquen|Vespiquen, L99, F|299/299\n|switch|p2a: Hitmonchan|Hitmonchan, L87, M|100/100\n|-ability|p1a: Vespiquen|Pressure\n|turn|1\n|inactive|Battle timer is ON: inactive players will automatically lose when time's up. (requested by p0x368325d)\n|inactive|p0y3680b80 also wants the timer to be on.\n|\n|t:|1783543926\n|move|p2a: Hitmonchan|Knock Off|p1a: Vespiquen\n|-damage|p1a: Vespiquen|237/299\n|-enditem|p1a: Vespiquen|Heavy-Duty Boots|[from] move: Knock Off|[of] p2a: Hitmonchan\n|move|p1a: Vespiquen|Hurricane|p2a: Hitmonchan\n|-supereffective|p2a: Hitmonchan\n|-damage|p2a: Hitmonchan|0 fnt\n|faint|p2a: Hitmonchan\n|\n|upkeep\n|\n|t:|1783543927\n|switch|p2a: Golem|Golem, L87, F|100/100\n|turn|2\n|inactive|Time left: 300 sec this turn | 300 sec total\n|\n|t:|1783543928\n|switch|p1a: Hariyama|Hariyama, L87, M|392/392\n|move|p2a: Golem|Stone Edge|p1a: Hariyama\n|-resisted|p1a: Hariyama\n|-damage|p1a: Hariyama|302/392\n|\n|-status|p1a: Hariyama|brn|[from] item: Flame Orb\n|upkeep\n|turn|3\n|inactive|Time left: 300 sec this turn | 300 sec total\n|\n|t:|1783543930\n|move|p1a: Hariyama|Fake Out|p2a: Golem\n|-resisted|p2a: Golem\n|-damage|p2a: Golem|94/100\n|cant|p2a: Golem|flinch\n|\n|-damage|p1a: Hariyama|278/392 brn|[from] brn\n|upkeep\n|turn|4\n|inactive|Time left: 300 sec this turn | 300 sec total\n|\n|t:|1783543931\n|switch|p2a: Houndstone|Houndstone, L86, M|100/100\n|move|p1a: Hariyama|Close Combat|p2a: Houndstone\n|-immune|p2a: Houndstone\n|\n|-damage|p1a: Hariyama|254/392 brn|[from] brn\n|upkeep\n|turn|5\n|inactive|Time left: 300 sec this turn | 300 sec total\n|\n|t:|1783543932\n|switch|p1a: Vespiquen|Vespiquen, L99, F|237/299\n|-ability|p1a: Vespiquen|Pressure\n|move|p2a: Houndstone|Poltergeist||[still]\n|-fail|p2a: Houndstone\n|\n|upkeep\n|turn|6\n|inactive|Time left: 300 sec this turn | 300 sec total\n|\n|t:|1783543933\n|switch|p2a: Golem|Golem, L87, F|94/100\n|move|p1a: Vespiquen|Hurricane|p2a: Golem\n|-resisted|p2a: Golem\n|-damage|p2a: Golem|65/100\n|\n|upkeep\n|turn|7\n|inactive|Time left: 300 sec this turn | 300 sec total\n|\n|t:|1783543934\n|move|p1a: Vespiquen|Hurricane|p2a: Golem\n|-resisted|p2a: Golem\n|-damage|p2a: Golem|35/100\n|move|p2a: Golem|Stone Edge|p1a: Vespiquen\n|-supereffective|p1a: Vespiquen\n|-damage|p1a: Vespiquen|0 fnt\n|faint|p1a: Vespiquen\n|\n|upkeep\n|inactive|Time left: 300 sec this turn | 300 sec total | 5 sec grace\n|\n|t:|1783543935\n|switch|p1a: Whimsicott|Whimsicott, L84, F|238/238\n|turn|8\n|inactive|Time left: 300 sec this turn | 300 sec total\n|\n|t:|1783543937\n|move|p1a: Whimsicott|Moonblast|p2a: Golem\n|-damage|p2a: Golem|0 fnt\n|faint|p2a: Golem\n|\n|upkeep\n|\n|t:|1783543937\n|switch|p2a: Meowstic|Meowstic-F, L89, F|100/100\n|turn|9\n|inactive|Time left: 300 sec this turn | 300 sec total\n|\n|t:|1783543938\n|move|p1a: Whimsicott|U-turn|p2a: Meowstic\n|-supereffective|p2a: Meowstic\n|-damage|p2a: Meowstic|69/100\n|inactive|Time left: 300 sec this turn | 300 sec total | 5 sec grace\n|\n|t:|1783543939\n|switch|p1a: Reshiram|Reshiram, L76|277/277|[from] U-turn\n|-ability|p1a: Reshiram|Turboblaze\n|move|p2a: Meowstic|Nasty Plot|p2a: Meowstic\n|-boost|p2a: Meowstic|spa|2\n|\n|upkeep\n|turn|10\n|inactive|Time left: 300 sec this turn | 300 sec total\n|\n|t:|1783543940\n|move|p2a: Meowstic|Psyshock|p1a: Reshiram\n|-damage|p1a: Reshiram|74/277\n|-damage|p2a: Meowstic|60/100|[from] item: Life Orb\n|move|p1a: Reshiram|Dragon Dance|p1a: Reshiram\n|-boost|p1a: Reshiram|atk|1\n|-boost|p1a: Reshiram|spe|1\n|\n|upkeep\n|turn|11\n|inactive|Time left: 300 sec this turn | 300 sec total\n|\n|t:|1783543941\n|switch|p2a: Kilowattrel|Kilowattrel, L83, F|100/100\n|move|p1a: Reshiram|Flare Blitz|p2a: Kilowattrel\n|-damage|p2a: Kilowattrel|0 fnt\n|faint|p2a: Kilowattrel\n|-damage|p1a: Reshiram|0 fnt|[from] Recoil\n|faint|p1a: Reshiram\n|\n|upkeep\n|inactive|Time left: 300 sec this turn | 300 sec total | 5 sec grace\n|\n|t:|1783543942\n|switch|p2a: Houndstone|Houndstone, L86, M|100/100\n|switch|p1a: Hariyama|Hariyama, L87, M|254/392 brn\n|turn|12\n|inactive|Time left: 300 sec this turn | 300 sec total\n|\n|t:|1783543943\n|move|p2a: Houndstone|Poltergeist|p1a: Hariyama\n|-activate|p1a: Hariyama|move: Poltergeist|Flame Orb\n|-damage|p1a: Hariyama|86/392 brn\n|move|p1a: Hariyama|Knock Off|p2a: Houndstone\n|-supereffective|p2a: Houndstone\n|-damage|p2a: Houndstone|57/100\n|-enditem|p2a: Houndstone|Leftovers|[from] move: Knock Off|[of] p1a: Hariyama\n|\n|-damage|p1a: Hariyama|62/392 brn|[from] brn\n|upkeep\n|turn|13\n|inactive|Time left: 300 sec this turn | 300 sec total\n|\n|t:|1783543944\n|switch|p1a: Dudunsparce|Dudunsparce, L83, M|343/343\n|move|p2a: Houndstone|Poltergeist|p1a: Dudunsparce\n|-immune|p1a: Dudunsparce\n|\n|upkeep\n|turn|14\n|inactive|Time left: 300 sec this turn | 300 sec total\n|\n|t:|1783543945\n|move|p2a: Houndstone|Body Press|p1a: Dudunsparce\n|-supereffective|p1a: Dudunsparce\n|-damage|p1a: Dudunsparce|203/343\n|move|p1a: Dudunsparce|Glare|p2a: Houndstone\n|-status|p2a: Houndstone|par\n|\n|-heal|p1a: Dudunsparce|224/343|[from] item: Leftovers\n|upkeep\n|turn|15\n|inactive|Time left: 300 sec this turn | 300 sec total\n|\n|t:|1783543946\n|move|p1a: Dudunsparce|Earthquake|p2a: Houndstone\n|-damage|p2a: Houndstone|33/100 par\n|move|p2a: Houndstone|Rest|p2a: Houndstone\n|-status|p2a: Houndstone|slp|[from] move: Rest\n|-heal|p2a: Houndstone|100/100 slp|[silent]\n|\n|-heal|p1a: Dudunsparce|245/343|[from] item: Leftovers\n|upkeep\n|turn|16\n|inactive|Time left: 300 sec this turn | 300 sec total\n|\n|t:|1783543947\n|switch|p1a: Minior|Minior-Violet, L79|224/224\n|-formechange|p1a: Minior|Minior-Meteor||[from] ability: Shields Down\n|cant|p2a: Houndstone|slp\n|move|p2a: Houndstone|Sleep Talk|p2a: Houndstone\n|move|p2a: Houndstone|Rest||[from] move: Sleep Talk|[still]\n|-fail|p2a: Houndstone\n|\n|upkeep\n|turn|17\n|inactive|Time left: 300 sec this turn | 300 sec total\n|\n|t:|1783543948\n|-terastallize|p2a: Houndstone|Fighting\n|cant|p2a: Houndstone|slp\n|move|p2a: Houndstone|Sleep Talk|p2a: Houndstone\n|move|p2a: Houndstone|Body Press|p1a: Minior|[from] move: Sleep Talk\n|-damage|p1a: Minior|131/224\n|move|p1a: Minior|Shell Smash|p1a: Minior\n|-unboost|p1a: Minior|def|1\n|-unboost|p1a: Minior|spd|1\n|-boost|p1a: Minior|atk|2\n|-boost|p1a: Minior|spa|2\n|-boost|p1a: Minior|spe|2\n|-enditem|p1a: Minior|White Herb\n|-clearnegativeboost|p1a: Minior|[silent]\n|\n|upkeep\n|turn|18\n|inactive|Time left: 300 sec this turn | 300 sec total\n|\n|t:|1783543949\n|-terastallize|p1a: Minior|Flying\n|move|p1a: Minior|Shell Smash|p1a: Minior\n|-unboost|p1a: Minior|def|1\n|-unboost|p1a: Minior|spd|1\n|-boost|p1a: Minior|atk|2\n|-boost|p1a: Minior|spa|2\n|-boost|p1a: Minior|spe|2\n|-curestatus|p2a: Houndstone|slp|[msg]\n|move|p2a: Houndstone|Body Press|p1a: Minior\n|-resisted|p1a: Minior\n|-damage|p1a: Minior|64/224\n|\n|-formechange|p1a: Minior|Minior-Violet||[from] ability: Shields Down\n|upkeep\n|turn|19\n|inactive|Time left: 300 sec this turn | 300 sec total\n|\n|t:|1783543950\n|switch|p2a: Meowstic|Meowstic-F, L89, F|60/100\n|move|p1a: Minior|Acrobatics|p2a: Meowstic\n|-damage|p2a: Meowstic|0 fnt\n|faint|p2a: Meowstic\n|\n|upkeep\n|\n|t:|1783543951\n|switch|p2a: Cyclizar|Cyclizar, L84, F|100/100\n|turn|20\n|inactive|Time left: 300 sec this turn | 300 sec total\n|\n|t:|1783543952\n|move|p1a: Minior|Acrobatics|p2a: Cyclizar\n|-damage|p2a: Cyclizar|0 fnt\n|faint|p2a: Cyclizar\n|\n|upkeep\n|\n|t:|1783543953\n|switch|p2a: Houndstone|Houndstone, L86, M, tera:Fighting|100/100\n|turn|21\n|inactive|Time left: 300 sec this turn | 300 sec total\n|\n|t:|1783543953\n|move|p1a: Minior|Acrobatics|p2a: Houndstone\n|-supereffective|p2a: Houndstone\n|-damage|p2a: Houndstone|0 fnt\n|faint|p2a: Houndstone\n|\n|win|p0x368325d", "uploadtime": 1783543953, "views": 0, "rating": 0, "private": 0, "password": null, "_winner": "p0x368325d", "_our_name": "p0x368325d"}