{"id": "battle-gen9randombattle-2122", "formatid": "gen9randombattle", "format": "[Gen 9] Random Battle", "players": ["p0x212204a0", "p0y21228f97"], "log": "|init|battle\n|title|p0x212204a0 vs. p0y21228f97\n|j|\u2606p0x212204a0\n|j|\u2606p0y21228f97\n|t:|1783563790\n|gametype|singles\n|player|p1|p0x212204a0|2|\n|player|p2|p0y21228f97|266|\n|gen|9\n|tier|[Gen 9] Random Battle\n|rule|Species Clause: Limit one of each Pok\u00e9mon\n|rule|HP Percentage Mod: HP is shown in percentages\n|rule|Sleep Clause Mod: Limit one foe put to sleep\n|rule|Illusion Level Mod: Illusion disguises the Pok\u00e9mon's true level\n|\n|t:|1783563790\n|teamsize|p1|6\n|teamsize|p2|6\n|start\n|switch|p1a: Dondozo|Dondozo, L78, F|100/100\n|switch|p2a: Hippowdon|Hippowdon, L82, F|311/311\n|-weather|Sandstorm|[from] ability: Sand Stream|[of] p2a: Hippowdon\n|turn|1\n|inactive|Battle timer is ON: inactive players will automatically lose when time's up. (requested by p0x212204a0)\n|inactive|Time left: 300 sec this turn | 300 sec total | 60 sec grace\n|\n|t:|1783563791\n|move|p2a: Hippowdon|Stealth Rock|p1a: Dondozo\n|-sidestart|p1: p0x212204a0|move: Stealth Rock\n|move|p1a: Dondozo|Wave Crash|p2a: Hippowdon\n|-supereffective|p2a: Hippowdon\n|-damage|p2a: Hippowdon|129/311\n|-damage|p1a: Dondozo|84/100|[from] item: Rocky Helmet|[of] p2a: Hippowdon\n|-damage|p1a: Dondozo|67/100|[from] Recoil\n|\n|-weather|Sandstorm|[upkeep]\n|-damage|p1a: Dondozo|61/100|[from] Sandstorm\n|-heal|p1a: Dondozo|67/100|[from] item: Leftovers\n|upkeep\n|turn|2\n|inactive|Time left: 300 sec this turn | 300 sec total\n|inactive|p0y21228f97 also wants the timer to be on.\n|\n|t:|1783563792\n|move|p2a: Hippowdon|Slack Off|p2a: Hippowdon\n|-heal|p2a: Hippowdon|285/311\n|move|p1a: Dondozo|Wave Crash|p2a: Hippowdon\n|-supereffective|p2a: Hippowdon\n|-damage|p2a: Hippowdon|99/311\n|-damage|p1a: Dondozo|51/100|[from] item: Rocky Helmet|[of] p2a: Hippowdon\n|-damage|p1a: Dondozo|34/100|[from] Recoil\n|\n|-weather|Sandstorm|[upkeep]\n|-damage|p1a: Dondozo|28/100|[from] Sandstorm\n|-heal|p1a: Dondozo|34/100|[from] item: Leftovers\n|upkeep\n|turn|3\n|inactive|Time left: 300 sec this turn | 300 sec total\n|\n|t:|1783563793\n|move|p2a: Hippowdon|Slack Off|p2a: Hippowdon\n|-heal|p2a: Hippowdon|255/311\n|move|p1a: Dondozo|Rest|p1a: Dondozo\n|-status|p1a: Dondozo|slp|[from] move: Rest\n|-heal|p1a: Dondozo|100/100 slp|[silent]\n|\n|-weather|Sandstorm|[upkeep]\n|-damage|p1a: Dondozo|94/100 slp|[from] Sandstorm\n|-heal|p1a: Dondozo|100/100 slp|[from] item: Leftovers\n|upkeep\n|turn|4\n|inactive|Time left: 300 sec this turn | 300 sec total\n|\n|t:|1783563794\n|switch|p1a: Magearna|Magearna, L77|100/100\n|-damage|p1a: Magearna|94/100|[from] Stealth Rock\n|move|p2a: Hippowdon|Earthquake|p1a: Magearna\n|-supereffective|p1a: Magearna\n|-damage|p1a: Magearna|18/100\n|-enditem|p1a: Magearna|Weakness Policy\n|-boost|p1a: Magearna|atk|2|[from] item: Weakness Policy\n|-boost|p1a: Magearna|spa|2|[from] item: Weakness Policy\n|\n|-weather|Sandstorm|[upkeep]\n|upkeep\n|turn|5\n|inactive|Time left: 300 sec this turn | 300 sec total\n|\n|t:|1783563795\n|move|p1a: Magearna|Fleur Cannon|p2a: Hippowdon\n|-damage|p2a: Hippowdon|0 fnt\n|-unboost|p1a: Magearna|spa|2\n|faint|p2a: Hippowdon\n|-ability|p1a: Magearna|Soul-Heart|boost\n|-boost|p1a: Magearna|spa|1\n|\n|-weather|none\n|upkeep\n|inactive|Time left: 300 sec this turn | 300 sec total | 5 sec grace\n|\n|t:|1783563796\n|switch|p2a: Gyarados|Gyarados, L79, F|280/280\n|-ability|p2a: Gyarados|Intimidate|boost\n|-unboost|p1a: Magearna|atk|1\n|turn|6\n|inactive|Time left: 300 sec this turn | 300 sec total\n|\n|t:|1783563797\n|move|p2a: Gyarados|Waterfall|p1a: Magearna\n|-damage|p1a: Magearna|0 fnt\n|faint|p1a: Magearna\n|\n|upkeep\n|\n|t:|1783563798\n|switch|p1a: Pincurchin|Pincurchin, F|100/100\n|-damage|p1a: Pincurchin|88/100|[from] Stealth Rock\n|-fieldstart|move: Electric Terrain|[from] ability: Electric Surge|[of] p1a: Pincurchin\n|turn|7\n|inactive|Time left: 300 sec this turn | 300 sec total\n|\n|t:|1783563799\n|switch|p2a: Brute Bonnet|Brute Bonnet, L80|309/309\n|move|p1a: Pincurchin|Zing Zap|p2a: Brute Bonnet\n|-resisted|p2a: Brute Bonnet\n|-damage|p2a: Brute Bonnet|228/309\n|\n|-heal|p2a: Brute Bonnet|247/309|[from] item: Leftovers\n|-heal|p1a: Pincurchin|94/100|[from] item: Leftovers\n|upkeep\n|turn|8\n|inactive|Time left: 300 sec this turn | 300 sec total\n|\n|t:|1783563800\n|move|p2a: Brute Bonnet|Crunch|p1a: Pincurchin\n|-damage|p1a: Pincurchin|66/100\n|-unboost|p1a: Pincurchin|def|1\n|move|p1a: Pincurchin|Zing Zap|p2a: Brute Bonnet\n|-resisted|p2a: Brute Bonnet\n|-damage|p2a: Brute Bonnet|172/309\n|\n|-heal|p2a: Brute Bonnet|191/309|[from] item: Leftovers\n|-heal|p1a: Pincurchin|73/100|[from] item: Leftovers\n|upkeep\n|turn|9\n|inactive|Time left: 300 sec this turn | 300 sec total\n|\n|t:|1783563801\n|move|p2a: Brute Bonnet|Seed Bomb|p1a: Pincurchin\n|-damage|p1a: Pincurchin|26/100\n|move|p1a: Pincurchin|Recover|p1a: Pincurchin\n|-heal|p1a: Pincurchin|76/100\n|\n|-heal|p2a: Brute Bonnet|210/309|[from] item: Leftovers\n|-heal|p1a: Pincurchin|82/100|[from] item: Leftovers\n|upkeep\n|turn|10\n|inactive|Time left: 300 sec this turn | 300 sec total\n|\n|t:|1783563802\n|move|p2a: Brute Bonnet|Crunch|p1a: Pincurchin\n|-damage|p1a: Pincurchin|34/100\n|move|p1a: Pincurchin|Recover|p1a: Pincurchin\n|-heal|p1a: Pincurchin|84/100\n|\n|-heal|p2a: Brute Bonnet|229/309|[from] item: Leftovers\n|-heal|p1a: Pincurchin|90/100|[from] item: Leftovers\n|upkeep\n|turn|11\n|inactive|Time left: 300 sec this turn | 300 sec total\n|\n|t:|1783563803\n|switch|p1a: Virizion|Virizion, L82|100/100\n|-damage|p1a: Virizion|94/100|[from] Stealth Rock\n|move|p2a: Brute Bonnet|Seed Bomb|p1a: Virizion\n|-resisted|p1a: Virizion\n|-damage|p1a: Virizion|75/100\n|\n|-heal|p2a: Brute Bonnet|248/309|[from] item: Leftovers\n|-fieldend|move: Electric Terrain\n|upkeep\n|turn|12\n|inactive|Time left: 300 sec this turn | 300 sec total\n|\n|t:|1783563804\n|-end|p2a: Brute Bonnet|Protosynthesis|[silent]\n|switch|p2a: Gyarados|Gyarados, L79, F|280/280\n|-ability|p2a: Gyarados|Intimidate|boost\n|-unboost|p1a: Virizion|atk|1\n|move|p1a: Virizion|Swords Dance|p1a: Virizion\n|-boost|p1a: Virizion|atk|2\n|\n|upkeep\n|turn|13\n|inactive|Time left: 300 sec this turn | 300 sec total\n|\n|t:|1783563805\n|switch|p2a: Brute Bonnet|Brute Bonnet, L80|248/309\n|move|p1a: Virizion|Stone Edge|p2a: Brute Bonnet|[miss]\n|-miss|p1a: Virizion|p2a: Brute Bonnet\n|\n|-heal|p2a: Brute Bonnet|267/309|[from] item: Leftovers\n|upkeep\n|turn|14\n|inactive|Time left: 300 sec this turn | 300 sec total\n|\n|t:|1783563806\n|-end|p2a: Brute Bonnet|Protosynthesis|[silent]\n|switch|p2a: Gyarados|Gyarados, L79, F|280/280\n|-ability|p2a: Gyarados|Intimidate|boost\n|-unboost|p1a: Virizion|atk|1\n|move|p1a: Virizion|Swords Dance|p1a: Virizion\n|-boost|p1a: Virizion|atk|2\n|\n|upkeep\n|turn|15\n|inactive|Time left: 300 sec this turn | 300 sec total\n|\n|t:|1783563806\n|switch|p2a: Uxie|Uxie, L83|260/260\n|move|p1a: Virizion|Stone Edge|p2a: Uxie\n|-damage|p2a: Uxie|143/260\n|-damage|p1a: Virizion|66/100|[from] item: Life Orb\n|\n|-heal|p2a: Uxie|159/260|[from] item: Leftovers\n|upkeep\n|turn|16\n|inactive|Time left: 300 sec this turn | 300 sec total\n|\n|t:|1783563807\n|move|p1a: Virizion|Leaf Blade|p2a: Uxie\n|-damage|p2a: Uxie|0 fnt\n|faint|p2a: Uxie\n|-damage|p1a: Virizion|56/100|[from] item: Life Orb\n|\n|upkeep\n|inactive|Time left: 300 sec this turn | 300 sec total | 5 sec grace\n|\n|t:|1783563808\n|switch|p2a: Gyarados|Gyarados, L79, F|280/280\n|-ability|p2a: Gyarados|Intimidate|boost\n|-unboost|p1a: Virizion|atk|1\n|turn|17\n|inactive|Time left: 300 sec this turn | 300 sec total\n|\n|t:|1783563809\n|switch|p2a: Klefki|Klefki, L84, F|233/233\n|move|p1a: Virizion|Stone Edge|p2a: Klefki\n|-resisted|p2a: Klefki\n|-damage|p2a: Klefki|172/233\n|-damage|p1a: Virizion|46/100|[from] item: Life Orb\n|\n|-heal|p2a: Klefki|186/233|[from] item: Leftovers\n|upkeep\n|turn|18\n|inactive|Time left: 300 sec this turn | 300 sec total\n|\n|t:|1783563810\n|switch|p2a: Gyarados|Gyarados, L79, F|280/280\n|-ability|p2a: Gyarados|Intimidate|boost\n|-unboost|p1a: Virizion|atk|1\n|move|p1a: Virizion|Close Combat|p2a: Gyarados\n|-resisted|p2a: Gyarados\n|-damage|p2a: Gyarados|198/280\n|-unboost|p1a: Virizion|def|1\n|-unboost|p1a: Virizion|spd|1\n|-damage|p1a: Virizion|36/100|[from] item: Life Orb\n|\n|upkeep\n|turn|19\n|inactive|Time left: 300 sec this turn | 300 sec total\n|\n|t:|1783563811\n|move|p1a: Virizion|Stone Edge|p2a: Gyarados\n|-supereffective|p2a: Gyarados\n|-damage|p2a: Gyarados|0 fnt\n|faint|p2a: Gyarados\n|-damage|p1a: Virizion|26/100|[from] item: Life Orb\n|\n|upkeep\n|inactive|Time left: 300 sec this turn | 300 sec total | 5 sec grace\n|\n|t:|1783563812\n|switch|p2a: Cryogonal|Cryogonal, L89|287/287\n|turn|20\n|inactive|Time left: 300 sec this turn | 300 sec total\n|\n|t:|1783563813\n|switch|p1a: Pincurchin|Pincurchin, F|90/100\n|-damage|p1a: Pincurchin|78/100|[from] Stealth Rock\n|-fieldstart|move: Electric Terrain|[from] ability: Electric Surge|[of] p1a: Pincurchin\n|move|p2a: Cryogonal|Freeze-Dry|p1a: Pincurchin\n|-damage|p1a: Pincurchin|49/100\n|\n|-heal|p1a: Pincurchin|56/100|[from] item: Leftovers\n|upkeep\n|turn|21\n|inactive|Time left: 300 sec this turn | 300 sec total\n|\n|t:|1783563813\n|move|p2a: Cryogonal|Freeze-Dry|p1a: Pincurchin\n|-damage|p1a: Pincurchin|28/100\n|move|p1a: Pincurchin|Zing Zap|p2a: Cryogonal\n|-damage|p2a: Cryogonal|50/287\n|\n|-heal|p1a: Pincurchin|34/100|[from] item: Leftovers\n|upkeep\n|turn|22\n|inactive|Time left: 300 sec this turn | 300 sec total\n|\n|t:|1783563814\n|move|p2a: Cryogonal|Freeze-Dry|p1a: Pincurchin\n|-damage|p1a: Pincurchin|6/100\n|move|p1a: Pincurchin|Recover|p1a: Pincurchin\n|-heal|p1a: Pincurchin|56/100\n|\n|-heal|p1a: Pincurchin|62/100|[from] item: Leftovers\n|upkeep\n|turn|23\n|inactive|Time left: 300 sec this turn | 300 sec total\n|\n|t:|1783563815\n|move|p2a: Cryogonal|Freeze-Dry|p1a: Pincurchin\n|-damage|p1a: Pincurchin|37/100\n|-status|p1a: Pincurchin|frz\n|-curestatus|p1a: Pincurchin|frz|[msg]\n|move|p1a: Pincurchin|Zing Zap|p2a: Cryogonal\n|-damage|p2a: Cryogonal|0 fnt\n|faint|p2a: Cryogonal\n|\n|-heal|p1a: Pincurchin|43/100|[from] item: Leftovers\n|upkeep\n|inactive|Time left: 300 sec this turn | 300 sec total | 5 sec grace\n|\n|t:|1783563816\n|switch|p2a: Brute Bonnet|Brute Bonnet, L80|267/309\n|turn|24\n|inactive|Time left: 300 sec this turn | 300 sec total\n|\n|t:|1783563817\n|move|p2a: Brute Bonnet|Crunch|p1a: Pincurchin\n|-damage|p1a: Pincurchin|11/100\n|move|p1a: Pincurchin|Recover|p1a: Pincurchin\n|-heal|p1a: Pincurchin|61/100\n|\n|-heal|p2a: Brute Bonnet|286/309|[from] item: Leftovers\n|-heal|p1a: Pincurchin|68/100|[from] item: Leftovers\n|-fieldend|move: Electric Terrain\n|upkeep\n|turn|25\n|inactive|Time left: 300 sec this turn | 300 sec total\n|\n|t:|1783563819\n|move|p2a: Brute Bonnet|Spore|p1a: Pincurchin\n|-status|p1a: Pincurchin|slp|[from] move: Spore\n|cant|p1a: Pincurchin|slp\n|\n|-heal|p2a: Brute Bonnet|305/309|[from] item: Leftovers\n|-heal|p1a: Pincurchin|74/100 slp|[from] item: Leftovers\n|upkeep\n|turn|26\n|inactive|Time left: 300 sec this turn | 300 sec total\n|\n|t:|1783563820\n|move|p2a: Brute Bonnet|Seed Bomb|p1a: Pincurchin\n|-damage|p1a: Pincurchin|44/100 slp\n|cant|p1a: Pincurchin|slp\n|\n|-heal|p2a: Brute Bonnet|309/309|[from] item: Leftovers\n|-heal|p1a: Pincurchin|50/100 slp|[from] item: Leftovers\n|upkeep\n|turn|27\n|inactive|Time left: 300 sec this turn | 300 sec total\n|\n|t:|1783563821\n|move|p2a: Brute Bonnet|Seed Bomb|p1a: Pincurchin\n|-damage|p1a: Pincurchin|18/100 slp\n|cant|p1a: Pincurchin|slp\n|\n|-heal|p1a: Pincurchin|25/100 slp|[from] item: Leftovers\n|upkeep\n|turn|28\n|inactive|Time left: 300 sec this turn | 300 sec total\n|\n|t:|1783563822\n|move|p2a: Brute Bonnet|Crunch|p1a: Pincurchin\n|-damage|p1a: Pincurchin|0 fnt\n|faint|p1a: Pincurchin\n|\n|upkeep\n|\n|t:|1783563823\n|switch|p1a: Virizion|Virizion, L82|26/100\n|-damage|p1a: Virizion|20/100|[from] Stealth Rock\n|turn|29\n|inactive|Time left: 300 sec this turn | 300 sec total\n|\n|t:|1783563824\n|-terastallize|p2a: Brute Bonnet|Dark\n|move|p2a: Brute Bonnet|Sucker Punch|p1a: Virizion\n|-resisted|p1a: Virizion\n|-damage|p1a: Virizion|0 fnt\n|faint|p1a: Virizion\n|\n|upkeep\n|\n|t:|1783563825\n|switch|p1a: Haxorus|Haxorus, L77, M|100/100\n|-damage|p1a: Haxorus|88/100|[from] Stealth Rock\n|-ability|p1a: Haxorus|Mold Breaker\n|turn|30\n|inactive|Time left: 300 sec this turn | 300 sec total\n|\n|t:|1783563826\n|move|p1a: Haxorus|Swords Dance|p1a: Haxorus\n|-boost|p1a: Haxorus|atk|2\n|move|p2a: Brute Bonnet|Crunch|p1a: Haxorus\n|-damage|p1a: Haxorus|34/100\n|\n|upkeep\n|turn|31\n|inactive|Time left: 300 sec this turn | 300 sec total\n|\n|t:|1783563826\n|move|p2a: Brute Bonnet|Sucker Punch||[still]\n|-fail|p2a: Brute Bonnet\n|move|p1a: Haxorus|Swords Dance|p1a: Haxorus\n|-boost|p1a: Haxorus|atk|2\n|\n|upkeep\n|turn|32\n|inactive|Time left: 300 sec this turn | 300 sec total\n|\n|t:|1783563827\n|move|p2a: Brute Bonnet|Sucker Punch||[still]\n|-fail|p2a: Brute Bonnet\n|move|p1a: Haxorus|Swords Dance|p1a: Haxorus\n|-boost|p1a: Haxorus|atk|2\n|\n|upkeep\n|turn|33\n|inactive|Time left: 300 sec this turn | 300 sec total\n|\n|t:|1783563828\n|move|p2a: Brute Bonnet|Sucker Punch||[still]\n|-fail|p2a: Brute Bonnet\n|move|p1a: Haxorus|Swords Dance|p1a: Haxorus\n|-boost|p1a: Haxorus|atk|0\n|\n|upkeep\n|turn|34\n|inactive|Time left: 300 sec this turn | 300 sec total\n|\n|t:|1783563829\n|move|p2a: Brute Bonnet|Sucker Punch||[still]\n|-fail|p2a: Brute Bonnet\n|move|p1a: Haxorus|Swords Dance|p1a: Haxorus\n|-boost|p1a: Haxorus|atk|0\n|\n|upkeep\n|turn|35\n|inactive|Time left: 300 sec this turn | 300 sec total\n|\n|t:|1783563830\n|move|p2a: Brute Bonnet|Sucker Punch||[still]\n|-fail|p2a: Brute Bonnet\n|move|p1a: Haxorus|Swords Dance|p1a: Haxorus\n|-boost|p1a: Haxorus|atk|0\n|\n|upkeep\n|turn|36\n|inactive|Time left: 300 sec this turn | 300 sec total\n|\n|t:|1783563831\n|move|p2a: Brute Bonnet|Sucker Punch||[still]\n|-fail|p2a: Brute Bonnet\n|move|p1a: Haxorus|Swords Dance|p1a: Haxorus\n|-boost|p1a: Haxorus|atk|0\n|\n|upkeep\n|turn|37\n|inactive|Time left: 300 sec this turn | 300 sec total\n|\n|t:|1783563832\n|move|p2a: Brute Bonnet|Sucker Punch||[still]\n|-fail|p2a: Brute Bonnet\n|move|p1a: Haxorus|Swords Dance|p1a: Haxorus\n|-boost|p1a: Haxorus|atk|0\n|\n|upkeep\n|turn|38\n|inactive|Time left: 300 sec this turn | 300 sec total\n|\n|t:|1783563833\n|-terastallize|p1a: Haxorus|Steel\n|move|p1a: Haxorus|Iron Head|p2a: Brute Bonnet\n|-damage|p2a: Brute Bonnet|0 fnt\n|faint|p2a: Brute Bonnet\n|-end|p2a: Brute Bonnet|Protosynthesis|[silent]\n|\n|upkeep\n|inactive|Time left: 300 sec this turn | 300 sec total | 5 sec grace\n|\n|t:|1783563834\n|switch|p2a: Klefki|Klefki, L84, F|186/233\n|turn|39\n|inactive|Time left: 300 sec this turn | 300 sec total\n|\n|t:|1783563835\n|move|p2a: Klefki|Thunder Wave|p1a: Haxorus|[miss]\n|-miss|p2a: Klefki|p1a: Haxorus\n|move|p1a: Haxorus|Iron Head|p2a: Klefki\n|-damage|p2a: Klefki|0 fnt\n|faint|p2a: Klefki\n|\n|win|p0x212204a0", "uploadtime": 1783563835, "views": 0, "rating": 0, "private": 0, "password": null, "_winner": "p0x212204a0", "_our_name": "p0y21228f97"}