{"id": "battle-gen9randombattle-1650", "formatid": "gen9randombattle", "format": "[Gen 9] Random Battle", "players": ["p0x1650346b", "p0y1650bfbd"], "log": "|init|battle\n|title|p0x1650346b vs. p0y1650bfbd\n|j|\u2606p0x1650346b\n|j|\u2606p0y1650bfbd\n|t:|1783558354\n|gametype|singles\n|player|p1|p0x1650346b|101|\n|player|p2|p0y1650bfbd|1|\n|gen|9\n|tier|[Gen 9] Random Battle\n|rule|Species Clause: Limit one of each Pok\u00e9mon\n|rule|HP Percentage Mod: HP is shown in percentages\n|rule|Sleep Clause Mod: Limit one foe put to sleep\n|rule|Illusion Level Mod: Illusion disguises the Pok\u00e9mon's true level\n|\n|t:|1783558354\n|teamsize|p1|6\n|teamsize|p2|6\n|start\n|switch|p1a: Farigiraf|Farigiraf, L90, M|362/362\n|switch|p2a: Lanturn|Lanturn, L89, F|100/100\n|turn|1\n|inactive|Battle timer is ON: inactive players will automatically lose when time's up. (requested by p0y1650bfbd)\n|inactive|Time left: 300 sec this turn | 300 sec total | 60 sec grace\n|inactive|p0x1650346b also wants the timer to be on.\n|\n|t:|1783558356\n|move|p2a: Lanturn|Thunderbolt|p1a: Farigiraf\n|-damage|p1a: Farigiraf|268/362\n|move|p1a: Farigiraf|Body Slam|p2a: Lanturn\n|-damage|p2a: Lanturn|65/100\n|\n|-heal|p2a: Lanturn|71/100|[from] item: Leftovers\n|-heal|p1a: Farigiraf|290/362|[from] item: Leftovers\n|upkeep\n|turn|2\n|inactive|Time left: 300 sec this turn | 300 sec total\n|\n|t:|1783558357\n|move|p2a: Lanturn|Thunder Wave|p1a: Farigiraf\n|-status|p1a: Farigiraf|par\n|move|p1a: Farigiraf|Body Slam|p2a: Lanturn\n|-damage|p2a: Lanturn|35/100\n|\n|-heal|p2a: Lanturn|41/100|[from] item: Leftovers\n|-heal|p1a: Farigiraf|312/362 par|[from] item: Leftovers\n|upkeep\n|turn|3\n|inactive|Time left: 300 sec this turn | 300 sec total\n|\n|t:|1783558359\n|move|p2a: Lanturn|Thunderbolt|p1a: Farigiraf\n|-damage|p1a: Farigiraf|212/362 par\n|cant|p1a: Farigiraf|par\n|\n|-heal|p2a: Lanturn|47/100|[from] item: Leftovers\n|-heal|p1a: Farigiraf|234/362 par|[from] item: Leftovers\n|upkeep\n|turn|4\n|inactive|Time left: 300 sec this turn | 300 sec total\n|\n|t:|1783558360\n|move|p2a: Lanturn|Ice Beam|p1a: Farigiraf\n|-damage|p1a: Farigiraf|163/362 par\n|move|p1a: Farigiraf|Psychic Noise|p2a: Lanturn\n|-damage|p2a: Lanturn|19/100\n|-start|p2a: Lanturn|move: Heal Block\n|\n|-heal|p1a: Farigiraf|185/362 par|[from] item: Leftovers\n|upkeep\n|turn|5\n|inactive|Time left: 300 sec this turn | 300 sec total\n|\n|t:|1783558361\n|move|p2a: Lanturn|Ice Beam|p1a: Farigiraf\n|-damage|p1a: Farigiraf|124/362 par\n|cant|p1a: Farigiraf|par\n|\n|-heal|p1a: Farigiraf|146/362 par|[from] item: Leftovers\n|-end|p2a: Lanturn|move: Heal Block\n|upkeep\n|turn|6\n|inactive|Time left: 300 sec this turn | 300 sec total\n|\n|t:|1783558362\n|move|p2a: Lanturn|Thunderbolt|p1a: Farigiraf\n|-damage|p1a: Farigiraf|52/362 par\n|move|p1a: Farigiraf|Body Slam|p2a: Lanturn\n|-damage|p2a: Lanturn|0 fnt\n|faint|p2a: Lanturn\n|\n|-heal|p1a: Farigiraf|74/362 par|[from] item: Leftovers\n|upkeep\n|\n|t:|1783558363\n|switch|p2a: Dodrio|Dodrio, L85, F|100/100\n|turn|7\n|inactive|Time left: 300 sec this turn | 300 sec total\n|\n|t:|1783558364\n|move|p2a: Dodrio|Brave Bird|p1a: Farigiraf\n|-damage|p1a: Farigiraf|0 fnt\n|faint|p1a: Farigiraf\n|-damage|p2a: Dodrio|91/100|[from] Recoil\n|\n|upkeep\n|inactive|Time left: 300 sec this turn | 300 sec total | 5 sec grace\n|\n|t:|1783558365\n|switch|p1a: Politoed|Politoed, L88, F|302/302\n|-weather|RainDance|[from] ability: Drizzle|[of] p1a: Politoed\n|turn|8\n|inactive|Time left: 300 sec this turn | 300 sec total\n|\n|t:|1783558367\n|move|p2a: Dodrio|Brave Bird|p1a: Politoed\n|-damage|p1a: Politoed|83/302\n|-damage|p2a: Dodrio|61/100|[from] Recoil\n|move|p1a: Politoed|Weather Ball|p2a: Dodrio\n|-damage|p2a: Dodrio|0 fnt\n|faint|p2a: Dodrio\n|\n|-weather|RainDance|[upkeep]\n|upkeep\n|\n|t:|1783558368\n|switch|p2a: Victreebel|Victreebel, L90, F|100/100\n|turn|9\n|inactive|Time left: 300 sec this turn | 300 sec total\n|\n|t:|1783558369\n|switch|p1a: Moltres|Moltres-Galar, L79|271/271\n|move|p2a: Victreebel|Swords Dance|p2a: Victreebel\n|-boost|p2a: Victreebel|atk|2\n|\n|-weather|RainDance|[upkeep]\n|upkeep\n|turn|10\n|inactive|Time left: 300 sec this turn | 300 sec total\n|\n|t:|1783558370\n|move|p1a: Moltres|Hurricane|p2a: Victreebel\n|-supereffective|p2a: Victreebel\n|-damage|p2a: Victreebel|19/100\n|move|p2a: Victreebel|Poison Jab|p1a: Moltres\n|-damage|p1a: Moltres|0 fnt\n|faint|p1a: Moltres\n|-damage|p2a: Victreebel|9/100|[from] item: Life Orb\n|\n|-weather|RainDance|[upkeep]\n|upkeep\n|inactive|Time left: 300 sec this turn | 300 sec total | 5 sec grace\n|\n|t:|1783558371\n|switch|p1a: Gouging Fire|Gouging Fire, L74|277/277\n|turn|11\n|inactive|Time left: 300 sec this turn | 300 sec total\n|\n|t:|1783558372\n|move|p1a: Gouging Fire|Heat Crash|p2a: Victreebel\n|-supereffective|p2a: Victreebel\n|-damage|p2a: Victreebel|0 fnt\n|faint|p2a: Victreebel\n|\n|-weather|RainDance|[upkeep]\n|upkeep\n|\n|t:|1783558373\n|switch|p2a: Clefable|Clefable, L83, M|100/100\n|turn|12\n|inactive|Time left: 300 sec this turn | 300 sec total\n|\n|t:|1783558374\n|move|p1a: Gouging Fire|Dragon Dance|p1a: Gouging Fire\n|-boost|p1a: Gouging Fire|atk|1\n|-boost|p1a: Gouging Fire|spe|1\n|move|p2a: Clefable|Calm Mind|p2a: Clefable\n|-boost|p2a: Clefable|spa|1\n|-boost|p2a: Clefable|spd|1\n|\n|-weather|none\n|upkeep\n|turn|13\n|inactive|Time left: 300 sec this turn | 300 sec total\n|\n|t:|1783558375\n|move|p1a: Gouging Fire|Heat Crash|p2a: Clefable\n|-damage|p2a: Clefable|55/100\n|move|p2a: Clefable|Moonblast|p1a: Gouging Fire\n|-damage|p1a: Gouging Fire|133/277\n|\n|-heal|p2a: Clefable|61/100|[from] item: Leftovers\n|upkeep\n|turn|14\n|inactive|Time left: 300 sec this turn | 300 sec total\n|\n|t:|1783558376\n|move|p1a: Gouging Fire|Heat Crash|p2a: Clefable\n|-damage|p2a: Clefable|20/100\n|move|p2a: Clefable|Moonblast|p1a: Gouging Fire\n|-damage|p1a: Gouging Fire|0 fnt\n|faint|p1a: Gouging Fire\n|-end|p1a: Gouging Fire|Protosynthesis|[silent]\n|\n|-heal|p2a: Clefable|26/100|[from] item: Leftovers\n|upkeep\n|inactive|Time left: 300 sec this turn | 300 sec total | 5 sec grace\n|\n|t:|1783558377\n|switch|p1a: Gallade|Gallade, L80, M|240/240\n|turn|15\n|inactive|Time left: 300 sec this turn | 300 sec total\n|\n|t:|1783558379\n|move|p1a: Gallade|Sacred Sword|p2a: Clefable\n|-resisted|p2a: Clefable\n|-damage|p2a: Clefable|0 fnt\n|faint|p2a: Clefable\n|-damage|p1a: Gallade|216/240|[from] item: Life Orb\n|\n|upkeep\n|\n|t:|1783558380\n|switch|p2a: Bastiodon|Bastiodon, L89, M|100/100\n|turn|16\n|inactive|Time left: 300 sec this turn | 300 sec total\n|\n|t:|1783558380\n|-terastallize|p2a: Bastiodon|Fighting\n|move|p1a: Gallade|Sacred Sword|p2a: Bastiodon\n|-damage|p2a: Bastiodon|57/100\n|-damage|p1a: Gallade|192/240|[from] item: Life Orb\n|move|p2a: Bastiodon|Body Press|p1a: Gallade\n|-resisted|p1a: Gallade\n|-damage|p1a: Gallade|92/240\n|\n|upkeep\n|turn|17\n|inactive|Time left: 300 sec this turn | 300 sec total\n|\n|t:|1783558382\n|-terastallize|p1a: Gallade|Fighting\n|move|p1a: Gallade|Sacred Sword|p2a: Bastiodon\n|-crit|p2a: Bastiodon\n|-damage|p2a: Bastiodon|0 fnt\n|faint|p2a: Bastiodon\n|-damage|p1a: Gallade|68/240|[from] item: Life Orb\n|\n|upkeep\n|\n|t:|1783558382\n|switch|p2a: Zebstrika|Zebstrika, L87, F|100/100\n|turn|18\n|inactive|Time left: 300 sec this turn | 300 sec total\n|\n|t:|1783558383\n|switch|p1a: Hydreigon|Hydreigon, L79, M|275/275\n|move|p2a: Zebstrika|High Horsepower|p1a: Hydreigon\n|-immune|p1a: Hydreigon|[from] ability: Levitate\n|\n|upkeep\n|turn|19\n|inactive|Time left: 300 sec this turn | 300 sec total\n|\n|t:|1783558384\n|move|p2a: Zebstrika|High Horsepower|p1a: Hydreigon\n|-immune|p1a: Hydreigon|[from] ability: Levitate\n|move|p1a: Hydreigon|Draco Meteor|p2a: Zebstrika|[miss]\n|-miss|p1a: Hydreigon|p2a: Zebstrika\n|\n|upkeep\n|turn|20\n|inactive|Time left: 300 sec this turn | 300 sec total\n|\n|t:|1783558385\n|move|p2a: Zebstrika|Supercell Slam|p1a: Hydreigon\n|-resisted|p1a: Hydreigon\n|-damage|p1a: Hydreigon|205/275\n|-damage|p2a: Zebstrika|91/100|[from] item: Life Orb\n|move|p1a: Hydreigon|Draco Meteor|p2a: Zebstrika|[miss]\n|-miss|p1a: Hydreigon|p2a: Zebstrika\n|\n|upkeep\n|turn|21\n|inactive|Time left: 300 sec this turn | 300 sec total\n|\n|t:|1783558386\n|move|p2a: Zebstrika|Volt Switch|p1a: Hydreigon\n|-resisted|p1a: Hydreigon\n|-damage|p1a: Hydreigon|161/275\n|-damage|p2a: Zebstrika|81/100|[from] item: Life Orb\n|move|p1a: Hydreigon|Draco Meteor|p2a: Zebstrika\n|-damage|p2a: Zebstrika|0 fnt\n|-unboost|p1a: Hydreigon|spa|2\n|faint|p2a: Zebstrika\n|-damage|p1a: Hydreigon|134/275|[from] item: Life Orb\n|\n|win|p0x1650346b", "uploadtime": 1783558386, "views": 0, "rating": 0, "private": 0, "password": null, "_winner": "p0x1650346b", "_our_name": "p0x1650346b"}