{"id": "battle-gen9randombattle-461", "formatid": "gen9randombattle", "format": "[Gen 9] Random Battle", "players": ["p0x461e788", "p0y46145c4"], "log": "|init|battle\n|title|p0x461e788 vs. p0y46145c4\n|j|\u2606p0x461e788\n|j|\u2606p0y46145c4\n|t:|1783544403\n|gametype|singles\n|player|p1|p0x461e788|169|\n|player|p2|p0y46145c4|102|\n|gen|9\n|tier|[Gen 9] Random Battle\n|rule|Species Clause: Limit one of each Pok\u00e9mon\n|rule|HP Percentage Mod: HP is shown in percentages\n|rule|Sleep Clause Mod: Limit one foe put to sleep\n|rule|Illusion Level Mod: Illusion disguises the Pok\u00e9mon's true level\n|\n|t:|1783544403\n|teamsize|p1|6\n|teamsize|p2|6\n|start\n|switch|p1a: Squawkabilly|Squawkabilly-Yellow, L89, F|291/291\n|switch|p2a: Bastiodon|Bastiodon, L89, F|100/100\n|turn|1\n|inactive|Battle timer is ON: inactive players will automatically lose when time's up. (requested by p0x461e788)\n|inactive|p0y46145c4 also wants the timer to be on.\n|\n|t:|1783544405\n|switch|p1a: Great Tusk|Great Tusk, L77|304/304\n|-enditem|p1a: Great Tusk|Booster Energy\n|-activate|p1a: Great Tusk|ability: Protosynthesis|[fromitem]\n|-start|p1a: Great Tusk|protosynthesisatk\n|move|p2a: Bastiodon|Body Press|p1a: Great Tusk\n|-damage|p1a: Great Tusk|228/304\n|\n|upkeep\n|turn|2\n|inactive|Time left: 300 sec this turn | 300 sec total\n|\n|t:|1783544406\n|switch|p2a: Kilowattrel|Kilowattrel, L83, M|100/100\n|move|p1a: Great Tusk|Earthquake|p2a: Kilowattrel\n|-immune|p2a: Kilowattrel\n|\n|upkeep\n|turn|3\n|inactive|Time left: 300 sec this turn | 300 sec total\n|\n|t:|1783544407\n|move|p2a: Kilowattrel|Hurricane|p1a: Great Tusk\n|-supereffective|p1a: Great Tusk\n|-damage|p1a: Great Tusk|0 fnt\n|faint|p1a: Great Tusk\n|-end|p1a: Great Tusk|Protosynthesis|[silent]\n|\n|upkeep\n|inactive|Time left: 300 sec this turn | 300 sec total | 5 sec grace\n|\n|t:|1783544408\n|switch|p1a: Darkrai|Darkrai, L77|234/234\n|turn|4\n|inactive|Time left: 300 sec this turn | 300 sec total\n|\n|t:|1783544409\n|move|p2a: Kilowattrel|Discharge|p1a: Darkrai\n|-damage|p1a: Darkrai|147/234\n|move|p1a: Darkrai|Nasty Plot|p1a: Darkrai\n|-boost|p1a: Darkrai|spa|2\n|\n|-heal|p1a: Darkrai|161/234|[from] item: Leftovers\n|upkeep\n|turn|5\n|inactive|Time left: 300 sec this turn | 300 sec total\n|\n|t:|1783544410\n|move|p2a: Kilowattrel|Discharge|p1a: Darkrai\n|-damage|p1a: Darkrai|65/234\n|move|p1a: Darkrai|Dark Pulse|p2a: Kilowattrel\n|-damage|p2a: Kilowattrel|10/100\n|\n|-heal|p1a: Darkrai|79/234|[from] item: Leftovers\n|upkeep\n|turn|6\n|inactive|Time left: 300 sec this turn | 300 sec total\n|\n|t:|1783544411\n|switch|p1a: Blissey|Blissey, L85, F|572/572\n|move|p2a: Kilowattrel|Discharge|p1a: Blissey\n|-damage|p1a: Blissey|509/572\n|\n|-heal|p1a: Blissey|544/572|[from] item: Leftovers\n|upkeep\n|turn|7\n|inactive|Time left: 300 sec this turn | 300 sec total\n|\n|t:|1783544412\n|move|p2a: Kilowattrel|Roost|p2a: Kilowattrel\n|-heal|p2a: Kilowattrel|60/100\n|-singleturn|p2a: Kilowattrel|move: Roost\n|move|p1a: Blissey|Seismic Toss|p2a: Kilowattrel\n|-damage|p2a: Kilowattrel|26/100\n|\n|-heal|p1a: Blissey|572/572|[from] item: Leftovers\n|upkeep\n|turn|8\n|inactive|Time left: 300 sec this turn | 300 sec total\n|\n|t:|1783544414\n|move|p2a: Kilowattrel|Roost|p2a: Kilowattrel\n|-heal|p2a: Kilowattrel|76/100\n|-singleturn|p2a: Kilowattrel|move: Roost\n|move|p1a: Blissey|Seismic Toss|p2a: Kilowattrel\n|-damage|p2a: Kilowattrel|42/100\n|\n|upkeep\n|turn|9\n|inactive|Time left: 300 sec this turn | 300 sec total\n|\n|t:|1783544415\n|move|p2a: Kilowattrel|Roost|p2a: Kilowattrel\n|-heal|p2a: Kilowattrel|92/100\n|-singleturn|p2a: Kilowattrel|move: Roost\n|move|p1a: Blissey|Seismic Toss|p2a: Kilowattrel\n|-damage|p2a: Kilowattrel|58/100\n|\n|upkeep\n|turn|10\n|inactive|Time left: 300 sec this turn | 300 sec total\n|\n|t:|1783544416\n|move|p2a: Kilowattrel|Roost|p2a: Kilowattrel\n|-heal|p2a: Kilowattrel|100/100\n|-singleturn|p2a: Kilowattrel|move: Roost\n|move|p1a: Blissey|Seismic Toss|p2a: Kilowattrel\n|-damage|p2a: Kilowattrel|67/100\n|\n|upkeep\n|turn|11\n|inactive|Time left: 300 sec this turn | 300 sec total\n|\n|t:|1783544417\n|move|p2a: Kilowattrel|Roost|p2a: Kilowattrel\n|-heal|p2a: Kilowattrel|100/100\n|-singleturn|p2a: Kilowattrel|move: Roost\n|move|p1a: Blissey|Seismic Toss|p2a: Kilowattrel\n|-damage|p2a: Kilowattrel|67/100\n|\n|upkeep\n|turn|12\n|inactive|Time left: 300 sec this turn | 300 sec total\n|\n|t:|1783544418\n|move|p2a: Kilowattrel|Roost|p2a: Kilowattrel\n|-heal|p2a: Kilowattrel|100/100\n|-singleturn|p2a: Kilowattrel|move: Roost\n|move|p1a: Blissey|Seismic Toss|p2a: Kilowattrel\n|-damage|p2a: Kilowattrel|67/100\n|\n|upkeep\n|turn|13\n|inactive|Time left: 300 sec this turn | 300 sec total\n|\n|t:|1783544419\n|move|p2a: Kilowattrel|Roost|p2a: Kilowattrel\n|-heal|p2a: Kilowattrel|100/100\n|-singleturn|p2a: Kilowattrel|move: Roost\n|move|p1a: Blissey|Seismic Toss|p2a: Kilowattrel\n|-damage|p2a: Kilowattrel|67/100\n|\n|upkeep\n|turn|14\n|inactive|Time left: 300 sec this turn | 300 sec total\n|\n|t:|1783544420\n|move|p2a: Kilowattrel|Roost|p2a: Kilowattrel\n|-heal|p2a: Kilowattrel|100/100\n|-singleturn|p2a: Kilowattrel|move: Roost\n|move|p1a: Blissey|Seismic Toss|p2a: Kilowattrel\n|-damage|p2a: Kilowattrel|67/100\n|\n|upkeep\n|turn|15\n|inactive|Time left: 300 sec this turn | 300 sec total\n|\n|t:|1783544421\n|move|p2a: Kilowattrel|Hurricane|p1a: Blissey\n|-damage|p1a: Blissey|490/572\n|move|p1a: Blissey|Seismic Toss|p2a: Kilowattrel\n|-damage|p2a: Kilowattrel|33/100\n|\n|-heal|p1a: Blissey|525/572|[from] item: Leftovers\n|upkeep\n|turn|16\n|inactive|Time left: 300 sec this turn | 300 sec total\n|\n|t:|1783544422\n|move|p2a: Kilowattrel|Discharge|p1a: Blissey\n|-damage|p1a: Blissey|464/572\n|move|p1a: Blissey|Seismic Toss|p2a: Kilowattrel\n|-damage|p2a: Kilowattrel|0 fnt\n|faint|p2a: Kilowattrel\n|\n|-heal|p1a: Blissey|499/572|[from] item: Leftovers\n|upkeep\n|\n|t:|1783544423\n|switch|p2a: Munkidori|Munkidori, L79, M|100/100\n|turn|17\n|inactive|Time left: 300 sec this turn | 300 sec total\n|\n|t:|1783544424\n|move|p2a: Munkidori|Nasty Plot|p2a: Munkidori\n|-boost|p2a: Munkidori|spa|2\n|move|p1a: Blissey|Seismic Toss|p2a: Munkidori\n|-damage|p2a: Munkidori|69/100\n|\n|-heal|p1a: Blissey|534/572|[from] item: Leftovers\n|upkeep\n|turn|18\n|inactive|Time left: 300 sec this turn | 300 sec total\n|\n|t:|1783544425\n|switch|p1a: Darkrai|Darkrai, L77|79/234\n|move|p2a: Munkidori|Focus Blast|p1a: Darkrai\n|-supereffective|p1a: Darkrai\n|-damage|p1a: Darkrai|0 fnt\n|faint|p1a: Darkrai\n|-damage|p2a: Munkidori|59/100|[from] item: Life Orb\n|\n|upkeep\n|inactive|Time left: 300 sec this turn | 300 sec total | 5 sec grace\n|\n|t:|1783544426\n|switch|p1a: Squawkabilly|Squawkabilly-Yellow, L89, F|291/291\n|turn|19\n|inactive|Time left: 300 sec this turn | 300 sec total\n|\n|t:|1783544427\n|switch|p2a: Bastiodon|Bastiodon, L89, F|100/100\n|move|p1a: Squawkabilly|Double-Edge|p2a: Bastiodon\n|-resisted|p2a: Bastiodon\n|-damage|p2a: Bastiodon|81/100\n|-damage|p1a: Squawkabilly|275/291|[from] Recoil\n|\n|upkeep\n|turn|20\n|inactive|Time left: 300 sec this turn | 300 sec total\n|\n|t:|1783544428\n|move|p1a: Squawkabilly|Double-Edge|p2a: Bastiodon\n|-resisted|p2a: Bastiodon\n|-damage|p2a: Bastiodon|66/100\n|-damage|p1a: Squawkabilly|262/291|[from] Recoil\n|move|p2a: Bastiodon|Iron Defense|p2a: Bastiodon\n|-boost|p2a: Bastiodon|def|2\n|\n|upkeep\n|turn|21\n|inactive|Time left: 300 sec this turn | 300 sec total\n|\n|t:|1783544429\n|move|p1a: Squawkabilly|Double-Edge|p2a: Bastiodon|[miss]\n|-miss|p1a: Squawkabilly|p2a: Bastiodon\n|move|p2a: Bastiodon|Body Press|p1a: Squawkabilly\n|-damage|p1a: Squawkabilly|0 fnt\n|faint|p1a: Squawkabilly\n|\n|upkeep\n|inactive|Time left: 300 sec this turn | 300 sec total | 5 sec grace\n|\n|t:|1783544430\n|switch|p1a: Blissey|Blissey, L85, F|534/572\n|turn|22\n|inactive|Time left: 300 sec this turn | 300 sec total\n|\n|t:|1783544431\n|-terastallize|p1a: Blissey|Fairy\n|move|p1a: Blissey|Seismic Toss|p2a: Bastiodon\n|-damage|p2a: Bastiodon|32/100\n|move|p2a: Bastiodon|Body Press|p1a: Blissey\n|-resisted|p1a: Blissey\n|-damage|p1a: Blissey|267/572\n|\n|-heal|p1a: Blissey|302/572|[from] item: Leftovers\n|upkeep\n|turn|23\n|inactive|Time left: 300 sec this turn | 300 sec total\n|\n|t:|1783544432\n|move|p1a: Blissey|Seismic Toss|p2a: Bastiodon\n|-damage|p2a: Bastiodon|0 fnt\n|faint|p2a: Bastiodon\n|\n|-heal|p1a: Blissey|337/572|[from] item: Leftovers\n|upkeep\n|\n|t:|1783544433\n|switch|p2a: Munkidori|Munkidori, L79, M|59/100\n|turn|24\n|inactive|Time left: 300 sec this turn | 300 sec total\n|\n|t:|1783544434\n|switch|p1a: Empoleon|Empoleon, L84, F|278/278\n|move|p2a: Munkidori|Psyshock|p1a: Empoleon\n|-resisted|p1a: Empoleon\n|-damage|p1a: Empoleon|213/278\n|-damage|p2a: Munkidori|50/100|[from] item: Life Orb\n|\n|-heal|p1a: Empoleon|230/278|[from] item: Leftovers\n|upkeep\n|turn|25\n|inactive|Time left: 300 sec this turn | 300 sec total\n|\n|t:|1783544435\n|move|p2a: Munkidori|Focus Blast|p1a: Empoleon\n|-supereffective|p1a: Empoleon\n|-damage|p1a: Empoleon|0 fnt\n|faint|p1a: Empoleon\n|-damage|p2a: Munkidori|40/100|[from] item: Life Orb\n|\n|upkeep\n|inactive|Time left: 300 sec this turn | 300 sec total | 5 sec grace\n|\n|t:|1783544436\n|switch|p1a: Delibird|Delibird, M|252/252\n|turn|26\n|inactive|Time left: 300 sec this turn | 300 sec total\n|\n|t:|1783544437\n|-terastallize|p2a: Munkidori|Poison\n|move|p2a: Munkidori|Sludge Wave|p1a: Delibird\n|-damage|p1a: Delibird|0 fnt\n|faint|p1a: Delibird\n|-damage|p2a: Munkidori|30/100|[from] item: Life Orb\n|\n|upkeep\n|inactive|Time left: 300 sec this turn | 300 sec total | 5 sec grace\n|\n|t:|1783544438\n|switch|p1a: Blissey|Blissey, L85, F, tera:Fairy|337/572\n|turn|27\n|inactive|Time left: 300 sec this turn | 300 sec total\n|\n|t:|1783544439\n|move|p2a: Munkidori|Psyshock|p1a: Blissey\n|-damage|p1a: Blissey|0 fnt\n|faint|p1a: Blissey\n|-damage|p2a: Munkidori|21/100|[from] item: Life Orb\n|\n|win|p0y46145c4", "uploadtime": 1783544439, "views": 0, "rating": 0, "private": 0, "password": null, "_winner": "p0y46145c4", "_our_name": "p0x461e788"}