{"id": "battle-gen9randombattle-2394", "formatid": "gen9randombattle", "format": "[Gen 9] Random Battle", "players": ["p0x2394d4cb", "p0y2394efc0"], "log": "|init|battle\n|title|p0x2394d4cb vs. p0y2394efc0\n|j|\u2606p0x2394d4cb\n|j|\u2606p0y2394efc0\n|t:|1783566771\n|gametype|singles\n|player|p1|p0x2394d4cb|266|\n|player|p2|p0y2394efc0|1|\n|gen|9\n|tier|[Gen 9] Random Battle\n|rule|Species Clause: Limit one of each Pok\u00e9mon\n|rule|HP Percentage Mod: HP is shown in percentages\n|rule|Sleep Clause Mod: Limit one foe put to sleep\n|rule|Illusion Level Mod: Illusion disguises the Pok\u00e9mon's true level\n|\n|t:|1783566771\n|teamsize|p1|6\n|teamsize|p2|6\n|start\n|switch|p1a: Chimecho|Chimecho, L93, F|100/100\n|switch|p2a: Glalie|Glalie, L96, M|309/309\n|turn|1\n|inactive|Battle timer is ON: inactive players will automatically lose when time's up. (requested by p0x2394d4cb)\n|inactive|Time left: 300 sec this turn | 300 sec total | 60 sec grace\n|inactive|p0y2394efc0 also wants the timer to be on.\n|\n|t:|1783566773\n|move|p2a: Glalie|Spikes|p1a: Chimecho\n|-sidestart|p1: p0x2394d4cb|Spikes\n|move|p1a: Chimecho|Cosmic Power|p1a: Chimecho\n|-boost|p1a: Chimecho|def|1\n|-boost|p1a: Chimecho|spd|1\n|\n|upkeep\n|turn|2\n|inactive|Time left: 300 sec this turn | 300 sec total\n|\n|t:|1783566774\n|switch|p2a: Basculegion|Basculegion-F, L83, F|335/335\n|move|p1a: Chimecho|Cosmic Power|p1a: Chimecho\n|-boost|p1a: Chimecho|def|1\n|-boost|p1a: Chimecho|spd|1\n|\n|upkeep\n|turn|3\n|inactive|Time left: 300 sec this turn | 300 sec total\n|\n|t:|1783566776\n|move|p2a: Basculegion|Shadow Ball|p1a: Chimecho\n|-supereffective|p1a: Chimecho\n|-damage|p1a: Chimecho|66/100\n|move|p1a: Chimecho|Stored Power|p2a: Basculegion\n|-damage|p2a: Basculegion|229/335\n|\n|-heal|p1a: Chimecho|72/100|[from] item: Leftovers\n|upkeep\n|turn|4\n|inactive|Time left: 300 sec this turn | 300 sec total\n|\n|t:|1783566777\n|move|p2a: Basculegion|Shadow Ball|p1a: Chimecho\n|-supereffective|p1a: Chimecho\n|-damage|p1a: Chimecho|34/100\n|move|p1a: Chimecho|Recover|p1a: Chimecho\n|-heal|p1a: Chimecho|84/100\n|\n|-heal|p1a: Chimecho|90/100|[from] item: Leftovers\n|upkeep\n|turn|5\n|inactive|Time left: 300 sec this turn | 300 sec total\n|\n|t:|1783566778\n|move|p2a: Basculegion|Shadow Ball|p1a: Chimecho\n|-supereffective|p1a: Chimecho\n|-damage|p1a: Chimecho|51/100\n|move|p1a: Chimecho|Stored Power|p2a: Basculegion\n|-damage|p2a: Basculegion|139/335\n|\n|-heal|p1a: Chimecho|57/100|[from] item: Leftovers\n|upkeep\n|turn|6\n|inactive|Time left: 300 sec this turn | 300 sec total\n|\n|t:|1783566780\n|move|p2a: Basculegion|Shadow Ball|p1a: Chimecho\n|-supereffective|p1a: Chimecho\n|-damage|p1a: Chimecho|24/100\n|move|p1a: Chimecho|Recover|p1a: Chimecho\n|-heal|p1a: Chimecho|74/100\n|\n|-heal|p1a: Chimecho|80/100|[from] item: Leftovers\n|upkeep\n|turn|7\n|inactive|Time left: 300 sec this turn | 300 sec total\n|\n|t:|1783566781\n|move|p2a: Basculegion|Shadow Ball|p1a: Chimecho\n|-supereffective|p1a: Chimecho\n|-damage|p1a: Chimecho|45/100\n|move|p1a: Chimecho|Stored Power|p2a: Basculegion\n|-damage|p2a: Basculegion|49/335\n|\n|-heal|p1a: Chimecho|51/100|[from] item: Leftovers\n|upkeep\n|turn|8\n|inactive|Time left: 300 sec this turn | 300 sec total\n|\n|t:|1783566782\n|move|p2a: Basculegion|Shadow Ball|p1a: Chimecho\n|-supereffective|p1a: Chimecho\n|-damage|p1a: Chimecho|16/100\n|move|p1a: Chimecho|Recover|p1a: Chimecho\n|-heal|p1a: Chimecho|66/100\n|\n|-heal|p1a: Chimecho|73/100|[from] item: Leftovers\n|upkeep\n|turn|9\n|inactive|Time left: 300 sec this turn | 300 sec total\n|\n|t:|1783566783\n|move|p2a: Basculegion|Shadow Ball|p1a: Chimecho\n|-supereffective|p1a: Chimecho\n|-damage|p1a: Chimecho|38/100\n|move|p1a: Chimecho|Stored Power|p2a: Basculegion\n|-damage|p2a: Basculegion|0 fnt\n|faint|p2a: Basculegion\n|\n|-heal|p1a: Chimecho|44/100|[from] item: Leftovers\n|upkeep\n|inactive|Time left: 300 sec this turn | 300 sec total | 5 sec grace\n|\n|t:|1783566785\n|switch|p2a: Sinistcha|Sinistcha, L83|254/254\n|turn|10\n|inactive|Time left: 300 sec this turn | 300 sec total\n|\n|t:|1783566786\n|move|p1a: Chimecho|Recover|p1a: Chimecho\n|-heal|p1a: Chimecho|94/100\n|move|p2a: Sinistcha|Calm Mind|p2a: Sinistcha\n|-boost|p2a: Sinistcha|spa|1\n|-boost|p2a: Sinistcha|spd|1\n|\n|-heal|p1a: Chimecho|100/100|[from] item: Leftovers\n|upkeep\n|turn|11\n|inactive|Time left: 300 sec this turn | 300 sec total\n|\n|t:|1783566787\n|move|p1a: Chimecho|Cosmic Power|p1a: Chimecho\n|-boost|p1a: Chimecho|def|1\n|-boost|p1a: Chimecho|spd|1\n|move|p2a: Sinistcha|Calm Mind|p2a: Sinistcha\n|-boost|p2a: Sinistcha|spa|1\n|-boost|p2a: Sinistcha|spd|1\n|\n|upkeep\n|turn|12\n|inactive|Time left: 300 sec this turn | 300 sec total\n|\n|t:|1783566788\n|move|p1a: Chimecho|Stored Power|p2a: Sinistcha\n|-damage|p2a: Sinistcha|160/254\n|move|p2a: Sinistcha|Calm Mind|p2a: Sinistcha\n|-boost|p2a: Sinistcha|spa|1\n|-boost|p2a: Sinistcha|spd|1\n|\n|-heal|p2a: Sinistcha|175/254|[from] item: Leftovers\n|upkeep\n|turn|13\n|inactive|Time left: 300 sec this turn | 300 sec total\n|\n|t:|1783566789\n|move|p1a: Chimecho|Cosmic Power|p1a: Chimecho\n|-boost|p1a: Chimecho|def|1\n|-boost|p1a: Chimecho|spd|1\n|move|p2a: Sinistcha|Strength Sap|p1a: Chimecho\n|-unboost|p1a: Chimecho|atk|1\n|-heal|p2a: Sinistcha|254/254\n|\n|upkeep\n|turn|14\n|inactive|Time left: 300 sec this turn | 300 sec total\n|\n|t:|1783566790\n|move|p1a: Chimecho|Stored Power|p2a: Sinistcha\n|-damage|p2a: Sinistcha|152/254\n|move|p2a: Sinistcha|Shadow Ball|p1a: Chimecho\n|-supereffective|p1a: Chimecho\n|-damage|p1a: Chimecho|45/100\n|\n|-heal|p1a: Chimecho|51/100|[from] item: Leftovers\n|-heal|p2a: Sinistcha|167/254|[from] item: Leftovers\n|upkeep\n|turn|15\n|inactive|Time left: 300 sec this turn | 300 sec total\n|\n|t:|1783566792\n|-terastallize|p1a: Chimecho|Steel\n|move|p1a: Chimecho|Stored Power|p2a: Sinistcha\n|-damage|p2a: Sinistcha|59/254\n|move|p2a: Sinistcha|Strength Sap|p1a: Chimecho\n|-unboost|p1a: Chimecho|atk|1\n|-heal|p2a: Sinistcha|124/254\n|\n|-heal|p1a: Chimecho|57/100|[from] item: Leftovers\n|-heal|p2a: Sinistcha|139/254|[from] item: Leftovers\n|upkeep\n|turn|16\n|inactive|Time left: 300 sec this turn | 300 sec total\n|\n|t:|1783566793\n|move|p1a: Chimecho|Stored Power|p2a: Sinistcha\n|-damage|p2a: Sinistcha|46/254\n|move|p2a: Sinistcha|Strength Sap|p1a: Chimecho\n|-unboost|p1a: Chimecho|atk|1\n|-heal|p2a: Sinistcha|95/254\n|\n|-heal|p1a: Chimecho|63/100|[from] item: Leftovers\n|-heal|p2a: Sinistcha|110/254|[from] item: Leftovers\n|upkeep\n|turn|17\n|inactive|Time left: 300 sec this turn | 300 sec total\n|\n|t:|1783566793\n|-terastallize|p2a: Sinistcha|Steel\n|move|p1a: Chimecho|Stored Power|p2a: Sinistcha\n|-resisted|p2a: Sinistcha\n|-damage|p2a: Sinistcha|62/254\n|move|p2a: Sinistcha|Strength Sap|p1a: Chimecho\n|-unboost|p1a: Chimecho|atk|1\n|-heal|p2a: Sinistcha|101/254\n|\n|-heal|p1a: Chimecho|69/100|[from] item: Leftovers\n|-heal|p2a: Sinistcha|116/254|[from] item: Leftovers\n|upkeep\n|turn|18\n|inactive|Time left: 300 sec this turn | 300 sec total\n|\n|t:|1783566794\n|move|p1a: Chimecho|Stored Power|p2a: Sinistcha\n|-resisted|p2a: Sinistcha\n|-damage|p2a: Sinistcha|68/254\n|move|p2a: Sinistcha|Shadow Ball|p1a: Chimecho\n|-damage|p1a: Chimecho|43/100\n|-unboost|p1a: Chimecho|spd|1\n|\n|-heal|p1a: Chimecho|49/100|[from] item: Leftovers\n|-heal|p2a: Sinistcha|83/254|[from] item: Leftovers\n|upkeep\n|turn|19\n|inactive|Time left: 300 sec this turn | 300 sec total\n|\n|t:|1783566795\n|move|p1a: Chimecho|Recover|p1a: Chimecho\n|-heal|p1a: Chimecho|99/100\n|move|p2a: Sinistcha|Shadow Ball|p1a: Chimecho\n|-damage|p1a: Chimecho|68/100\n|\n|-heal|p1a: Chimecho|74/100|[from] item: Leftovers\n|-heal|p2a: Sinistcha|98/254|[from] item: Leftovers\n|upkeep\n|turn|20\n|inactive|Time left: 300 sec this turn | 300 sec total\n|\n|t:|1783566796\n|move|p1a: Chimecho|Stored Power|p2a: Sinistcha\n|-resisted|p2a: Sinistcha\n|-damage|p2a: Sinistcha|51/254\n|move|p2a: Sinistcha|Shadow Ball|p1a: Chimecho\n|-damage|p1a: Chimecho|41/100\n|\n|-heal|p1a: Chimecho|47/100|[from] item: Leftovers\n|-heal|p2a: Sinistcha|66/254|[from] item: Leftovers\n|upkeep\n|turn|21\n|inactive|Time left: 300 sec this turn | 300 sec total\n|\n|t:|1783566797\n|move|p1a: Chimecho|Stored Power|p2a: Sinistcha\n|-resisted|p2a: Sinistcha\n|-damage|p2a: Sinistcha|24/254\n|move|p2a: Sinistcha|Strength Sap|p1a: Chimecho\n|-unboost|p1a: Chimecho|atk|1\n|-heal|p2a: Sinistcha|56/254\n|\n|-heal|p1a: Chimecho|53/100|[from] item: Leftovers\n|-heal|p2a: Sinistcha|71/254|[from] item: Leftovers\n|upkeep\n|turn|22\n|inactive|Time left: 300 sec this turn | 300 sec total\n|\n|t:|1783566798\n|move|p1a: Chimecho|Stored Power|p2a: Sinistcha\n|-resisted|p2a: Sinistcha\n|-damage|p2a: Sinistcha|26/254\n|move|p2a: Sinistcha|Calm Mind|p2a: Sinistcha\n|-boost|p2a: Sinistcha|spa|1\n|-boost|p2a: Sinistcha|spd|1\n|\n|-heal|p1a: Chimecho|59/100|[from] item: Leftovers\n|-heal|p2a: Sinistcha|41/254|[from] item: Leftovers\n|upkeep\n|turn|23\n|inactive|Time left: 300 sec this turn | 300 sec total\n|\n|t:|1783566798\n|move|p1a: Chimecho|Stored Power|p2a: Sinistcha\n|-resisted|p2a: Sinistcha\n|-damage|p2a: Sinistcha|5/254\n|move|p2a: Sinistcha|Matcha Gotcha|p1a: Chimecho\n|-resisted|p1a: Chimecho\n|-damage|p1a: Chimecho|40/100\n|-heal|p2a: Sinistcha|34/254|[from] drain|[of] p1a: Chimecho\n|\n|-heal|p1a: Chimecho|46/100|[from] item: Leftovers\n|-heal|p2a: Sinistcha|49/254|[from] item: Leftovers\n|upkeep\n|turn|24\n|inactive|Time left: 300 sec this turn | 300 sec total\n|\n|t:|1783566800\n|move|p1a: Chimecho|Stored Power|p2a: Sinistcha\n|-resisted|p2a: Sinistcha\n|-damage|p2a: Sinistcha|12/254\n|move|p2a: Sinistcha|Matcha Gotcha|p1a: Chimecho\n|-resisted|p1a: Chimecho\n|-damage|p1a: Chimecho|29/100\n|-heal|p2a: Sinistcha|37/254|[from] drain|[of] p1a: Chimecho\n|\n|-heal|p1a: Chimecho|35/100|[from] item: Leftovers\n|-heal|p2a: Sinistcha|52/254|[from] item: Leftovers\n|upkeep\n|turn|25\n|inactive|Time left: 300 sec this turn | 300 sec total\n|\n|t:|1783566801\n|move|p1a: Chimecho|Recover|p1a: Chimecho\n|-heal|p1a: Chimecho|85/100\n|move|p2a: Sinistcha|Matcha Gotcha|p1a: Chimecho\n|-resisted|p1a: Chimecho\n|-damage|p1a: Chimecho|66/100\n|-heal|p2a: Sinistcha|80/254|[from] drain|[of] p1a: Chimecho\n|\n|-heal|p1a: Chimecho|72/100|[from] item: Leftovers\n|-heal|p2a: Sinistcha|95/254|[from] item: Leftovers\n|upkeep\n|turn|26\n|inactive|Time left: 300 sec this turn | 300 sec total\n|\n|t:|1783566802\n|move|p1a: Chimecho|Recover|p1a: Chimecho\n|-heal|p1a: Chimecho|100/100\n|move|p2a: Sinistcha|Shadow Ball|p1a: Chimecho\n|-damage|p1a: Chimecho|64/100\n|\n|-heal|p1a: Chimecho|70/100|[from] item: Leftovers\n|-heal|p2a: Sinistcha|110/254|[from] item: Leftovers\n|upkeep\n|turn|27\n|inactive|Time left: 300 sec this turn | 300 sec total\n|\n|t:|1783566803\n|move|p1a: Chimecho|Cosmic Power|p1a: Chimecho\n|-boost|p1a: Chimecho|def|1\n|-boost|p1a: Chimecho|spd|1\n|move|p2a: Sinistcha|Shadow Ball|p1a: Chimecho\n|-damage|p1a: Chimecho|39/100\n|-unboost|p1a: Chimecho|spd|1\n|\n|-heal|p1a: Chimecho|45/100|[from] item: Leftovers\n|-heal|p2a: Sinistcha|125/254|[from] item: Leftovers\n|upkeep\n|turn|28\n|inactive|Time left: 300 sec this turn | 300 sec total\n|\n|t:|1783566804\n|move|p1a: Chimecho|Recover|p1a: Chimecho\n|-heal|p1a: Chimecho|95/100\n|move|p2a: Sinistcha|Shadow Ball|p1a: Chimecho\n|-damage|p1a: Chimecho|55/100\n|\n|-heal|p1a: Chimecho|61/100|[from] item: Leftovers\n|-heal|p2a: Sinistcha|140/254|[from] item: Leftovers\n|upkeep\n|turn|29\n|inactive|Time left: 300 sec this turn | 300 sec total\n|\n|t:|1783566805\n|move|p1a: Chimecho|Stored Power|p2a: Sinistcha\n|-resisted|p2a: Sinistcha\n|-damage|p2a: Sinistcha|98/254\n|move|p2a: Sinistcha|Shadow Ball|p1a: Chimecho\n|-damage|p1a: Chimecho|22/100\n|\n|-heal|p1a: Chimecho|28/100|[from] item: Leftovers\n|-heal|p2a: Sinistcha|113/254|[from] item: Leftovers\n|upkeep\n|turn|30\n|inactive|Time left: 300 sec this turn | 300 sec total\n|\n|t:|1783566806\n|move|p1a: Chimecho|Cosmic Power|p1a: Chimecho\n|-boost|p1a: Chimecho|def|1\n|-boost|p1a: Chimecho|spd|1\n|move|p2a: Sinistcha|Matcha Gotcha|p1a: Chimecho\n|-resisted|p1a: Chimecho\n|-damage|p1a: Chimecho|11/100\n|-heal|p2a: Sinistcha|137/254|[from] drain|[of] p1a: Chimecho\n|\n|-heal|p1a: Chimecho|17/100|[from] item: Leftovers\n|-heal|p2a: Sinistcha|152/254|[from] item: Leftovers\n|upkeep\n|turn|31\n|inactive|Time left: 300 sec this turn | 300 sec total\n|\n|t:|1783566808\n|move|p1a: Chimecho|Cosmic Power|p1a: Chimecho\n|-boost|p1a: Chimecho|def|0\n|-boost|p1a: Chimecho|spd|1\n|move|p2a: Sinistcha|Matcha Gotcha|p1a: Chimecho\n|-resisted|p1a: Chimecho\n|-damage|p1a: Chimecho|4/100\n|-heal|p2a: Sinistcha|172/254|[from] drain|[of] p1a: Chimecho\n|\n|-heal|p1a: Chimecho|10/100|[from] item: Leftovers\n|-heal|p2a: Sinistcha|187/254|[from] item: Leftovers\n|upkeep\n|turn|32\n|inactive|Time left: 300 sec this turn | 300 sec total\n|\n|t:|1783566809\n|move|p1a: Chimecho|Cosmic Power|p1a: Chimecho\n|-boost|p1a: Chimecho|def|0\n|-boost|p1a: Chimecho|spd|1\n|move|p2a: Sinistcha|Shadow Ball|p1a: Chimecho\n|-damage|p1a: Chimecho|0 fnt\n|faint|p1a: Chimecho\n|\n|-heal|p2a: Sinistcha|202/254|[from] item: Leftovers\n|upkeep\n|\n|t:|1783566810\n|switch|p1a: Groudon|Groudon, L72|100/100\n|-damage|p1a: Groudon|88/100|[from] Spikes\n|-weather|SunnyDay|[from] ability: Drought|[of] p1a: Groudon\n|turn|33\n|inactive|Time left: 300 sec this turn | 300 sec total\n|\n|t:|1783566811\n|switch|p2a: Pelipper|Pelipper, L86, M|243/243\n|-weather|RainDance|[from] ability: Drizzle|[of] p2a: Pelipper\n|move|p1a: Groudon|Precipice Blades|p2a: Pelipper\n|-immune|p2a: Pelipper\n|\n|-weather|RainDance|[upkeep]\n|-heal|p1a: Groudon|94/100|[from] item: Leftovers\n|upkeep\n|turn|34\n|inactive|Time left: 300 sec this turn | 300 sec total\n|\n|t:|1783566812\n|switch|p1a: Cresselia|Cresselia, L80, F|100/100\n|move|p2a: Pelipper|Surf|p1a: Cresselia\n|-damage|p1a: Cresselia|63/100\n|\n|-weather|RainDance|[upkeep]\n|-heal|p1a: Cresselia|70/100|[from] item: Leftovers\n|upkeep\n|turn|35\n|inactive|Time left: 300 sec this turn | 300 sec total\n|\n|t:|1783566814\n|switch|p2a: Sinistcha|Sinistcha, L83, tera:Steel|202/254\n|move|p1a: Cresselia|Thunderbolt|p2a: Sinistcha\n|-damage|p2a: Sinistcha|148/254\n|-status|p2a: Sinistcha|par\n|\n|-weather|RainDance|[upkeep]\n|-heal|p1a: Cresselia|76/100|[from] item: Leftovers\n|-heal|p2a: Sinistcha|163/254 par|[from] item: Leftovers\n|upkeep\n|turn|36\n|inactive|Time left: 300 sec this turn | 300 sec total\n|\n|t:|1783566815\n|move|p1a: Cresselia|Calm Mind|p1a: Cresselia\n|-boost|p1a: Cresselia|spa|1\n|-boost|p1a: Cresselia|spd|1\n|move|p2a: Sinistcha|Shadow Ball|p1a: Cresselia\n|-supereffective|p1a: Cresselia\n|-damage|p1a: Cresselia|38/100\n|\n|-weather|RainDance|[upkeep]\n|-heal|p1a: Cresselia|44/100|[from] item: Leftovers\n|-heal|p2a: Sinistcha|178/254 par|[from] item: Leftovers\n|upkeep\n|turn|37\n|inactive|Time left: 300 sec this turn | 300 sec total\n|\n|t:|1783566816\n|move|p1a: Cresselia|Calm Mind|p1a: Cresselia\n|-boost|p1a: Cresselia|spa|1\n|-boost|p1a: Cresselia|spd|1\n|move|p2a: Sinistcha|Calm Mind|p2a: Sinistcha\n|-boost|p2a: Sinistcha|spa|1\n|-boost|p2a: Sinistcha|spd|1\n|\n|-weather|none\n|-heal|p1a: Cresselia|50/100|[from] item: Leftovers\n|-heal|p2a: Sinistcha|193/254 par|[from] item: Leftovers\n|upkeep\n|turn|38\n|inactive|Time left: 300 sec this turn | 300 sec total\n|\n|t:|1783566817\n|move|p1a: Cresselia|Moonlight|p1a: Cresselia\n|-heal|p1a: Cresselia|99/100\n|move|p2a: Sinistcha|Shadow Ball|p1a: Cresselia\n|-supereffective|p1a: Cresselia\n|-damage|p1a: Cresselia|62/100\n|\n|-heal|p1a: Cresselia|69/100|[from] item: Leftovers\n|-heal|p2a: Sinistcha|208/254 par|[from] item: Leftovers\n|upkeep\n|turn|39\n|inactive|Time left: 300 sec this turn | 300 sec total\n|\n|t:|1783566818\n|move|p1a: Cresselia|Calm Mind|p1a: Cresselia\n|-boost|p1a: Cresselia|spa|1\n|-boost|p1a: Cresselia|spd|1\n|move|p2a: Sinistcha|Calm Mind|p2a: Sinistcha\n|-boost|p2a: Sinistcha|spa|1\n|-boost|p2a: Sinistcha|spd|1\n|\n|-heal|p1a: Cresselia|75/100|[from] item: Leftovers\n|-heal|p2a: Sinistcha|223/254 par|[from] item: Leftovers\n|upkeep\n|turn|40\n|inactive|Time left: 300 sec this turn | 300 sec total\n|\n|t:|1783566819\n|move|p1a: Cresselia|Thunderbolt|p2a: Sinistcha\n|-damage|p2a: Sinistcha|159/254 par\n|cant|p2a: Sinistcha|par\n|\n|-heal|p1a: Cresselia|81/100|[from] item: Leftovers\n|-heal|p2a: Sinistcha|174/254 par|[from] item: Leftovers\n|upkeep\n|turn|41\n|inactive|Time left: 300 sec this turn | 300 sec total\n|\n|t:|1783566820\n|move|p1a: Cresselia|Psyshock|p2a: Sinistcha\n|-resisted|p2a: Sinistcha\n|-damage|p2a: Sinistcha|105/254 par\n|move|p2a: Sinistcha|Strength Sap|p1a: Cresselia\n|-unboost|p1a: Cresselia|atk|1\n|-heal|p2a: Sinistcha|222/254 par\n|\n|-heal|p1a: Cresselia|87/100|[from] item: Leftovers\n|-heal|p2a: Sinistcha|237/254 par|[from] item: Leftovers\n|upkeep\n|turn|42\n|inactive|Time left: 300 sec this turn | 300 sec total\n|\n|t:|1783566821\n|move|p1a: Cresselia|Calm Mind|p1a: Cresselia\n|-boost|p1a: Cresselia|spa|1\n|-boost|p1a: Cresselia|spd|1\n|cant|p2a: Sinistcha|par\n|\n|-heal|p1a: Cresselia|93/100|[from] item: Leftovers\n|-heal|p2a: Sinistcha|252/254 par|[from] item: Leftovers\n|upkeep\n|turn|43\n|inactive|Time left: 300 sec this turn | 300 sec total\n|\n|t:|1783566822\n|move|p1a: Cresselia|Calm Mind|p1a: Cresselia\n|-boost|p1a: Cresselia|spa|1\n|-boost|p1a: Cresselia|spd|1\n|cant|p2a: Sinistcha|par\n|\n|-heal|p1a: Cresselia|99/100|[from] item: Leftovers\n|-heal|p2a: Sinistcha|254/254 par|[from] item: Leftovers\n|upkeep\n|turn|44\n|inactive|Time left: 300 sec this turn | 300 sec total\n|\n|t:|1783566823\n|move|p1a: Cresselia|Thunderbolt|p2a: Sinistcha\n|-damage|p2a: Sinistcha|156/254 par\n|cant|p2a: Sinistcha|par\n|\n|-heal|p1a: Cresselia|100/100|[from] item: Leftovers\n|-heal|p2a: Sinistcha|171/254 par|[from] item: Leftovers\n|upkeep\n|turn|45\n|inactive|Time left: 300 sec this turn | 300 sec total\n|\n|t:|1783566824\n|move|p1a: Cresselia|Psyshock|p2a: Sinistcha\n|-resisted|p2a: Sinistcha\n|-damage|p2a: Sinistcha|78/254 par\n|cant|p2a: Sinistcha|par\n|\n|-heal|p2a: Sinistcha|93/254 par|[from] item: Leftovers\n|upkeep\n|turn|46\n|inactive|Time left: 300 sec this turn | 300 sec total\n|\n|t:|1783566825\n|move|p1a: Cresselia|Psyshock|p2a: Sinistcha\n|-resisted|p2a: Sinistcha\n|-damage|p2a: Sinistcha|0 fnt\n|faint|p2a: Sinistcha\n|\n|upkeep\n|inactive|Time left: 300 sec this turn | 300 sec total | 5 sec grace\n|\n|t:|1783566826\n|switch|p2a: Hydrapple|Hydrapple, L83, F|312/312\n|turn|47\n|inactive|Time left: 300 sec this turn | 300 sec total\n|\n|t:|1783566827\n|move|p1a: Cresselia|Psyshock|p2a: Hydrapple\n|-damage|p2a: Hydrapple|104/312\n|move|p2a: Hydrapple|Fickle Beam|p1a: Cresselia\n|-crit|p1a: Cresselia\n|-damage|p1a: Cresselia|41/100\n|\n|-heal|p1a: Cresselia|47/100|[from] item: Leftovers\n|upkeep\n|turn|48\n|inactive|Time left: 300 sec this turn | 300 sec total\n|\n|t:|1783566828\n|switch|p2a: Glalie|Glalie, L96, M|309/309\n|move|p1a: Cresselia|Psyshock|p2a: Glalie\n|-damage|p2a: Glalie|105/309\n|\n|-heal|p1a: Cresselia|53/100|[from] item: Leftovers\n|upkeep\n|turn|49\n|inactive|Time left: 300 sec this turn | 300 sec total\n|\n|t:|1783566829\n|switch|p2a: Hydrapple|Hydrapple, L83, F|208/312\n|move|p1a: Cresselia|Psyshock|p2a: Hydrapple\n|-damage|p2a: Hydrapple|15/312\n|\n|-heal|p1a: Cresselia|59/100|[from] item: Leftovers\n|upkeep\n|turn|50\n|inactive|Time left: 300 sec this turn | 300 sec total\n|\n|t:|1783566829\n|switch|p2a: Glalie|Glalie, L96, M|105/309\n|move|p1a: Cresselia|Thunderbolt|p2a: Glalie\n|-damage|p2a: Glalie|0 fnt\n|faint|p2a: Glalie\n|\n|-heal|p1a: Cresselia|66/100|[from] item: Leftovers\n|upkeep\n|inactive|Time left: 300 sec this turn | 300 sec total | 5 sec grace\n|\n|t:|1783566830\n|switch|p2a: Hydrapple|Hydrapple, L83, F|119/312\n|turn|51\n|inactive|Time left: 300 sec this turn | 300 sec total\n|\n|t:|1783566831\n|switch|p2a: Pelipper|Pelipper, L86, M|243/243\n|-weather|RainDance|[from] ability: Drizzle|[of] p2a: Pelipper\n|move|p1a: Cresselia|Psyshock|p2a: Pelipper\n|-damage|p2a: Pelipper|44/243\n|\n|-weather|RainDance|[upkeep]\n|-heal|p1a: Cresselia|72/100|[from] item: Leftovers\n|upkeep\n|turn|52\n|inactive|Time left: 300 sec this turn | 300 sec total\n|\n|t:|1783566832\n|switch|p2a: Hydrapple|Hydrapple, L83, F|223/312\n|move|p1a: Cresselia|Thunderbolt|p2a: Hydrapple\n|-resisted|p2a: Hydrapple\n|-damage|p2a: Hydrapple|179/312\n|-status|p2a: Hydrapple|par\n|\n|-weather|RainDance|[upkeep]\n|-heal|p1a: Cresselia|78/100|[from] item: Leftovers\n|upkeep\n|turn|53\n|inactive|Time left: 300 sec this turn | 300 sec total\n|\n|t:|1783566833\n|switch|p2a: Pelipper|Pelipper, L86, M|44/243\n|move|p1a: Cresselia|Psyshock|p2a: Pelipper\n|-damage|p2a: Pelipper|0 fnt\n|faint|p2a: Pelipper\n|\n|-weather|RainDance|[upkeep]\n|-heal|p1a: Cresselia|84/100|[from] item: Leftovers\n|upkeep\n|inactive|Time left: 300 sec this turn | 300 sec total | 5 sec grace\n|\n|t:|1783566834\n|switch|p2a: Hydrapple|Hydrapple, L83, F|283/312 par\n|turn|54\n|inactive|Time left: 300 sec this turn | 300 sec total\n|\n|t:|1783566835\n|move|p1a: Cresselia|Psyshock|p2a: Hydrapple\n|-damage|p2a: Hydrapple|106/312 par\n|move|p2a: Hydrapple|Fickle Beam|p1a: Cresselia\n|-damage|p1a: Cresselia|74/100\n|\n|-weather|RainDance|[upkeep]\n|-heal|p1a: Cresselia|80/100|[from] item: Leftovers\n|upkeep\n|turn|55\n|inactive|Time left: 300 sec this turn | 300 sec total\n|\n|t:|1783566836\n|switch|p2a: Delibird|Delibird, F|252/252\n|move|p1a: Cresselia|Psyshock|p2a: Delibird\n|-damage|p2a: Delibird|0 fnt\n|faint|p2a: Delibird\n|\n|-weather|none\n|-heal|p1a: Cresselia|86/100|[from] item: Leftovers\n|upkeep\n|inactive|Time left: 300 sec this turn | 300 sec total | 5 sec grace\n|\n|t:|1783566837\n|switch|p2a: Hydrapple|Hydrapple, L83, F|210/312 par\n|turn|56\n|inactive|Time left: 300 sec this turn | 300 sec total\n|\n|t:|1783566838\n|move|p1a: Cresselia|Psyshock|p2a: Hydrapple\n|-damage|p2a: Hydrapple|33/312 par\n|move|p2a: Hydrapple|Fickle Beam|p1a: Cresselia\n|-damage|p1a: Cresselia|75/100\n|\n|-heal|p1a: Cresselia|82/100|[from] item: Leftovers\n|upkeep\n|turn|57\n|inactive|Time left: 300 sec this turn | 300 sec total\n|\n|t:|1783566839\n|move|p1a: Cresselia|Psyshock|p2a: Hydrapple\n|-damage|p2a: Hydrapple|0 fnt\n|faint|p2a: Hydrapple\n|\n|win|p0x2394d4cb", "uploadtime": 1783566839, "views": 0, "rating": 0, "private": 0, "password": null, "_winner": "p0x2394d4cb", "_our_name": "p0y2394efc0"}