{"id": "battle-gen9randombattle-2681", "formatid": "gen9randombattle", "format": "[Gen 9] Random Battle", "players": ["p0x2681561f", "p0y268133ba"], "log": "|init|battle\n|title|p0x2681561f vs. p0y268133ba\n|j|\u2606p0x2681561f\n|j|\u2606p0y268133ba\n|t:|1783570940\n|gametype|singles\n|player|p1|p0x2681561f|169|\n|player|p2|p0y268133ba|169|\n|gen|9\n|tier|[Gen 9] Random Battle\n|rule|Species Clause: Limit one of each Pok\u00e9mon\n|rule|HP Percentage Mod: HP is shown in percentages\n|rule|Sleep Clause Mod: Limit one foe put to sleep\n|rule|Illusion Level Mod: Illusion disguises the Pok\u00e9mon's true level\n|\n|t:|1783570940\n|teamsize|p1|6\n|teamsize|p2|6\n|start\n|switch|p1a: Meowstic|Meowstic, L89, M|100/100\n|switch|p2a: Tornadus|Tornadus, L82, M|263/263\n|turn|1\n|inactive|Battle timer is ON: inactive players will automatically lose when time's up. (requested by p0x2681561f)\n|inactive|Time left: 300 sec this turn | 300 sec total | 60 sec grace\n|inactive|p0y268133ba also wants the timer to be on.\n|\n|t:|1783570942\n|move|p1a: Meowstic|Light Screen|p1a: Meowstic\n|-sidestart|p1: p0x2681561f|move: Light Screen\n|move|p2a: Tornadus|Bleakwind Storm|p1a: Meowstic\n|-damage|p1a: Meowstic|67/100\n|\n|upkeep\n|turn|2\n|inactive|Time left: 300 sec this turn | 300 sec total\n|\n|t:|1783570943\n|switch|p1a: Thundurus|Thundurus-Therian, L80, M|100/100\n|move|p2a: Tornadus|Bleakwind Storm|p1a: Thundurus\n|-resisted|p1a: Thundurus\n|-damage|p1a: Thundurus|80/100\n|-unboost|p1a: Thundurus|spe|1\n|\n|upkeep\n|turn|3\n|inactive|Time left: 300 sec this turn | 300 sec total\n|\n|t:|1783570944\n|switch|p2a: Florges|Florges-Yellow, L85, F|271/271\n|move|p1a: Thundurus|Volt Switch|p2a: Florges\n|-damage|p2a: Florges|213/271\n|\n|t:|1783570945\n|switch|p1a: Arbok|Arbok, L87, M|100/100|[from] Volt Switch\n|-ability|p1a: Arbok|Intimidate|boost\n|-unboost|p2a: Florges|atk|1\n|\n|-heal|p2a: Florges|229/271|[from] item: Leftovers\n|upkeep\n|turn|4\n|inactive|Time left: 300 sec this turn | 300 sec total\n|\n|t:|1783570946\n|switch|p2a: Slither Wing|Slither Wing, L81|270/270\n|move|p1a: Arbok|Gunk Shot|p2a: Slither Wing\n|-damage|p2a: Slither Wing|120/270\n|\n|upkeep\n|turn|5\n|inactive|Time left: 300 sec this turn | 300 sec total\n|\n|t:|1783570947\n|move|p2a: Slither Wing|Earthquake|p1a: Arbok\n|-supereffective|p1a: Arbok\n|-damage|p1a: Arbok|17/100\n|move|p1a: Arbok|Gunk Shot|p2a: Slither Wing\n|-damage|p2a: Slither Wing|0 fnt\n|faint|p2a: Slither Wing\n|-end|p2a: Slither Wing|Protosynthesis|[silent]\n|\n|-heal|p1a: Arbok|23/100|[from] item: Leftovers\n|upkeep\n|inactive|Time left: 300 sec this turn | 300 sec total | 5 sec grace\n|\n|t:|1783570947\n|switch|p2a: Tornadus|Tornadus, L82, M|263/263\n|turn|6\n|inactive|Time left: 300 sec this turn | 300 sec total\n|\n|t:|1783570948\n|move|p2a: Tornadus|Heat Wave|p1a: Arbok\n|-damage|p1a: Arbok|0 fnt\n|faint|p1a: Arbok\n|\n|upkeep\n|\n|t:|1783570949\n|switch|p1a: Thundurus|Thundurus-Therian, L80, M|80/100\n|turn|7\n|inactive|Time left: 300 sec this turn | 300 sec total\n|\n|t:|1783570950\n|switch|p2a: Florges|Florges-Yellow, L85, F|229/271\n|move|p1a: Thundurus|Thunderbolt|p2a: Florges\n|-damage|p2a: Florges|154/271\n|\n|-heal|p2a: Florges|170/271|[from] item: Leftovers\n|upkeep\n|turn|8\n|inactive|Time left: 300 sec this turn | 300 sec total\n|\n|t:|1783570951\n|move|p1a: Thundurus|Thunderbolt|p2a: Florges\n|-damage|p2a: Florges|91/271\n|-status|p2a: Florges|par\n|cant|p2a: Florges|par\n|\n|-heal|p2a: Florges|107/271 par|[from] item: Leftovers\n|-sideend|p1: p0x2681561f|move: Light Screen\n|upkeep\n|turn|9\n|inactive|Time left: 300 sec this turn | 300 sec total\n|\n|t:|1783570952\n|move|p1a: Thundurus|Thunderbolt|p2a: Florges\n|-damage|p2a: Florges|32/271 par\n|move|p2a: Florges|Moonblast|p1a: Thundurus\n|-damage|p1a: Thundurus|34/100\n|\n|-heal|p2a: Florges|48/271 par|[from] item: Leftovers\n|upkeep\n|turn|10\n|inactive|Time left: 300 sec this turn | 300 sec total\n|\n|t:|1783570954\n|-terastallize|p2a: Florges|Ground\n|move|p1a: Thundurus|Thunderbolt|p2a: Florges\n|-immune|p2a: Florges\n|move|p2a: Florges|Synthesis|p2a: Florges\n|-heal|p2a: Florges|183/271 par\n|\n|-heal|p2a: Florges|199/271 par|[from] item: Leftovers\n|upkeep\n|turn|11\n|inactive|Time left: 300 sec this turn | 300 sec total\n|\n|t:|1783570955\n|switch|p1a: Meowstic|Meowstic, L89, M|67/100\n|move|p2a: Florges|Moonblast|p1a: Meowstic\n|-damage|p1a: Meowstic|23/100\n|\n|-heal|p2a: Florges|215/271 par|[from] item: Leftovers\n|upkeep\n|turn|12\n|inactive|Time left: 300 sec this turn | 300 sec total\n|\n|t:|1783570956\n|move|p1a: Meowstic|Reflect|p1a: Meowstic\n|-sidestart|p1: p0x2681561f|Reflect\n|cant|p2a: Florges|par\n|\n|-heal|p2a: Florges|231/271 par|[from] item: Leftovers\n|upkeep\n|turn|13\n|inactive|Time left: 300 sec this turn | 300 sec total\n|\n|t:|1783570957\n|move|p1a: Meowstic|Light Screen|p1a: Meowstic\n|-sidestart|p1: p0x2681561f|move: Light Screen\n|move|p2a: Florges|Moonblast|p1a: Meowstic\n|-damage|p1a: Meowstic|4/100\n|\n|-heal|p2a: Florges|247/271 par|[from] item: Leftovers\n|upkeep\n|turn|14\n|inactive|Time left: 300 sec this turn | 300 sec total\n|\n|t:|1783570958\n|switch|p1a: Lunala|Lunala, L70|100/100\n|move|p2a: Florges|Calm Mind|p2a: Florges\n|-boost|p2a: Florges|spa|1\n|-boost|p2a: Florges|spd|1\n|\n|-heal|p2a: Florges|263/271 par|[from] item: Leftovers\n|upkeep\n|turn|15\n|inactive|Time left: 300 sec this turn | 300 sec total\n|\n|t:|1783570959\n|move|p1a: Lunala|Calm Mind|p1a: Lunala\n|-boost|p1a: Lunala|spa|1\n|-boost|p1a: Lunala|spd|1\n|move|p2a: Florges|Calm Mind|p2a: Florges\n|-boost|p2a: Florges|spa|1\n|-boost|p2a: Florges|spd|1\n|\n|-heal|p2a: Florges|271/271 par|[from] item: Leftovers\n|upkeep\n|turn|16\n|inactive|Time left: 300 sec this turn | 300 sec total\n|\n|t:|1783570960\n|move|p1a: Lunala|Psyshock|p2a: Florges\n|-damage|p2a: Florges|135/271 par\n|cant|p2a: Florges|par\n|\n|-heal|p2a: Florges|151/271 par|[from] item: Leftovers\n|upkeep\n|turn|17\n|inactive|Time left: 300 sec this turn | 300 sec total\n|\n|t:|1783570961\n|move|p1a: Lunala|Psyshock|p2a: Florges\n|-damage|p2a: Florges|16/271 par\n|cant|p2a: Florges|par\n|\n|-heal|p2a: Florges|32/271 par|[from] item: Leftovers\n|upkeep\n|turn|18\n|inactive|Time left: 300 sec this turn | 300 sec total\n|\n|t:|1783570961\n|move|p1a: Lunala|Moongeist Beam|p2a: Florges\n|-damage|p2a: Florges|0 fnt\n|faint|p2a: Florges\n|\n|upkeep\n|inactive|Time left: 300 sec this turn | 300 sec total | 5 sec grace\n|\n|t:|1783570962\n|switch|p2a: Tsareena|Tsareena, L87, F|267/267\n|turn|19\n|inactive|Time left: 300 sec this turn | 300 sec total\n|\n|t:|1783570963\n|move|p1a: Lunala|Calm Mind|p1a: Lunala\n|-boost|p1a: Lunala|spa|1\n|-boost|p1a: Lunala|spd|1\n|move|p2a: Tsareena|Knock Off|p1a: Lunala\n|-supereffective|p1a: Lunala\n|-damage|p1a: Lunala|70/100\n|-enditem|p1a: Lunala|Leftovers|[from] move: Knock Off|[of] p2a: Tsareena\n|\n|-sideend|p1: p0x2681561f|Reflect\n|upkeep\n|turn|20\n|inactive|Time left: 300 sec this turn | 300 sec total\n|\n|t:|1783570964\n|-terastallize|p1a: Lunala|Fairy\n|move|p1a: Lunala|Moongeist Beam|p2a: Tsareena\n|-damage|p2a: Tsareena|74/267\n|move|p2a: Tsareena|Knock Off|p1a: Lunala\n|-resisted|p1a: Lunala\n|-damage|p1a: Lunala|59/100\n|\n|-sideend|p1: p0x2681561f|move: Light Screen\n|upkeep\n|turn|21\n|inactive|Time left: 300 sec this turn | 300 sec total\n|\n|t:|1783570965\n|move|p1a: Lunala|Moongeist Beam|p2a: Tsareena\n|-damage|p2a: Tsareena|0 fnt\n|faint|p2a: Tsareena\n|\n|upkeep\n|inactive|Time left: 300 sec this turn | 300 sec total | 5 sec grace\n|\n|t:|1783570966\n|switch|p2a: Tornadus|Tornadus, L82, M|263/263\n|turn|22\n|inactive|Time left: 300 sec this turn | 300 sec total\n|\n|t:|1783570967\n|move|p2a: Tornadus|Bleakwind Storm|p1a: Lunala|[miss]\n|-miss|p2a: Tornadus|p1a: Lunala\n|move|p1a: Lunala|Moonlight|p1a: Lunala\n|-heal|p1a: Lunala|100/100\n|\n|upkeep\n|turn|23\n|inactive|Time left: 300 sec this turn | 300 sec total\n|\n|t:|1783570968\n|move|p2a: Tornadus|Bleakwind Storm|p1a: Lunala\n|-damage|p1a: Lunala|86/100\n|move|p1a: Lunala|Moongeist Beam|p2a: Tornadus\n|-damage|p2a: Tornadus|47/263\n|\n|upkeep\n|turn|24\n|inactive|Time left: 300 sec this turn | 300 sec total\n|\n|t:|1783570969\n|move|p2a: Tornadus|Bleakwind Storm|p1a: Lunala\n|-damage|p1a: Lunala|52/100\n|-unboost|p1a: Lunala|spe|1\n|move|p1a: Lunala|Moonlight|p1a: Lunala\n|-heal|p1a: Lunala|100/100\n|\n|upkeep\n|turn|25\n|inactive|Time left: 300 sec this turn | 300 sec total\n|\n|t:|1783570970\n|move|p2a: Tornadus|Bleakwind Storm|p1a: Lunala\n|-damage|p1a: Lunala|86/100\n|move|p1a: Lunala|Moongeist Beam|p2a: Tornadus\n|-damage|p2a: Tornadus|0 fnt\n|faint|p2a: Tornadus\n|\n|upkeep\n|inactive|Time left: 300 sec this turn | 300 sec total | 5 sec grace\n|\n|t:|1783570971\n|switch|p2a: Sunflora|Sunflora, M|312/312\n|turn|26\n|inactive|Time left: 300 sec this turn | 300 sec total\n|\n|t:|1783570972\n|move|p1a: Lunala|Moongeist Beam|p2a: Sunflora\n|-damage|p2a: Sunflora|146/312\n|move|p2a: Sunflora|Earth Power|p1a: Lunala\n|-damage|p1a: Lunala|65/100\n|-damage|p2a: Sunflora|115/312|[from] item: Life Orb\n|\n|upkeep\n|turn|27\n|inactive|Time left: 300 sec this turn | 300 sec total\n|\n|t:|1783570973\n|move|p1a: Lunala|Moongeist Beam|p2a: Sunflora\n|-damage|p2a: Sunflora|0 fnt\n|faint|p2a: Sunflora\n|\n|upkeep\n|inactive|Time left: 300 sec this turn | 300 sec total | 5 sec grace\n|\n|t:|1783570974\n|switch|p2a: Tentacruel|Tentacruel, L84, M|272/272\n|turn|28\n|inactive|Time left: 300 sec this turn | 300 sec total\n|\n|t:|1783570975\n|move|p2a: Tentacruel|Sludge Bomb|p1a: Lunala\n|-supereffective|p1a: Lunala\n|-damage|p1a: Lunala|36/100\n|move|p1a: Lunala|Psyshock|p2a: Tentacruel\n|-supereffective|p2a: Tentacruel\n|-damage|p2a: Tentacruel|0 fnt\n|faint|p2a: Tentacruel\n|\n|win|p0x2681561f", "uploadtime": 1783570975, "views": 0, "rating": 0, "private": 0, "password": null, "_winner": "p0x2681561f", "_our_name": "p0y268133ba"}