{"id": "battle-gen9randombattle-1557", "formatid": "gen9randombattle", "format": "[Gen 9] Random Battle", "players": ["p0x1557ec64", "p0y1557c83e"], "log": "|init|battle\n|title|p0x1557ec64 vs. p0y1557c83e\n|j|\u2606p0x1557ec64\n|j|\u2606p0y1557c83e\n|t:|1783557210\n|gametype|singles\n|player|p1|p0x1557ec64|265|\n|player|p2|p0y1557c83e|266|\n|gen|9\n|tier|[Gen 9] Random Battle\n|rule|Species Clause: Limit one of each Pok\u00e9mon\n|rule|HP Percentage Mod: HP is shown in percentages\n|rule|Sleep Clause Mod: Limit one foe put to sleep\n|rule|Illusion Level Mod: Illusion disguises the Pok\u00e9mon's true level\n|\n|t:|1783557210\n|teamsize|p1|6\n|teamsize|p2|6\n|start\n|switch|p1a: Lumineon|Lumineon, L93, M|279/279\n|switch|p2a: Suicune|Suicune, L82|100/100\n|-ability|p2a: Suicune|Pressure\n|turn|1\n|inactive|Battle timer is ON: inactive players will automatically lose when time's up. (requested by p0x1557ec64)\n|inactive|p0y1557c83e also wants the timer to be on.\n|\n|t:|1783557212\n|switch|p1a: Empoleon|Empoleon, L84, F|278/278\n|move|p2a: Suicune|Calm Mind|p2a: Suicune\n|-boost|p2a: Suicune|spa|1\n|-boost|p2a: Suicune|spd|1\n|\n|upkeep\n|turn|2\n|inactive|Time left: 300 sec this turn | 300 sec total\n|\n|t:|1783557214\n|move|p2a: Suicune|Calm Mind|p2a: Suicune\n|-boost|p2a: Suicune|spa|1\n|-boost|p2a: Suicune|spd|1\n|move|p1a: Empoleon|Surf|p2a: Suicune\n|-resisted|p2a: Suicune\n|-damage|p2a: Suicune|93/100\n|\n|-heal|p2a: Suicune|99/100|[from] item: Leftovers\n|upkeep\n|turn|3\n|inactive|Time left: 300 sec this turn | 300 sec total\n|\n|t:|1783557215\n|move|p2a: Suicune|Scald|p1a: Empoleon\n|-resisted|p1a: Empoleon\n|-damage|p1a: Empoleon|207/278\n|move|p1a: Empoleon|Roar|p2a: Suicune\n|drag|p2a: Swanna|Swanna, L89, F|100/100\n|\n|-heal|p1a: Empoleon|224/278|[from] item: Leftovers\n|upkeep\n|turn|4\n|inactive|Time left: 300 sec this turn | 300 sec total\n|\n|t:|1783557216\n|switch|p2a: Crabominable|Crabominable, L90, M|100/100\n|move|p1a: Empoleon|Surf|p2a: Crabominable\n|-damage|p2a: Crabominable|76/100\n|\n|-heal|p1a: Empoleon|241/278|[from] item: Leftovers\n|upkeep\n|turn|5\n|inactive|Time left: 300 sec this turn | 300 sec total\n|\n|t:|1783557218\n|switch|p1a: Tauros|Tauros-Paldea-Blaze, L81, M|252/252\n|move|p2a: Crabominable|Drain Punch|p1a: Tauros\n|-damage|p1a: Tauros|134/252\n|-heal|p2a: Crabominable|94/100|[from] drain|[of] p1a: Tauros\n|\n|upkeep\n|turn|6\n|inactive|Time left: 300 sec this turn | 300 sec total\n|\n|t:|1783557219\n|move|p1a: Tauros|Close Combat|p2a: Crabominable\n|-supereffective|p2a: Crabominable\n|-damage|p2a: Crabominable|4/100\n|-unboost|p1a: Tauros|def|1\n|-unboost|p1a: Tauros|spd|1\n|move|p2a: Crabominable|Drain Punch|p1a: Tauros\n|-damage|p1a: Tauros|0 fnt\n|-heal|p2a: Crabominable|25/100|[from] drain|[of] p1a: Tauros\n|faint|p1a: Tauros\n|\n|upkeep\n|inactive|Time left: 300 sec this turn | 300 sec total | 5 sec grace\n|\n|t:|1783557220\n|switch|p1a: Excadrill|Excadrill, L79, M|303/303\n|-ability|p1a: Excadrill|Mold Breaker\n|turn|7\n|inactive|Time left: 300 sec this turn | 300 sec total\n|\n|t:|1783557221\n|switch|p2a: Swanna|Swanna, L89, F|100/100\n|move|p1a: Excadrill|Earthquake|p2a: Swanna\n|-immune|p2a: Swanna\n|\n|upkeep\n|turn|8\n|inactive|Time left: 300 sec this turn | 300 sec total\n|\n|t:|1783557223\n|move|p2a: Swanna|Hydro Pump|p1a: Excadrill\n|-supereffective|p1a: Excadrill\n|-damage|p1a: Excadrill|0 fnt\n|faint|p1a: Excadrill\n|\n|upkeep\n|inactive|Time left: 300 sec this turn | 300 sec total | 5 sec grace\n|\n|t:|1783557224\n|switch|p1a: Empoleon|Empoleon, L84, F|241/278\n|turn|9\n|inactive|Time left: 300 sec this turn | 300 sec total\n|\n|t:|1783557225\n|switch|p2a: Suicune|Suicune, L82|99/100\n|-ability|p2a: Suicune|Pressure\n|move|p1a: Empoleon|Ice Beam|p2a: Suicune\n|-resisted|p2a: Suicune\n|-damage|p2a: Suicune|89/100\n|\n|-heal|p2a: Suicune|95/100|[from] item: Leftovers\n|-heal|p1a: Empoleon|258/278|[from] item: Leftovers\n|upkeep\n|turn|10\n|inactive|Time left: 300 sec this turn | 300 sec total\n|\n|t:|1783557226\n|move|p2a: Suicune|Calm Mind|p2a: Suicune\n|-boost|p2a: Suicune|spa|1\n|-boost|p2a: Suicune|spd|1\n|move|p1a: Empoleon|Surf|p2a: Suicune\n|-resisted|p2a: Suicune\n|-damage|p2a: Suicune|86/100\n|\n|-heal|p2a: Suicune|92/100|[from] item: Leftovers\n|-heal|p1a: Empoleon|275/278|[from] item: Leftovers\n|upkeep\n|turn|11\n|inactive|Time left: 300 sec this turn | 300 sec total\n|\n|t:|1783557227\n|move|p2a: Suicune|Calm Mind|p2a: Suicune\n|-boost|p2a: Suicune|spa|1\n|-boost|p2a: Suicune|spd|1\n|move|p1a: Empoleon|Roar|p2a: Suicune\n|drag|p2a: Galvantula|Galvantula, L82, M|100/100\n|\n|-heal|p1a: Empoleon|278/278|[from] item: Leftovers\n|upkeep\n|turn|12\n|inactive|Time left: 300 sec this turn | 300 sec total\n|\n|t:|1783557229\n|move|p2a: Galvantula|Sticky Web|p1a: Empoleon\n|-sidestart|p1: p0x1557ec64|move: Sticky Web\n|move|p1a: Empoleon|Surf|p2a: Galvantula\n|-damage|p2a: Galvantula|43/100\n|\n|upkeep\n|turn|13\n|inactive|Time left: 300 sec this turn | 300 sec total\n|\n|t:|1783557230\n|move|p2a: Galvantula|Thunder|p1a: Empoleon\n|-supereffective|p1a: Empoleon\n|-damage|p1a: Empoleon|92/278\n|move|p1a: Empoleon|Surf|p2a: Galvantula\n|-damage|p2a: Galvantula|0 fnt\n|faint|p2a: Galvantula\n|\n|-heal|p1a: Empoleon|109/278|[from] item: Leftovers\n|upkeep\n|\n|t:|1783557231\n|switch|p2a: Arcanine|Arcanine, L84, F|100/100\n|-ability|p2a: Arcanine|Intimidate|boost\n|-unboost|p1a: Empoleon|atk|1\n|-ability|p1a: Empoleon|Competitive|boost\n|-boost|p1a: Empoleon|spa|2\n|turn|14\n|inactive|Time left: 300 sec this turn | 300 sec total\n|\n|t:|1783557232\n|switch|p1a: Lumineon|Lumineon, L93, M|279/279\n|move|p2a: Arcanine|Flare Blitz|p1a: Lumineon\n|-resisted|p1a: Lumineon\n|-damage|p1a: Lumineon|214/279\n|-damage|p2a: Arcanine|93/100|[from] Recoil\n|\n|upkeep\n|turn|15\n|inactive|Time left: 300 sec this turn | 300 sec total\n|\n|t:|1783557233\n|switch|p2a: Suicune|Suicune, L82|92/100\n|-ability|p2a: Suicune|Pressure\n|move|p1a: Lumineon|Hydro Pump|p2a: Suicune|[miss]\n|-miss|p1a: Lumineon|p2a: Suicune\n|\n|-heal|p2a: Suicune|98/100|[from] item: Leftovers\n|upkeep\n|turn|16\n|inactive|Time left: 300 sec this turn | 300 sec total\n|\n|t:|1783557234\n|move|p1a: Lumineon|Hydro Pump|p2a: Suicune\n|-resisted|p2a: Suicune\n|-damage|p2a: Suicune|84/100\n|move|p2a: Suicune|Calm Mind|p2a: Suicune\n|-boost|p2a: Suicune|spa|1\n|-boost|p2a: Suicune|spd|1\n|\n|-heal|p2a: Suicune|90/100|[from] item: Leftovers\n|upkeep\n|turn|17\n|inactive|Time left: 300 sec this turn | 300 sec total\n|\n|t:|1783557235\n|switch|p1a: Empoleon|Empoleon, L84, F|109/278\n|-activate|p1a: Empoleon|move: Sticky Web\n|-unboost|p1a: Empoleon|spe|1\n|-ability|p1a: Empoleon|Competitive|boost\n|-boost|p1a: Empoleon|spa|2\n|move|p2a: Suicune|Calm Mind|p2a: Suicune\n|-boost|p2a: Suicune|spa|1\n|-boost|p2a: Suicune|spd|1\n|\n|-heal|p2a: Suicune|96/100|[from] item: Leftovers\n|-heal|p1a: Empoleon|126/278|[from] item: Leftovers\n|upkeep\n|turn|18\n|inactive|Time left: 300 sec this turn | 300 sec total\n|\n|t:|1783557236\n|move|p2a: Suicune|Scald|p1a: Empoleon\n|-resisted|p1a: Empoleon\n|-damage|p1a: Empoleon|55/278\n|move|p1a: Empoleon|Roost|p1a: Empoleon\n|-heal|p1a: Empoleon|194/278\n|-singleturn|p1a: Empoleon|move: Roost\n|\n|-heal|p2a: Suicune|100/100|[from] item: Leftovers\n|-heal|p1a: Empoleon|211/278|[from] item: Leftovers\n|upkeep\n|turn|19\n|inactive|Time left: 300 sec this turn | 300 sec total\n|\n|t:|1783557237\n|move|p2a: Suicune|Ice Beam|p1a: Empoleon\n|-resisted|p1a: Empoleon\n|-damage|p1a: Empoleon|185/278\n|move|p1a: Empoleon|Roar|p2a: Suicune\n|drag|p2a: Crabominable|Crabominable, L90, M|25/100\n|\n|-heal|p1a: Empoleon|202/278|[from] item: Leftovers\n|upkeep\n|turn|20\n|inactive|Time left: 300 sec this turn | 300 sec total\n|\n|t:|1783557238\n|-terastallize|p1a: Empoleon|Flying\n|move|p2a: Crabominable|Drain Punch|p1a: Empoleon\n|-resisted|p1a: Empoleon\n|-damage|p1a: Empoleon|131/278\n|-heal|p2a: Crabominable|36/100|[from] drain|[of] p1a: Empoleon\n|move|p1a: Empoleon|Surf|p2a: Crabominable\n|-damage|p2a: Crabominable|0 fnt\n|faint|p2a: Crabominable\n|\n|-heal|p1a: Empoleon|148/278|[from] item: Leftovers\n|upkeep\n|\n|t:|1783557239\n|switch|p2a: Suicune|Suicune, L82|100/100\n|-ability|p2a: Suicune|Pressure\n|turn|21\n|inactive|Time left: 300 sec this turn | 300 sec total\n|\n|t:|1783557240\n|move|p2a: Suicune|Ice Beam|p1a: Empoleon\n|-supereffective|p1a: Empoleon\n|-damage|p1a: Empoleon|54/278\n|move|p1a: Empoleon|Roost|p1a: Empoleon\n|-heal|p1a: Empoleon|193/278\n|-hint|If a Terastallized Pokemon uses Roost, it remains Flying-type.\n|\n|-heal|p1a: Empoleon|210/278|[from] item: Leftovers\n|upkeep\n|turn|22\n|inactive|Time left: 300 sec this turn | 300 sec total\n|\n|t:|1783557242\n|move|p2a: Suicune|Calm Mind|p2a: Suicune\n|-boost|p2a: Suicune|spa|1\n|-boost|p2a: Suicune|spd|1\n|move|p1a: Empoleon|Surf|p2a: Suicune\n|-resisted|p2a: Suicune\n|-damage|p2a: Suicune|81/100\n|\n|-heal|p2a: Suicune|87/100|[from] item: Leftovers\n|-heal|p1a: Empoleon|227/278|[from] item: Leftovers\n|upkeep\n|turn|23\n|inactive|Time left: 300 sec this turn | 300 sec total\n|\n|t:|1783557243\n|move|p2a: Suicune|Ice Beam|p1a: Empoleon\n|-supereffective|p1a: Empoleon\n|-damage|p1a: Empoleon|85/278\n|move|p1a: Empoleon|Roost|p1a: Empoleon\n|-heal|p1a: Empoleon|224/278\n|-hint|If a Terastallized Pokemon uses Roost, it remains Flying-type.\n|\n|-heal|p2a: Suicune|93/100|[from] item: Leftovers\n|-heal|p1a: Empoleon|241/278|[from] item: Leftovers\n|upkeep\n|turn|24\n|inactive|Time left: 300 sec this turn | 300 sec total\n|\n|t:|1783557244\n|move|p2a: Suicune|Ice Beam|p1a: Empoleon\n|-supereffective|p1a: Empoleon\n|-damage|p1a: Empoleon|87/278\n|move|p1a: Empoleon|Roar|p2a: Suicune\n|drag|p2a: Arcanine|Arcanine, L84, F|93/100\n|-ability|p2a: Arcanine|Intimidate|boost\n|-unboost|p1a: Empoleon|atk|1\n|-ability|p1a: Empoleon|Competitive|boost\n|-boost|p1a: Empoleon|spa|2\n|\n|-heal|p1a: Empoleon|104/278|[from] item: Leftovers\n|upkeep\n|turn|25\n|inactive|Time left: 300 sec this turn | 300 sec total\n|\n|t:|1783557245\n|switch|p1a: Lumineon|Lumineon, L93, M|214/279\n|move|p2a: Arcanine|Flare Blitz|p1a: Lumineon\n|-resisted|p1a: Lumineon\n|-damage|p1a: Lumineon|150/279\n|-damage|p2a: Arcanine|86/100|[from] Recoil\n|\n|upkeep\n|turn|26\n|inactive|Time left: 300 sec this turn | 300 sec total\n|\n|t:|1783557246\n|switch|p2a: Suicune|Suicune, L82|93/100\n|-ability|p2a: Suicune|Pressure\n|move|p1a: Lumineon|Hydro Pump|p2a: Suicune\n|-resisted|p2a: Suicune\n|-damage|p2a: Suicune|78/100\n|\n|-heal|p2a: Suicune|84/100|[from] item: Leftovers\n|upkeep\n|turn|27\n|inactive|Time left: 300 sec this turn | 300 sec total\n|\n|t:|1783557247\n|move|p1a: Lumineon|Hydro Pump|p2a: Suicune\n|-resisted|p2a: Suicune\n|-damage|p2a: Suicune|69/100\n|move|p2a: Suicune|Calm Mind|p2a: Suicune\n|-boost|p2a: Suicune|spa|1\n|-boost|p2a: Suicune|spd|1\n|\n|-heal|p2a: Suicune|75/100|[from] item: Leftovers\n|upkeep\n|turn|28\n|inactive|Time left: 300 sec this turn | 300 sec total\n|\n|t:|1783557248\n|move|p1a: Lumineon|Encore|p2a: Suicune\n|-start|p2a: Suicune|Encore\n|move|p2a: Suicune|Calm Mind|p2a: Suicune\n|-boost|p2a: Suicune|spa|1\n|-boost|p2a: Suicune|spd|1\n|\n|-heal|p2a: Suicune|81/100|[from] item: Leftovers\n|upkeep\n|turn|29\n|inactive|Time left: 300 sec this turn | 300 sec total\n|\n|t:|1783557249\n|switch|p1a: Empoleon|Empoleon, L84, F, tera:Flying|104/278\n|move|p2a: Suicune|Calm Mind|p2a: Suicune\n|-boost|p2a: Suicune|spa|1\n|-boost|p2a: Suicune|spd|1\n|\n|-heal|p2a: Suicune|87/100|[from] item: Leftovers\n|-heal|p1a: Empoleon|121/278|[from] item: Leftovers\n|upkeep\n|turn|30\n|inactive|Time left: 300 sec this turn | 300 sec total\n|\n|t:|1783557249\n|move|p2a: Suicune|Calm Mind|p2a: Suicune\n|-boost|p2a: Suicune|spa|1\n|-boost|p2a: Suicune|spd|1\n|move|p1a: Empoleon|Roar|p2a: Suicune\n|drag|p2a: Greedent|Greedent, L86, M|100/100\n|\n|-heal|p1a: Empoleon|138/278|[from] item: Leftovers\n|upkeep\n|turn|31\n|inactive|Time left: 300 sec this turn | 300 sec total\n|\n|t:|1783557250\n|move|p1a: Empoleon|Roost|p1a: Empoleon\n|-heal|p1a: Empoleon|277/278\n|-hint|If a Terastallized Pokemon uses Roost, it remains Flying-type.\n|move|p2a: Greedent|Swords Dance|p2a: Greedent\n|-boost|p2a: Greedent|atk|2\n|\n|-heal|p1a: Empoleon|278/278|[from] item: Leftovers\n|upkeep\n|turn|32\n|inactive|Time left: 300 sec this turn | 300 sec total\n|\n|t:|1783557251\n|move|p2a: Greedent|Double-Edge|p1a: Empoleon\n|-damage|p1a: Empoleon|32/278\n|-damage|p2a: Greedent|77/100|[from] Recoil\n|move|p1a: Empoleon|Roar|p2a: Greedent\n|drag|p2a: Swanna|Swanna, L89, F|100/100\n|\n|-heal|p1a: Empoleon|49/278|[from] item: Leftovers\n|upkeep\n|turn|33\n|inactive|Time left: 300 sec this turn | 300 sec total\n|\n|t:|1783557252\n|move|p2a: Swanna|Brave Bird|p1a: Empoleon\n|-damage|p1a: Empoleon|0 fnt\n|faint|p1a: Empoleon\n|-damage|p2a: Swanna|95/100|[from] Recoil\n|\n|upkeep\n|inactive|Time left: 300 sec this turn | 300 sec total | 5 sec grace\n|\n|t:|1783557253\n|switch|p1a: Chien-Pao|Chien-Pao, L72|234/234\n|-ability|p1a: Chien-Pao|Sword of Ruin\n|turn|34\n|inactive|Time left: 300 sec this turn | 300 sec total\n|\n|t:|1783557254\n|switch|p2a: Arcanine|Arcanine, L84, F|86/100\n|-ability|p2a: Arcanine|Intimidate|boost\n|-unboost|p1a: Chien-Pao|atk|1\n|move|p1a: Chien-Pao|Swords Dance|p1a: Chien-Pao\n|-boost|p1a: Chien-Pao|atk|2\n|\n|upkeep\n|turn|35\n|inactive|Time left: 300 sec this turn | 300 sec total\n|\n|t:|1783557255\n|move|p1a: Chien-Pao|Icicle Crash|p2a: Arcanine\n|-resisted|p2a: Arcanine\n|-damage|p2a: Arcanine|57/100\n|cant|p2a: Arcanine|flinch\n|\n|upkeep\n|turn|36\n|inactive|Time left: 300 sec this turn | 300 sec total\n|\n|t:|1783557256\n|move|p1a: Chien-Pao|Throat Chop|p2a: Arcanine\n|-damage|p2a: Arcanine|2/100\n|-start|p2a: Arcanine|Throat Chop|[silent]\n|move|p2a: Arcanine|Flare Blitz|p1a: Chien-Pao\n|-supereffective|p1a: Chien-Pao\n|-damage|p1a: Chien-Pao|0 fnt\n|faint|p1a: Chien-Pao\n|-damage|p2a: Arcanine|0 fnt|[from] Recoil\n|faint|p2a: Arcanine\n|\n|upkeep\n|inactive|Time left: 300 sec this turn | 300 sec total | 5 sec grace\n|\n|t:|1783557257\n|switch|p1a: Lumineon|Lumineon, L93, M|150/279\n|switch|p2a: Greedent|Greedent, L86, M|77/100\n|turn|37\n|inactive|Time left: 300 sec this turn | 300 sec total\n|\n|t:|1783557258\n|move|p1a: Lumineon|U-turn|p2a: Greedent\n|-damage|p2a: Greedent|64/100\n|inactive|Time left: 300 sec this turn | 300 sec total | 5 sec grace\n|\n|t:|1783557259\n|switch|p1a: Mienshao|Mienshao, L83, M|244/244|[from] U-turn\n|-activate|p1a: Mienshao|move: Sticky Web\n|-unboost|p1a: Mienshao|spe|1\n|move|p2a: Greedent|Knock Off|p1a: Mienshao\n|-resisted|p1a: Mienshao\n|-damage|p1a: Mienshao|194/244\n|-enditem|p1a: Mienshao|Life Orb|[from] move: Knock Off|[of] p2a: Greedent\n|\n|upkeep\n|turn|38\n|inactive|Time left: 300 sec this turn | 300 sec total\n|\n|t:|1783557260\n|move|p1a: Mienshao|Swords Dance|p1a: Mienshao\n|-boost|p1a: Mienshao|atk|2\n|move|p2a: Greedent|Double-Edge|p1a: Mienshao\n|-damage|p1a: Mienshao|8/244\n|-damage|p2a: Greedent|47/100|[from] Recoil\n|-enditem|p2a: Greedent|Sitrus Berry|[eat]\n|-heal|p2a: Greedent|72/100|[from] item: Sitrus Berry\n|-heal|p2a: Greedent|100/100|[from] ability: Cheek Pouch\n|\n|upkeep\n|turn|39\n|inactive|Time left: 300 sec this turn | 300 sec total\n|\n|t:|1783557261\n|-terastallize|p2a: Greedent|Ghost\n|move|p1a: Mienshao|Close Combat|p2a: Greedent\n|-immune|p2a: Greedent\n|move|p2a: Greedent|Double-Edge|p1a: Mienshao\n|-damage|p1a: Mienshao|0 fnt\n|faint|p1a: Mienshao\n|-damage|p2a: Greedent|99/100|[from] Recoil\n|\n|upkeep\n|inactive|Time left: 300 sec this turn | 300 sec total | 5 sec grace\n|\n|t:|1783557262\n|switch|p1a: Lumineon|Lumineon, L93, M|150/279\n|turn|40\n|inactive|Time left: 300 sec this turn | 300 sec total\n|\n|t:|1783557262\n|move|p1a: Lumineon|Ice Beam|p2a: Greedent\n|-damage|p2a: Greedent|79/100\n|move|p2a: Greedent|Double-Edge|p1a: Lumineon\n|-damage|p1a: Lumineon|21/279\n|-damage|p2a: Greedent|67/100|[from] Recoil\n|\n|upkeep\n|turn|41\n|inactive|Time left: 300 sec this turn | 300 sec total\n|\n|t:|1783557263\n|move|p1a: Lumineon|Ice Beam|p2a: Greedent\n|-damage|p2a: Greedent|49/100\n|move|p2a: Greedent|Double-Edge|p1a: Lumineon\n|-damage|p1a: Lumineon|0 fnt\n|faint|p1a: Lumineon\n|-damage|p2a: Greedent|47/100|[from] Recoil\n|\n|win|p0y1557c83e", "uploadtime": 1783557263, "views": 0, "rating": 0, "private": 0, "password": null, "_winner": "p0y1557c83e", "_our_name": "p0x1557ec64"}