{"id": "battle-gen9randombattle-2086", "formatid": "gen9randombattle", "format": "[Gen 9] Random Battle", "players": ["p0x2086d14c", "p0y2086b7ee"], "log": "|init|battle\n|title|p0x2086d14c vs. p0y2086b7ee\n|j|\u2606p0x2086d14c\n|j|\u2606p0y2086b7ee\n|t:|1783564184\n|gametype|singles\n|player|p1|p0x2086d14c|1|\n|player|p2|p0y2086b7ee|101|\n|gen|9\n|tier|[Gen 9] Random Battle\n|rule|Species Clause: Limit one of each Pok\u00e9mon\n|rule|HP Percentage Mod: HP is shown in percentages\n|rule|Sleep Clause Mod: Limit one foe put to sleep\n|rule|Illusion Level Mod: Illusion disguises the Pok\u00e9mon's true level\n|\n|t:|1783564184\n|teamsize|p1|6\n|teamsize|p2|6\n|start\n|switch|p1a: Sunflora|Sunflora, F|312/312\n|switch|p2a: Diancie|Diancie, L82|100/100\n|turn|1\n|inactive|Battle timer is ON: inactive players will automatically lose when time's up. (requested by p0y2086b7ee)\n|inactive|Time left: 300 sec this turn | 300 sec total | 60 sec grace\n|inactive|p0x2086d14c also wants the timer to be on.\n|\n|t:|1783564185\n|move|p2a: Diancie|Diamond Storm|p1a: Sunflora\n|-damage|p1a: Sunflora|191/312\n|-boost|p2a: Diancie|def|2\n|move|p1a: Sunflora|Leaf Storm|p2a: Diancie\n|-supereffective|p2a: Diancie\n|-damage|p2a: Diancie|0 fnt\n|-unboost|p1a: Sunflora|spa|2\n|faint|p2a: Diancie\n|\n|upkeep\n|\n|t:|1783564186\n|switch|p2a: Lurantis|Lurantis, L87, M|100/100\n|turn|2\n|inactive|Time left: 300 sec this turn | 300 sec total\n|\n|t:|1783564187\n|switch|p1a: Skuntank|Skuntank, L84, M|310/310\n|move|p2a: Lurantis|Superpower|p1a: Skuntank\n|-damage|p1a: Skuntank|187/310\n|-boost|p2a: Lurantis|atk|1\n|-boost|p2a: Lurantis|def|1\n|\n|-heal|p1a: Skuntank|206/310|[from] item: Leftovers\n|upkeep\n|turn|3\n|inactive|Time left: 300 sec this turn | 300 sec total\n|\n|t:|1783564188\n|move|p1a: Skuntank|Gunk Shot|p2a: Lurantis|[miss]\n|-miss|p1a: Skuntank|p2a: Lurantis\n|move|p2a: Lurantis|Superpower|p1a: Skuntank\n|-damage|p1a: Skuntank|24/310\n|-boost|p2a: Lurantis|atk|1\n|-boost|p2a: Lurantis|def|1\n|\n|-heal|p1a: Skuntank|43/310|[from] item: Leftovers\n|upkeep\n|turn|4\n|inactive|Time left: 300 sec this turn | 300 sec total\n|\n|t:|1783564189\n|move|p1a: Skuntank|Gunk Shot|p2a: Lurantis|[miss]\n|-miss|p1a: Skuntank|p2a: Lurantis\n|move|p2a: Lurantis|Leaf Storm|p1a: Skuntank\n|-resisted|p1a: Skuntank\n|-damage|p1a: Skuntank|0 fnt\n|-boost|p2a: Lurantis|spa|2\n|faint|p1a: Skuntank\n|\n|upkeep\n|inactive|Time left: 300 sec this turn | 300 sec total | 5 sec grace\n|\n|t:|1783564190\n|switch|p1a: Porygon-Z|Porygon-Z, L83|277/277\n|-ability|p1a: Porygon-Z|Download|boost\n|-boost|p1a: Porygon-Z|spa|1\n|turn|5\n|inactive|Time left: 300 sec this turn | 300 sec total\n|\n|t:|1783564191\n|-terastallize|p2a: Lurantis|Fighting\n|move|p1a: Porygon-Z|Ice Beam|p2a: Lurantis\n|-damage|p2a: Lurantis|55/100\n|move|p2a: Lurantis|Leaf Storm|p1a: Porygon-Z\n|-damage|p1a: Porygon-Z|0 fnt\n|-boost|p2a: Lurantis|spa|2\n|faint|p1a: Porygon-Z\n|\n|-heal|p2a: Lurantis|61/100|[from] item: Leftovers\n|upkeep\n|inactive|Time left: 300 sec this turn | 300 sec total | 5 sec grace\n|\n|t:|1783564192\n|switch|p1a: Groudon|Groudon, L72|263/263\n|-weather|SunnyDay|[from] ability: Drought|[of] p1a: Groudon\n|turn|6\n|inactive|Time left: 300 sec this turn | 300 sec total\n|\n|t:|1783564193\n|switch|p1a: Sunflora|Sunflora, F|191/312\n|move|p2a: Lurantis|Superpower|p1a: Sunflora\n|-damage|p1a: Sunflora|0 fnt\n|-boost|p2a: Lurantis|atk|1\n|-boost|p2a: Lurantis|def|1\n|faint|p1a: Sunflora\n|\n|-weather|SunnyDay|[upkeep]\n|-heal|p2a: Lurantis|68/100|[from] item: Leftovers\n|upkeep\n|inactive|Time left: 300 sec this turn | 300 sec total | 5 sec grace\n|\n|t:|1783564194\n|switch|p1a: Coalossal|Coalossal, L89, M|341/341\n|turn|7\n|inactive|Time left: 300 sec this turn | 300 sec total\n|\n|t:|1783564195\n|-terastallize|p1a: Coalossal|Grass\n|move|p2a: Lurantis|Leaf Storm|p1a: Coalossal\n|-resisted|p1a: Coalossal\n|-damage|p1a: Coalossal|176/341\n|-boost|p2a: Lurantis|spa|2\n|move|p1a: Coalossal|Overheat|p2a: Lurantis\n|-damage|p2a: Lurantis|0 fnt\n|-unboost|p1a: Coalossal|spa|2\n|faint|p2a: Lurantis\n|\n|-weather|SunnyDay|[upkeep]\n|upkeep\n|\n|t:|1783564196\n|switch|p2a: Moltres|Moltres, L81|100/100\n|turn|8\n|inactive|Time left: 300 sec this turn | 300 sec total\n|\n|t:|1783564197\n|move|p2a: Moltres|Fire Blast|p1a: Coalossal\n|-supereffective|p1a: Coalossal\n|-damage|p1a: Coalossal|0 fnt\n|faint|p1a: Coalossal\n|\n|-weather|SunnyDay|[upkeep]\n|upkeep\n|inactive|Time left: 300 sec this turn | 300 sec total | 5 sec grace\n|\n|t:|1783564198\n|switch|p1a: Groudon|Groudon, L72|263/263\n|turn|9\n|inactive|Time left: 300 sec this turn | 300 sec total\n|\n|t:|1783564199\n|move|p2a: Moltres|Fire Blast|p1a: Groudon\n|-damage|p1a: Groudon|52/263\n|move|p1a: Groudon|Stone Edge|p2a: Moltres\n|-supereffective|p2a: Moltres\n|-damage|p2a: Moltres|0 fnt\n|faint|p2a: Moltres\n|\n|-weather|SunnyDay|[upkeep]\n|-heal|p1a: Groudon|68/263|[from] item: Leftovers\n|upkeep\n|\n|t:|1783564200\n|switch|p2a: Girafarig|Girafarig, L89, M|100/100\n|turn|10\n|inactive|Time left: 300 sec this turn | 300 sec total\n|\n|t:|1783564201\n|switch|p1a: Bisharp|Bisharp, L79, M|232/232\n|move|p2a: Girafarig|Hyper Voice|p1a: Bisharp\n|-resisted|p1a: Bisharp\n|-damage|p1a: Bisharp|188/232\n|\n|-weather|none\n|upkeep\n|turn|11\n|inactive|Time left: 300 sec this turn | 300 sec total\n|\n|t:|1783564202\n|switch|p2a: Hitmontop|Hitmontop, L88, M|100/100\n|-ability|p2a: Hitmontop|Intimidate|boost\n|-unboost|p1a: Bisharp|atk|1\n|-ability|p1a: Bisharp|Defiant|boost\n|-boost|p1a: Bisharp|atk|2\n|move|p1a: Bisharp|Swords Dance|p1a: Bisharp\n|-boost|p1a: Bisharp|atk|2\n|\n|upkeep\n|turn|12\n|inactive|Time left: 300 sec this turn | 300 sec total\n|\n|t:|1783564202\n|move|p2a: Hitmontop|Close Combat|p1a: Bisharp\n|-supereffective|p1a: Bisharp\n|-damage|p1a: Bisharp|0 fnt\n|-unboost|p2a: Hitmontop|def|1\n|-unboost|p2a: Hitmontop|spd|1\n|faint|p1a: Bisharp\n|\n|upkeep\n|inactive|Time left: 300 sec this turn | 300 sec total | 5 sec grace\n|\n|t:|1783564203\n|switch|p1a: Groudon|Groudon, L72|68/263\n|-weather|SunnyDay|[from] ability: Drought|[of] p1a: Groudon\n|turn|13\n|inactive|Time left: 300 sec this turn | 300 sec total\n|\n|t:|1783564204\n|move|p2a: Hitmontop|Close Combat|p1a: Groudon\n|-damage|p1a: Groudon|0 fnt\n|-unboost|p2a: Hitmontop|def|1\n|-unboost|p2a: Hitmontop|spd|1\n|faint|p1a: Groudon\n|\n|win|p0y2086b7ee", "uploadtime": 1783564204, "views": 0, "rating": 0, "private": 0, "password": null, "_winner": "p0y2086b7ee", "_our_name": "p0x2086d14c"}