{"id": "battle-gen9randombattle-2732", "formatid": "gen9randombattle", "format": "[Gen 9] Random Battle", "players": ["p0x2732ca3b", "p0y27329dfa"], "log": "|init|battle\n|title|p0x2732ca3b vs. p0y27329dfa\n|j|\u2606p0x2732ca3b\n|j|\u2606p0y27329dfa\n|t:|1783570491\n|gametype|singles\n|player|p1|p0x2732ca3b|169|\n|player|p2|p0y27329dfa|266|\n|gen|9\n|tier|[Gen 9] Random Battle\n|rule|Species Clause: Limit one of each Pok\u00e9mon\n|rule|HP Percentage Mod: HP is shown in percentages\n|rule|Sleep Clause Mod: Limit one foe put to sleep\n|rule|Illusion Level Mod: Illusion disguises the Pok\u00e9mon's true level\n|\n|t:|1783570491\n|teamsize|p1|6\n|teamsize|p2|6\n|start\n|switch|p1a: Meloetta|Meloetta, L82|298/298\n|switch|p2a: Frosmoth|Frosmoth, L82, F|100/100\n|turn|1\n|inactive|Battle timer is ON: inactive players will automatically lose when time's up. (requested by p0y27329dfa)\n|inactive|Time left: 300 sec this turn | 300 sec total | 60 sec grace\n|inactive|p0x2732ca3b also wants the timer to be on.\n|\n|t:|1783570492\n|move|p1a: Meloetta|Relic Song|p2a: Frosmoth\n|-damage|p2a: Frosmoth|76/100\n|-formechange|p1a: Meloetta|Meloetta-Pirouette|[msg]\n|-damage|p1a: Meloetta|269/298|[from] item: Life Orb\n|move|p2a: Frosmoth|Bug Buzz|p1a: Meloetta\n|-resisted|p1a: Meloetta\n|-damage|p1a: Meloetta|207/298\n|\n|upkeep\n|turn|2\n|inactive|Time left: 300 sec this turn | 300 sec total\n|\n|t:|1783570493\n|switch|p2a: Whimsicott|Whimsicott, L84, F|100/100\n|move|p1a: Meloetta|Close Combat|p2a: Whimsicott\n|-resisted|p2a: Whimsicott\n|-crit|p2a: Whimsicott\n|-damage|p2a: Whimsicott|43/100\n|-unboost|p1a: Meloetta|def|1\n|-unboost|p1a: Meloetta|spd|1\n|-damage|p1a: Meloetta|178/298|[from] item: Life Orb\n|\n|upkeep\n|turn|3\n|inactive|Time left: 300 sec this turn | 300 sec total\n|\n|t:|1783570495\n|move|p1a: Meloetta|Triple Axel|p2a: Whimsicott\n|-supereffective|p2a: Whimsicott\n|-damage|p2a: Whimsicott|24/100\n|-hitcount|p2a: Whimsicott|1\n|-damage|p1a: Meloetta|149/298|[from] item: Life Orb\n|move|p2a: Whimsicott|Moonblast|p1a: Meloetta\n|-supereffective|p1a: Meloetta\n|-damage|p1a: Meloetta|0 fnt\n|faint|p1a: Meloetta\n|\n|upkeep\n|inactive|Time left: 300 sec this turn | 300 sec total | 5 sec grace\n|\n|t:|1783570496\n|switch|p1a: Rillaboom|Rillaboom, L79, F|288/288\n|-fieldstart|move: Grassy Terrain|[from] ability: Grassy Surge|[of] p1a: Rillaboom\n|turn|4\n|inactive|Time left: 300 sec this turn | 300 sec total\n|\n|t:|1783570497\n|move|p2a: Whimsicott|Giga Drain|p1a: Rillaboom\n|-resisted|p1a: Rillaboom\n|-damage|p1a: Rillaboom|228/288\n|-heal|p2a: Whimsicott|37/100|[from] drain|[of] p1a: Rillaboom\n|move|p1a: Rillaboom|Wood Hammer|p2a: Whimsicott\n|-resisted|p2a: Whimsicott\n|-damage|p2a: Whimsicott|0 fnt\n|faint|p2a: Whimsicott\n|-damage|p1a: Rillaboom|200/288|[from] Recoil\n|\n|-heal|p1a: Rillaboom|218/288|[from] Grassy Terrain\n|upkeep\n|\n|t:|1783570498\n|switch|p2a: Pyroar|Pyroar, L88, M|100/100\n|-ability|p2a: Pyroar|Unnerve\n|turn|5\n|inactive|Time left: 300 sec this turn | 300 sec total\n|\n|t:|1783570499\n|switch|p1a: Lunala|Lunala, L70|308/308\n|move|p2a: Pyroar|Fire Blast|p1a: Lunala\n|-damage|p1a: Lunala|235/308\n|\n|-heal|p1a: Lunala|254/308|[from] Grassy Terrain\n|-heal|p1a: Lunala|273/308|[from] item: Leftovers\n|upkeep\n|turn|6\n|inactive|Time left: 300 sec this turn | 300 sec total\n|\n|t:|1783570500\n|move|p2a: Pyroar|Fire Blast|p1a: Lunala\n|-damage|p1a: Lunala|140/308\n|move|p1a: Lunala|Calm Mind|p1a: Lunala\n|-boost|p1a: Lunala|spa|1\n|-boost|p1a: Lunala|spd|1\n|\n|-heal|p1a: Lunala|159/308|[from] Grassy Terrain\n|-heal|p1a: Lunala|178/308|[from] item: Leftovers\n|upkeep\n|turn|7\n|inactive|Time left: 300 sec this turn | 300 sec total\n|\n|t:|1783570501\n|move|p2a: Pyroar|Fire Blast|p1a: Lunala|[miss]\n|-miss|p2a: Pyroar|p1a: Lunala\n|move|p1a: Lunala|Calm Mind|p1a: Lunala\n|-boost|p1a: Lunala|spa|1\n|-boost|p1a: Lunala|spd|1\n|\n|-heal|p1a: Lunala|197/308|[from] Grassy Terrain\n|-heal|p1a: Lunala|216/308|[from] item: Leftovers\n|upkeep\n|turn|8\n|inactive|Time left: 300 sec this turn | 300 sec total\n|\n|t:|1783570502\n|move|p2a: Pyroar|Fire Blast|p1a: Lunala\n|-damage|p1a: Lunala|144/308\n|move|p1a: Lunala|Psyshock|p2a: Pyroar\n|-damage|p2a: Pyroar|37/100\n|\n|-heal|p2a: Pyroar|43/100|[from] Grassy Terrain\n|-heal|p1a: Lunala|163/308|[from] Grassy Terrain\n|-heal|p1a: Lunala|182/308|[from] item: Leftovers\n|-fieldend|move: Grassy Terrain\n|upkeep\n|turn|9\n|inactive|Time left: 300 sec this turn | 300 sec total\n|\n|t:|1783570503\n|move|p2a: Pyroar|Fire Blast|p1a: Lunala\n|-damage|p1a: Lunala|109/308\n|move|p1a: Lunala|Psyshock|p2a: Pyroar\n|-damage|p2a: Pyroar|0 fnt\n|faint|p2a: Pyroar\n|\n|-heal|p1a: Lunala|128/308|[from] item: Leftovers\n|upkeep\n|\n|t:|1783570504\n|switch|p2a: Mewtwo|Mewtwo, L72|100/100\n|-ability|p2a: Mewtwo|Pressure\n|turn|10\n|inactive|Time left: 300 sec this turn | 300 sec total\n|\n|t:|1783570505\n|-terastallize|p1a: Lunala|Dark\n|move|p2a: Mewtwo|Dark Pulse|p1a: Lunala\n|-resisted|p1a: Lunala\n|-damage|p1a: Lunala|107/308\n|-damage|p2a: Mewtwo|91/100|[from] item: Life Orb\n|move|p1a: Lunala|Moongeist Beam|p2a: Mewtwo\n|-supereffective|p2a: Mewtwo\n|-damage|p2a: Mewtwo|0 fnt\n|faint|p2a: Mewtwo\n|\n|-heal|p1a: Lunala|126/308|[from] item: Leftovers\n|upkeep\n|\n|t:|1783570506\n|switch|p2a: Tsareena|Tsareena, L87, F|100/100\n|turn|11\n|inactive|Time left: 300 sec this turn | 300 sec total\n|\n|t:|1783570507\n|move|p1a: Lunala|Moongeist Beam|p2a: Tsareena\n|-damage|p2a: Tsareena|32/100\n|move|p2a: Tsareena|Power Whip|p1a: Lunala|[miss]\n|-miss|p2a: Tsareena|p1a: Lunala\n|\n|-heal|p1a: Lunala|145/308|[from] item: Leftovers\n|upkeep\n|turn|12\n|inactive|Time left: 300 sec this turn | 300 sec total\n|\n|t:|1783570507\n|move|p1a: Lunala|Moongeist Beam|p2a: Tsareena\n|-damage|p2a: Tsareena|0 fnt\n|faint|p2a: Tsareena\n|\n|-heal|p1a: Lunala|164/308|[from] item: Leftovers\n|upkeep\n|\n|t:|1783570508\n|switch|p2a: Latias|Latias, L79, F|100/100\n|turn|13\n|inactive|Time left: 300 sec this turn | 300 sec total\n|\n|t:|1783570509\n|-terastallize|p2a: Latias|Steel\n|move|p2a: Latias|Calm Mind|p2a: Latias\n|-boost|p2a: Latias|spa|1\n|-boost|p2a: Latias|spd|1\n|move|p1a: Lunala|Moongeist Beam|p2a: Latias\n|-damage|p2a: Latias|58/100\n|\n|-heal|p1a: Lunala|183/308|[from] item: Leftovers\n|upkeep\n|turn|14\n|inactive|Time left: 300 sec this turn | 300 sec total\n|\n|t:|1783570510\n|move|p2a: Latias|Calm Mind|p2a: Latias\n|-boost|p2a: Latias|spa|1\n|-boost|p2a: Latias|spd|1\n|move|p1a: Lunala|Calm Mind|p1a: Lunala\n|-boost|p1a: Lunala|spa|1\n|-boost|p1a: Lunala|spd|1\n|\n|-heal|p1a: Lunala|202/308|[from] item: Leftovers\n|upkeep\n|turn|15\n|inactive|Time left: 300 sec this turn | 300 sec total\n|\n|t:|1783570511\n|move|p2a: Latias|Recover|p2a: Latias\n|-heal|p2a: Latias|100/100\n|move|p1a: Lunala|Psyshock|p2a: Latias\n|-resisted|p2a: Latias\n|-damage|p2a: Latias|60/100\n|\n|-heal|p1a: Lunala|221/308|[from] item: Leftovers\n|upkeep\n|turn|16\n|inactive|Time left: 300 sec this turn | 300 sec total\n|\n|t:|1783570512\n|move|p2a: Latias|Recover|p2a: Latias\n|-heal|p2a: Latias|100/100\n|move|p1a: Lunala|Psyshock|p2a: Latias\n|-resisted|p2a: Latias\n|-damage|p2a: Latias|63/100\n|\n|-heal|p1a: Lunala|240/308|[from] item: Leftovers\n|upkeep\n|turn|17\n|inactive|Time left: 300 sec this turn | 300 sec total\n|\n|t:|1783570513\n|move|p2a: Latias|Calm Mind|p2a: Latias\n|-boost|p2a: Latias|spa|1\n|-boost|p2a: Latias|spd|1\n|move|p1a: Lunala|Psyshock|p2a: Latias\n|-resisted|p2a: Latias\n|-damage|p2a: Latias|24/100\n|\n|-heal|p1a: Lunala|259/308|[from] item: Leftovers\n|upkeep\n|turn|18\n|inactive|Time left: 300 sec this turn | 300 sec total\n|\n|t:|1783570513\n|move|p2a: Latias|Recover|p2a: Latias\n|-heal|p2a: Latias|74/100\n|move|p1a: Lunala|Calm Mind|p1a: Lunala\n|-boost|p1a: Lunala|spa|1\n|-boost|p1a: Lunala|spd|1\n|\n|-heal|p1a: Lunala|278/308|[from] item: Leftovers\n|upkeep\n|turn|19\n|inactive|Time left: 300 sec this turn | 300 sec total\n|\n|t:|1783570514\n|move|p2a: Latias|Recover|p2a: Latias\n|-heal|p2a: Latias|100/100\n|move|p1a: Lunala|Psyshock|p2a: Latias\n|-resisted|p2a: Latias\n|-damage|p2a: Latias|52/100\n|\n|-heal|p1a: Lunala|297/308|[from] item: Leftovers\n|upkeep\n|turn|20\n|inactive|Time left: 300 sec this turn | 300 sec total\n|\n|t:|1783570515\n|move|p2a: Latias|Recover|p2a: Latias\n|-heal|p2a: Latias|100/100\n|move|p1a: Lunala|Psyshock|p2a: Latias\n|-resisted|p2a: Latias\n|-damage|p2a: Latias|52/100\n|\n|-heal|p1a: Lunala|308/308|[from] item: Leftovers\n|upkeep\n|turn|21\n|inactive|Time left: 300 sec this turn | 300 sec total\n|\n|t:|1783570516\n|move|p2a: Latias|Recover|p2a: Latias\n|-heal|p2a: Latias|100/100\n|move|p1a: Lunala|Psyshock|p2a: Latias\n|-resisted|p2a: Latias\n|-damage|p2a: Latias|50/100\n|\n|upkeep\n|turn|22\n|inactive|Time left: 300 sec this turn | 300 sec total\n|\n|t:|1783570517\n|move|p2a: Latias|Recover|p2a: Latias\n|-heal|p2a: Latias|99/100\n|move|p1a: Lunala|Psyshock|p2a: Latias\n|-resisted|p2a: Latias\n|-damage|p2a: Latias|48/100\n|\n|upkeep\n|turn|23\n|inactive|Time left: 300 sec this turn | 300 sec total\n|\n|t:|1783570518\n|move|p2a: Latias|Recover|p2a: Latias\n|-heal|p2a: Latias|98/100\n|move|p1a: Lunala|Psyshock|p2a: Latias\n|-resisted|p2a: Latias\n|-damage|p2a: Latias|47/100\n|\n|upkeep\n|turn|24\n|inactive|Time left: 300 sec this turn | 300 sec total\n|\n|t:|1783570518\n|switch|p2a: Frosmoth|Frosmoth, L82, F|76/100\n|move|p1a: Lunala|Psyshock|p2a: Frosmoth\n|-damage|p2a: Frosmoth|11/100\n|\n|upkeep\n|turn|25\n|inactive|Time left: 300 sec this turn | 300 sec total\n|\n|t:|1783570519\n|switch|p2a: Latias|Latias, L79, F, tera:Steel|47/100\n|move|p1a: Lunala|Moongeist Beam|p2a: Latias\n|-damage|p2a: Latias|0 fnt\n|faint|p2a: Latias\n|\n|upkeep\n|\n|t:|1783570520\n|switch|p2a: Frosmoth|Frosmoth, L82, F|11/100\n|turn|26\n|inactive|Time left: 300 sec this turn | 300 sec total\n|\n|t:|1783570521\n|move|p1a: Lunala|Moongeist Beam|p2a: Frosmoth\n|-damage|p2a: Frosmoth|0 fnt\n|faint|p2a: Frosmoth\n|\n|win|p0x2732ca3b", "uploadtime": 1783570521, "views": 0, "rating": 0, "private": 0, "password": null, "_winner": "p0x2732ca3b", "_our_name": "p0x2732ca3b"}