{"id": "battle-gen9randombattle-2152", "formatid": "gen9randombattle", "format": "[Gen 9] Random Battle", "players": ["p0x2152b9a2", "p0y215214d5"], "log": "|init|battle\n|title|p0x2152b9a2 vs. p0y215214d5\n|j|\u2606p0x2152b9a2\n|j|\u2606p0y215214d5\n|t:|1783564082\n|gametype|singles\n|player|p1|p0x2152b9a2|170|\n|player|p2|p0y215214d5|265|\n|gen|9\n|tier|[Gen 9] Random Battle\n|rule|Species Clause: Limit one of each Pok\u00e9mon\n|rule|HP Percentage Mod: HP is shown in percentages\n|rule|Sleep Clause Mod: Limit one foe put to sleep\n|rule|Illusion Level Mod: Illusion disguises the Pok\u00e9mon's true level\n|\n|t:|1783564082\n|teamsize|p1|6\n|teamsize|p2|6\n|start\n|switch|p1a: Bellossom|Bellossom, L84, M|263/263\n|switch|p2a: Revavroom|Revavroom, L79, F|100/100\n|turn|1\n|inactive|Battle timer is ON: inactive players will automatically lose when time's up. (requested by p0y215214d5)\n|inactive|Time left: 300 sec this turn | 300 sec total | 60 sec grace\n|inactive|p0x2152b9a2 also wants the timer to be on.\n|\n|t:|1783564084\n|switch|p1a: Incineroar|Incineroar, L82, M|290/290\n|-ability|p1a: Incineroar|Intimidate|boost\n|-unboost|p2a: Revavroom|atk|1\n|move|p2a: Revavroom|Gunk Shot|p1a: Incineroar|[miss]\n|-miss|p2a: Revavroom|p1a: Incineroar\n|\n|upkeep\n|turn|2\n|inactive|Time left: 300 sec this turn | 300 sec total\n|\n|t:|1783564085\n|move|p2a: Revavroom|Shift Gear|p2a: Revavroom\n|-boost|p2a: Revavroom|spe|2\n|-boost|p2a: Revavroom|atk|1\n|move|p1a: Incineroar|Swords Dance|p1a: Incineroar\n|-boost|p1a: Incineroar|atk|2\n|\n|upkeep\n|turn|3\n|inactive|Time left: 300 sec this turn | 300 sec total\n|\n|t:|1783564086\n|move|p2a: Revavroom|Gunk Shot|p1a: Incineroar\n|-damage|p1a: Incineroar|111/290\n|-damage|p2a: Revavroom|91/100|[from] item: Life Orb\n|move|p1a: Incineroar|Knock Off|p2a: Revavroom\n|-damage|p2a: Revavroom|5/100\n|-enditem|p2a: Revavroom|Life Orb|[from] move: Knock Off|[of] p1a: Incineroar\n|\n|upkeep\n|turn|4\n|inactive|Time left: 300 sec this turn | 300 sec total\n|\n|t:|1783564087\n|switch|p1a: Dusknoir|Dusknoir, L89, M|225/225\n|move|p2a: Revavroom|Gunk Shot|p1a: Dusknoir|[miss]\n|-miss|p2a: Revavroom|p1a: Dusknoir\n|\n|upkeep\n|turn|5\n|inactive|Time left: 300 sec this turn | 300 sec total\n|\n|t:|1783564088\n|move|p2a: Revavroom|Iron Head|p1a: Dusknoir\n|-damage|p1a: Dusknoir|161/225\n|move|p1a: Dusknoir|Earthquake|p2a: Revavroom\n|-supereffective|p2a: Revavroom\n|-damage|p2a: Revavroom|0 fnt\n|faint|p2a: Revavroom\n|\n|upkeep\n|\n|t:|1783564089\n|switch|p2a: Pelipper|Pelipper, L86, M|100/100\n|-weather|RainDance|[from] ability: Drizzle|[of] p2a: Pelipper\n|turn|6\n|inactive|Time left: 300 sec this turn | 300 sec total\n|\n|t:|1783564090\n|move|p2a: Pelipper|Hurricane|p1a: Dusknoir\n|-damage|p1a: Dusknoir|31/225\n|move|p1a: Dusknoir|Earthquake|p2a: Pelipper\n|-immune|p2a: Pelipper\n|\n|-weather|RainDance|[upkeep]\n|upkeep\n|turn|7\n|inactive|Time left: 300 sec this turn | 300 sec total\n|\n|t:|1783564091\n|switch|p1a: Dunsparce|Dunsparce, L86, F|312/312\n|move|p2a: Pelipper|Hurricane|p1a: Dunsparce\n|-damage|p1a: Dunsparce|170/312\n|\n|-weather|RainDance|[upkeep]\n|upkeep\n|turn|8\n|inactive|Time left: 300 sec this turn | 300 sec total\n|\n|t:|1783564091\n|move|p2a: Pelipper|Hurricane|p1a: Dunsparce\n|-damage|p1a: Dunsparce|19/312\n|move|p1a: Dunsparce|Roost|p1a: Dunsparce\n|-heal|p1a: Dunsparce|175/312\n|-singleturn|p1a: Dunsparce|move: Roost\n|\n|-weather|RainDance|[upkeep]\n|upkeep\n|turn|9\n|inactive|Time left: 300 sec this turn | 300 sec total\n|\n|t:|1783564092\n|move|p2a: Pelipper|Hurricane|p1a: Dunsparce\n|-damage|p1a: Dunsparce|25/312\n|-start|p1a: Dunsparce|confusion\n|-activate|p1a: Dunsparce|confusion\n|move|p1a: Dunsparce|Roost|p1a: Dunsparce\n|-heal|p1a: Dunsparce|181/312\n|-singleturn|p1a: Dunsparce|move: Roost\n|\n|-weather|RainDance|[upkeep]\n|upkeep\n|turn|10\n|inactive|Time left: 300 sec this turn | 300 sec total\n|\n|t:|1783564093\n|move|p2a: Pelipper|Hurricane|p1a: Dunsparce\n|-damage|p1a: Dunsparce|45/312\n|-activate|p1a: Dunsparce|confusion\n|move|p1a: Dunsparce|Body Slam|p2a: Pelipper\n|-damage|p2a: Pelipper|74/100\n|-status|p2a: Pelipper|par\n|\n|-weather|none\n|upkeep\n|turn|11\n|inactive|Time left: 300 sec this turn | 300 sec total\n|\n|t:|1783564094\n|-end|p1a: Dunsparce|confusion\n|move|p1a: Dunsparce|Body Slam|p2a: Pelipper\n|-damage|p2a: Pelipper|46/100 par\n|cant|p2a: Pelipper|par\n|\n|upkeep\n|turn|12\n|inactive|Time left: 300 sec this turn | 300 sec total\n|\n|t:|1783564095\n|move|p1a: Dunsparce|Roost|p1a: Dunsparce\n|-heal|p1a: Dunsparce|201/312\n|-singleturn|p1a: Dunsparce|move: Roost\n|cant|p2a: Pelipper|par\n|\n|upkeep\n|turn|13\n|inactive|Time left: 300 sec this turn | 300 sec total\n|\n|t:|1783564096\n|move|p1a: Dunsparce|Coil|p1a: Dunsparce\n|-boost|p1a: Dunsparce|atk|1\n|-boost|p1a: Dunsparce|def|1\n|-boost|p1a: Dunsparce|accuracy|1\n|cant|p2a: Pelipper|par\n|\n|upkeep\n|turn|14\n|inactive|Time left: 300 sec this turn | 300 sec total\n|\n|t:|1783564097\n|move|p1a: Dunsparce|Body Slam|p2a: Pelipper\n|-damage|p2a: Pelipper|6/100 par\n|cant|p2a: Pelipper|par\n|\n|upkeep\n|turn|15\n|inactive|Time left: 300 sec this turn | 300 sec total\n|\n|t:|1783564098\n|move|p1a: Dunsparce|Body Slam|p2a: Pelipper\n|-damage|p2a: Pelipper|0 fnt\n|faint|p2a: Pelipper\n|\n|upkeep\n|\n|t:|1783564099\n|switch|p2a: Mew|Mew, L82|100/100\n|turn|16\n|inactive|Time left: 300 sec this turn | 300 sec total\n|\n|t:|1783564100\n|move|p2a: Mew|Will-O-Wisp|p1a: Dunsparce\n|-status|p1a: Dunsparce|brn\n|move|p1a: Dunsparce|Body Slam||[still]\n|-damage|p2a: Mew|83/100\n|-status|p2a: Mew|par\n|-activate|p2a: Mew|ability: Synchronize\n|-fail|p2a: Mew\n|\n|-heal|p2a: Mew|89/100 par|[from] item: Leftovers\n|-damage|p1a: Dunsparce|182/312 brn|[from] brn\n|upkeep\n|turn|17\n|inactive|Time left: 300 sec this turn | 300 sec total\n|\n|t:|1783564102\n|move|p1a: Dunsparce|Roost|p1a: Dunsparce\n|-heal|p1a: Dunsparce|312/312 brn\n|-singleturn|p1a: Dunsparce|move: Roost\n|cant|p2a: Mew|par\n|\n|-heal|p2a: Mew|95/100 par|[from] item: Leftovers\n|-damage|p1a: Dunsparce|293/312 brn|[from] brn\n|upkeep\n|turn|18\n|inactive|Time left: 300 sec this turn | 300 sec total\n|\n|t:|1783564102\n|move|p1a: Dunsparce|Coil|p1a: Dunsparce\n|-boost|p1a: Dunsparce|atk|1\n|-boost|p1a: Dunsparce|def|1\n|-boost|p1a: Dunsparce|accuracy|1\n|move|p2a: Mew|Stealth Rock|p1a: Dunsparce\n|-sidestart|p1: p0x2152b9a2|move: Stealth Rock\n|\n|-heal|p2a: Mew|100/100 par|[from] item: Leftovers\n|-damage|p1a: Dunsparce|274/312 brn|[from] brn\n|upkeep\n|turn|19\n|inactive|Time left: 300 sec this turn | 300 sec total\n|\n|t:|1783564104\n|move|p1a: Dunsparce|Body Slam|p2a: Mew\n|-damage|p2a: Mew|78/100 par\n|move|p2a: Mew|Psychic|p1a: Dunsparce\n|-damage|p1a: Dunsparce|196/312 brn\n|\n|-heal|p2a: Mew|84/100 par|[from] item: Leftovers\n|-damage|p1a: Dunsparce|177/312 brn|[from] brn\n|upkeep\n|turn|20\n|inactive|Time left: 300 sec this turn | 300 sec total\n|\n|t:|1783564106\n|move|p1a: Dunsparce|Body Slam|p2a: Mew\n|-damage|p2a: Mew|62/100 par\n|move|p2a: Mew|Psychic|p1a: Dunsparce\n|-damage|p1a: Dunsparce|98/312 brn\n|\n|-heal|p2a: Mew|68/100 par|[from] item: Leftovers\n|-damage|p1a: Dunsparce|79/312 brn|[from] brn\n|upkeep\n|turn|21\n|inactive|Time left: 300 sec this turn | 300 sec total\n|\n|t:|1783564108\n|move|p1a: Dunsparce|Roost|p1a: Dunsparce\n|-heal|p1a: Dunsparce|235/312 brn\n|-singleturn|p1a: Dunsparce|move: Roost\n|move|p2a: Mew|Psychic|p1a: Dunsparce\n|-damage|p1a: Dunsparce|159/312 brn\n|\n|-heal|p2a: Mew|74/100 par|[from] item: Leftovers\n|-damage|p1a: Dunsparce|140/312 brn|[from] brn\n|upkeep\n|turn|22\n|inactive|Time left: 300 sec this turn | 300 sec total\n|\n|t:|1783564109\n|move|p1a: Dunsparce|Roost|p1a: Dunsparce\n|-heal|p1a: Dunsparce|296/312 brn\n|-singleturn|p1a: Dunsparce|move: Roost\n|move|p2a: Mew|Psychic|p1a: Dunsparce\n|-damage|p1a: Dunsparce|221/312 brn\n|\n|-heal|p2a: Mew|80/100 par|[from] item: Leftovers\n|-damage|p1a: Dunsparce|202/312 brn|[from] brn\n|upkeep\n|turn|23\n|inactive|Time left: 300 sec this turn | 300 sec total\n|\n|t:|1783564111\n|move|p1a: Dunsparce|Earthquake|p2a: Mew\n|-damage|p2a: Mew|62/100 par\n|move|p2a: Mew|Psychic|p1a: Dunsparce\n|-damage|p1a: Dunsparce|132/312 brn\n|-unboost|p1a: Dunsparce|spd|1\n|\n|-heal|p2a: Mew|68/100 par|[from] item: Leftovers\n|-damage|p1a: Dunsparce|113/312 brn|[from] brn\n|upkeep\n|turn|24\n|inactive|Time left: 300 sec this turn | 300 sec total\n|\n|t:|1783564113\n|move|p1a: Dunsparce|Roost|p1a: Dunsparce\n|-heal|p1a: Dunsparce|269/312 brn\n|-singleturn|p1a: Dunsparce|move: Roost\n|cant|p2a: Mew|par\n|\n|-heal|p2a: Mew|74/100 par|[from] item: Leftovers\n|-damage|p1a: Dunsparce|250/312 brn|[from] brn\n|upkeep\n|turn|25\n|inactive|Time left: 300 sec this turn | 300 sec total\n|\n|t:|1783564114\n|move|p1a: Dunsparce|Body Slam|p2a: Mew\n|-damage|p2a: Mew|52/100 par\n|move|p2a: Mew|Psychic|p1a: Dunsparce\n|-damage|p1a: Dunsparce|127/312 brn\n|\n|-heal|p2a: Mew|58/100 par|[from] item: Leftovers\n|-damage|p1a: Dunsparce|108/312 brn|[from] brn\n|upkeep\n|turn|26\n|inactive|Time left: 300 sec this turn | 300 sec total\n|\n|t:|1783564116\n|move|p1a: Dunsparce|Roost|p1a: Dunsparce\n|-heal|p1a: Dunsparce|264/312 brn\n|-singleturn|p1a: Dunsparce|move: Roost\n|move|p2a: Mew|Psychic|p1a: Dunsparce\n|-damage|p1a: Dunsparce|147/312 brn\n|\n|-heal|p2a: Mew|64/100 par|[from] item: Leftovers\n|-damage|p1a: Dunsparce|128/312 brn|[from] brn\n|upkeep\n|turn|27\n|inactive|Time left: 300 sec this turn | 300 sec total\n|\n|t:|1783564118\n|move|p1a: Dunsparce|Body Slam|p2a: Mew\n|-damage|p2a: Mew|43/100 par\n|move|p2a: Mew|Psychic|p1a: Dunsparce\n|-damage|p1a: Dunsparce|13/312 brn\n|\n|-heal|p2a: Mew|49/100 par|[from] item: Leftovers\n|-damage|p1a: Dunsparce|0 fnt|[from] brn\n|faint|p1a: Dunsparce\n|upkeep\n|inactive|Time left: 300 sec this turn | 300 sec total | 5 sec grace\n|\n|t:|1783564119\n|switch|p1a: Incineroar|Incineroar, L82, M|111/290\n|-ability|p1a: Incineroar|Intimidate|boost\n|-unboost|p2a: Mew|atk|1\n|turn|28\n|inactive|Time left: 300 sec this turn | 300 sec total\n|\n|t:|1783564120\n|switch|p2a: Muk|Muk, L86, F|100/100\n|move|p1a: Incineroar|Swords Dance|p1a: Incineroar\n|-boost|p1a: Incineroar|atk|2\n|\n|upkeep\n|turn|29\n|inactive|Time left: 300 sec this turn | 300 sec total\n|\n|t:|1783564121\n|move|p1a: Incineroar|Knock Off|p2a: Muk\n|-damage|p2a: Muk|21/100\n|-enditem|p2a: Muk|Assault Vest|[from] move: Knock Off|[of] p1a: Incineroar\n|move|p2a: Muk|Drain Punch|p1a: Incineroar\n|-supereffective|p1a: Incineroar\n|-damage|p1a: Incineroar|0 fnt\n|-heal|p2a: Muk|39/100|[from] drain|[of] p1a: Incineroar\n|faint|p1a: Incineroar\n|\n|upkeep\n|inactive|Time left: 300 sec this turn | 300 sec total | 5 sec grace\n|\n|t:|1783564122\n|switch|p1a: Beartic|Beartic, L91, M|321/321\n|turn|30\n|inactive|Time left: 300 sec this turn | 300 sec total\n|\n|t:|1783564123\n|move|p1a: Beartic|Icicle Crash|p2a: Muk\n|-damage|p2a: Muk|0 fnt\n|faint|p2a: Muk\n|\n|upkeep\n|\n|t:|1783564124\n|switch|p2a: Gumshoos|Gumshoos, L95, F|100/100\n|turn|31\n|inactive|Time left: 300 sec this turn | 300 sec total\n|\n|t:|1783564125\n|move|p1a: Beartic|Icicle Crash|p2a: Gumshoos\n|-damage|p2a: Gumshoos|55/100\n|cant|p2a: Gumshoos|flinch\n|\n|upkeep\n|turn|32\n|inactive|Time left: 300 sec this turn | 300 sec total\n|\n|t:|1783564126\n|move|p1a: Beartic|Icicle Crash|p2a: Gumshoos\n|-crit|p2a: Gumshoos\n|-damage|p2a: Gumshoos|0 fnt\n|faint|p2a: Gumshoos\n|\n|upkeep\n|\n|t:|1783564127\n|switch|p2a: Mew|Mew, L82|49/100 par\n|turn|33\n|inactive|Time left: 300 sec this turn | 300 sec total\n|\n|t:|1783564128\n|move|p1a: Beartic|Icicle Crash|p2a: Mew\n|-damage|p2a: Mew|10/100 par\n|cant|p2a: Mew|flinch\n|\n|-heal|p2a: Mew|16/100 par|[from] item: Leftovers\n|upkeep\n|turn|34\n|inactive|Time left: 300 sec this turn | 300 sec total\n|\n|t:|1783564129\n|move|p1a: Beartic|Icicle Crash|p2a: Mew\n|-damage|p2a: Mew|0 fnt\n|faint|p2a: Mew\n|\n|upkeep\n|\n|t:|1783564130\n|switch|p2a: Rayquaza|Rayquaza, L72|100/100\n|-ability|p2a: Rayquaza|Air Lock\n|turn|35\n|inactive|Time left: 300 sec this turn | 300 sec total\n|\n|t:|1783564131\n|-terastallize|p2a: Rayquaza|Normal\n|move|p2a: Rayquaza|Swords Dance|p2a: Rayquaza\n|-boost|p2a: Rayquaza|atk|2\n|move|p1a: Beartic|Icicle Crash|p2a: Rayquaza\n|-damage|p2a: Rayquaza|49/100\n|\n|upkeep\n|turn|36\n|inactive|Time left: 300 sec this turn | 300 sec total\n|\n|t:|1783564132\n|-terastallize|p1a: Beartic|Ground\n|move|p2a: Rayquaza|Dragon Ascent|p1a: Beartic\n|-damage|p1a: Beartic|68/321\n|-unboost|p2a: Rayquaza|def|1\n|-unboost|p2a: Rayquaza|spd|1\n|move|p1a: Beartic|Earthquake|p2a: Rayquaza\n|-damage|p2a: Rayquaza|0 fnt\n|faint|p2a: Rayquaza\n|\n|win|p0x2152b9a2", "uploadtime": 1783564132, "views": 0, "rating": 0, "private": 0, "password": null, "_winner": "p0x2152b9a2", "_our_name": "p0x2152b9a2"}