{"id": "battle-gen9randombattle-174", "formatid": "gen9randombattle", "format": "[Gen 9] Random Battle", "players": ["p0x1742153", "p0y174f07c"], "log": "|init|battle\n|title|p0x1742153 vs. p0y174f07c\n|j|\u2606p0x1742153\n|j|\u2606p0y174f07c\n|t:|1783535258\n|gametype|singles\n|player|p1|p0x1742153|2|\n|player|p2|p0y174f07c|169|\n|gen|9\n|tier|[Gen 9] Random Battle\n|rule|Species Clause: Limit one of each Pok\u00e9mon\n|rule|HP Percentage Mod: HP is shown in percentages\n|rule|Sleep Clause Mod: Limit one foe put to sleep\n|rule|Illusion Level Mod: Illusion disguises the Pok\u00e9mon's true level\n|\n|t:|1783535258\n|teamsize|p1|6\n|teamsize|p2|6\n|start\n|switch|p1a: Espeon|Espeon, L84, M|246/246\n|switch|p2a: Chandelure|Chandelure, L83, M|100/100\n|turn|1\n|inactive|Battle timer is ON: inactive players will automatically lose when time's up. (requested by p0x1742153)\n|inactive|p0y174f07c also wants the timer to be on.\n|\n|t:|1783535259\n|move|p1a: Espeon|Calm Mind|p1a: Espeon\n|-boost|p1a: Espeon|spa|1\n|-boost|p1a: Espeon|spd|1\n|move|p2a: Chandelure|Shadow Ball|p1a: Espeon\n|-supereffective|p1a: Espeon\n|-damage|p1a: Espeon|108/246\n|\n|upkeep\n|turn|2\n|inactive|Time left: 300 sec this turn | 300 sec total\n|\n|t:|1783535260\n|switch|p2a: Mandibuzz|Mandibuzz, L85, F|100/100\n|move|p1a: Espeon|Psychic|p2a: Mandibuzz\n|-immune|p2a: Mandibuzz\n|\n|upkeep\n|turn|3\n|inactive|Time left: 300 sec this turn | 300 sec total\n|\n|t:|1783535261\n|move|p1a: Espeon|Alluring Voice|p2a: Mandibuzz\n|-supereffective|p2a: Mandibuzz\n|-damage|p2a: Mandibuzz|16/100\n|-damage|p1a: Espeon|84/246|[from] item: Life Orb\n|move|p2a: Mandibuzz|Foul Play|p1a: Espeon\n|-supereffective|p1a: Espeon\n|-damage|p1a: Espeon|0 fnt\n|faint|p1a: Espeon\n|\n|upkeep\n|inactive|Time left: 300 sec this turn | 300 sec total | 5 sec grace\n|\n|t:|1783535262\n|switch|p1a: Bruxish|Bruxish, L85, F|254/254\n|turn|4\n|inactive|Time left: 300 sec this turn | 300 sec total\n|\n|t:|1783535264\n|move|p1a: Bruxish|Crunch|p2a: Mandibuzz\n|-resisted|p2a: Mandibuzz\n|-damage|p2a: Mandibuzz|0 fnt\n|faint|p2a: Mandibuzz\n|\n|upkeep\n|\n|t:|1783535265\n|switch|p2a: Kommo-o|Kommo-o, L77, M|100/100\n|turn|5\n|inactive|Time left: 300 sec this turn | 300 sec total\n|\n|t:|1783535266\n|move|p1a: Bruxish|Crunch|p2a: Kommo-o\n|-resisted|p2a: Kommo-o\n|-damage|p2a: Kommo-o|76/100\n|move|p2a: Kommo-o|Clangorous Soul|p2a: Kommo-o\n|-boost|p2a: Kommo-o|atk|1\n|-boost|p2a: Kommo-o|def|1\n|-boost|p2a: Kommo-o|spa|1\n|-boost|p2a: Kommo-o|spd|1\n|-boost|p2a: Kommo-o|spe|1\n|-damage|p2a: Kommo-o|43/100\n|-enditem|p2a: Kommo-o|Throat Spray\n|-boost|p2a: Kommo-o|spa|1|[from] item: Throat Spray\n|\n|upkeep\n|turn|6\n|inactive|Time left: 300 sec this turn | 300 sec total\n|\n|t:|1783535267\n|switch|p1a: Primarina|Primarina, L83, F|268/268\n|move|p2a: Kommo-o|Clanging Scales|p1a: Primarina\n|-immune|p1a: Primarina\n|\n|upkeep\n|turn|7\n|inactive|Time left: 300 sec this turn | 300 sec total\n|\n|t:|1783535268\n|-terastallize|p2a: Kommo-o|Steel\n|move|p2a: Kommo-o|Iron Head|p1a: Primarina\n|-damage|p1a: Primarina|132/268\n|move|p1a: Primarina|Draining Kiss|p2a: Kommo-o\n|-resisted|p2a: Kommo-o\n|-damage|p2a: Kommo-o|34/100\n|-heal|p1a: Primarina|149/268|[from] drain|[of] p2a: Kommo-o\n|\n|-heal|p1a: Primarina|165/268|[from] item: Leftovers\n|upkeep\n|turn|8\n|inactive|Time left: 300 sec this turn | 300 sec total\n|\n|t:|1783535269\n|switch|p1a: Rhyperior|Rhyperior, L82, M|323/323\n|move|p2a: Kommo-o|Drain Punch|p1a: Rhyperior\n|-supereffective|p1a: Rhyperior\n|-damage|p1a: Rhyperior|191/323\n|-heal|p2a: Kommo-o|62/100|[from] drain|[of] p1a: Rhyperior\n|\n|upkeep\n|turn|9\n|inactive|Time left: 300 sec this turn | 300 sec total\n|\n|t:|1783535270\n|move|p2a: Kommo-o|Clanging Scales|p1a: Rhyperior\n|-damage|p1a: Rhyperior|10/323\n|-unboost|p2a: Kommo-o|def|1\n|move|p1a: Rhyperior|Earthquake|p2a: Kommo-o\n|-supereffective|p2a: Kommo-o\n|-damage|p2a: Kommo-o|0 fnt\n|faint|p2a: Kommo-o\n|\n|upkeep\n|\n|t:|1783535271\n|switch|p2a: Chandelure|Chandelure, L83, M|100/100\n|turn|10\n|inactive|Time left: 300 sec this turn | 300 sec total\n|\n|t:|1783535272\n|move|p2a: Chandelure|Shadow Ball|p1a: Rhyperior\n|-damage|p1a: Rhyperior|0 fnt\n|faint|p1a: Rhyperior\n|\n|upkeep\n|inactive|Time left: 300 sec this turn | 300 sec total | 5 sec grace\n|\n|t:|1783535273\n|switch|p1a: Bruxish|Bruxish, L85, F|254/254\n|turn|11\n|inactive|Time left: 300 sec this turn | 300 sec total\n|\n|t:|1783535274\n|switch|p2a: Garganacl|Garganacl, L80, F|100/100\n|move|p1a: Bruxish|Crunch|p2a: Garganacl\n|-damage|p2a: Garganacl|60/100\n|\n|-heal|p2a: Garganacl|66/100|[from] item: Leftovers\n|upkeep\n|turn|12\n|inactive|Time left: 300 sec this turn | 300 sec total\n|\n|t:|1783535276\n|move|p1a: Bruxish|Crunch|p2a: Garganacl\n|-damage|p2a: Garganacl|32/100\n|move|p2a: Garganacl|Salt Cure|p1a: Bruxish\n|-damage|p1a: Bruxish|211/254\n|-start|p1a: Bruxish|Salt Cure\n|\n|-heal|p2a: Garganacl|38/100|[from] item: Leftovers\n|-damage|p1a: Bruxish|148/254|[from] Salt Cure\n|upkeep\n|turn|13\n|inactive|Time left: 300 sec this turn | 300 sec total\n|\n|t:|1783535277\n|-terastallize|p1a: Bruxish|Dark\n|move|p2a: Garganacl|Protect|p2a: Garganacl\n|-singleturn|p2a: Garganacl|Protect\n|move|p1a: Bruxish|Crunch|p2a: Garganacl\n|-activate|p2a: Garganacl|move: Protect\n|\n|-heal|p2a: Garganacl|44/100|[from] item: Leftovers\n|-damage|p1a: Bruxish|117/254|[from] Salt Cure\n|upkeep\n|turn|14\n|inactive|Time left: 300 sec this turn | 300 sec total\n|\n|t:|1783535278\n|move|p2a: Garganacl|Protect||[still]\n|-fail|p2a: Garganacl\n|move|p1a: Bruxish|Crunch|p2a: Garganacl\n|-crit|p2a: Garganacl\n|-damage|p2a: Garganacl|0 fnt\n|faint|p2a: Garganacl\n|\n|-damage|p1a: Bruxish|86/254|[from] Salt Cure\n|upkeep\n|\n|t:|1783535279\n|switch|p2a: Latios|Latios, L78, M|100/100\n|turn|15\n|inactive|Time left: 300 sec this turn | 300 sec total\n|\n|t:|1783535279\n|move|p2a: Latios|Aura Sphere|p1a: Bruxish\n|-supereffective|p1a: Bruxish\n|-damage|p1a: Bruxish|0 fnt\n|faint|p1a: Bruxish\n|\n|upkeep\n|inactive|Time left: 300 sec this turn | 300 sec total | 5 sec grace\n|\n|t:|1783535280\n|switch|p1a: Primarina|Primarina, L83, F|165/268\n|turn|16\n|inactive|Time left: 300 sec this turn | 300 sec total\n|\n|t:|1783535281\n|move|p2a: Latios|Luster Purge|p1a: Primarina\n|-damage|p1a: Primarina|65/268\n|move|p1a: Primarina|Draining Kiss|p2a: Latios\n|-supereffective|p2a: Latios\n|-damage|p2a: Latios|55/100\n|-heal|p1a: Primarina|151/268|[from] drain|[of] p2a: Latios\n|\n|-heal|p1a: Primarina|167/268|[from] item: Leftovers\n|upkeep\n|turn|17\n|inactive|Time left: 300 sec this turn | 300 sec total\n|\n|t:|1783535282\n|move|p2a: Latios|Luster Purge|p1a: Primarina\n|-damage|p1a: Primarina|62/268\n|move|p1a: Primarina|Draining Kiss|p2a: Latios\n|-supereffective|p2a: Latios\n|-damage|p2a: Latios|7/100\n|-heal|p1a: Primarina|154/268|[from] drain|[of] p2a: Latios\n|\n|-heal|p1a: Primarina|170/268|[from] item: Leftovers\n|upkeep\n|turn|18\n|inactive|Time left: 300 sec this turn | 300 sec total\n|\n|t:|1783535283\n|move|p2a: Latios|Luster Purge|p1a: Primarina\n|-crit|p1a: Primarina\n|-damage|p1a: Primarina|10/268\n|move|p1a: Primarina|Calm Mind|p1a: Primarina\n|-boost|p1a: Primarina|spa|1\n|-boost|p1a: Primarina|spd|1\n|\n|-heal|p1a: Primarina|26/268|[from] item: Leftovers\n|upkeep\n|turn|19\n|inactive|Time left: 300 sec this turn | 300 sec total\n|\n|t:|1783535284\n|move|p2a: Latios|Luster Purge|p1a: Primarina\n|-damage|p1a: Primarina|0 fnt\n|faint|p1a: Primarina\n|\n|upkeep\n|inactive|Time left: 300 sec this turn | 300 sec total | 5 sec grace\n|\n|t:|1783535285\n|switch|p1a: Comfey|Comfey, L85, M|225/225\n|turn|20\n|inactive|Time left: 300 sec this turn | 300 sec total\n|\n|t:|1783535286\n|switch|p2a: Ceruledge|Ceruledge, L78, M|100/100\n|move|p1a: Comfey|Calm Mind|p1a: Comfey\n|-boost|p1a: Comfey|spa|1\n|-boost|p1a: Comfey|spd|1\n|\n|upkeep\n|turn|21\n|inactive|Time left: 300 sec this turn | 300 sec total\n|\n|t:|1783535287\n|move|p1a: Comfey|Calm Mind|p1a: Comfey\n|-boost|p1a: Comfey|spa|1\n|-boost|p1a: Comfey|spd|1\n|move|p2a: Ceruledge|Swords Dance|p2a: Ceruledge\n|-boost|p2a: Ceruledge|atk|2\n|\n|upkeep\n|turn|22\n|inactive|Time left: 300 sec this turn | 300 sec total\n|\n|t:|1783535288\n|move|p1a: Comfey|Stored Power|p2a: Ceruledge\n|-damage|p2a: Ceruledge|50/100\n|move|p2a: Ceruledge|Bitter Blade|p1a: Comfey\n|-damage|p1a: Comfey|24/225\n|-heal|p2a: Ceruledge|92/100|[from] drain|[of] p1a: Comfey\n|\n|-heal|p1a: Comfey|38/225|[from] item: Leftovers\n|upkeep\n|turn|23\n|inactive|Time left: 300 sec this turn | 300 sec total\n|\n|t:|1783535289\n|move|p1a: Comfey|Stored Power|p2a: Ceruledge\n|-damage|p2a: Ceruledge|41/100\n|move|p2a: Ceruledge|Bitter Blade|p1a: Comfey\n|-damage|p1a: Comfey|0 fnt\n|-heal|p2a: Ceruledge|49/100|[from] drain|[of] p1a: Comfey\n|faint|p1a: Comfey\n|\n|upkeep\n|inactive|Time left: 300 sec this turn | 300 sec total | 5 sec grace\n|\n|t:|1783535289\n|switch|p1a: Slither Wing|Slither Wing, L81|270/270\n|-enditem|p1a: Slither Wing|Booster Energy\n|-activate|p1a: Slither Wing|ability: Protosynthesis|[fromitem]\n|-start|p1a: Slither Wing|protosynthesisatk\n|turn|24\n|inactive|Time left: 300 sec this turn | 300 sec total\n|\n|t:|1783535290\n|move|p1a: Slither Wing|Acrobatics|p2a: Ceruledge\n|-damage|p2a: Ceruledge|0 fnt\n|faint|p2a: Ceruledge\n|\n|upkeep\n|\n|t:|1783535291\n|switch|p2a: Chandelure|Chandelure, L83, M|100/100\n|turn|25\n|inactive|Time left: 300 sec this turn | 300 sec total\n|\n|t:|1783535292\n|move|p2a: Chandelure|Fire Blast|p1a: Slither Wing\n|-supereffective|p1a: Slither Wing\n|-damage|p1a: Slither Wing|0 fnt\n|faint|p1a: Slither Wing\n|-end|p1a: Slither Wing|Protosynthesis|[silent]\n|\n|win|p0y174f07c", "uploadtime": 1783535292, "views": 0, "rating": 0, "private": 0, "password": null, "_winner": "p0y174f07c", "_our_name": "p0x1742153"}