{"id": "battle-gen9randombattle-2092", "formatid": "gen9randombattle", "format": "[Gen 9] Random Battle", "players": ["p0x20928280", "p0y20921f34"], "log": "|init|battle\n|title|p0x20928280 vs. p0y20921f34\n|j|\u2606p0x20928280\n|j|\u2606p0y20921f34\n|t:|1783564223\n|gametype|singles\n|player|p1|p0x20928280|266|\n|player|p2|p0y20921f34|2|\n|gen|9\n|tier|[Gen 9] Random Battle\n|rule|Species Clause: Limit one of each Pok\u00e9mon\n|rule|HP Percentage Mod: HP is shown in percentages\n|rule|Sleep Clause Mod: Limit one foe put to sleep\n|rule|Illusion Level Mod: Illusion disguises the Pok\u00e9mon's true level\n|\n|t:|1783564223\n|teamsize|p1|6\n|teamsize|p2|6\n|start\n|switch|p1a: Rhydon|Rhydon, L85, F|317/317\n|switch|p2a: Urshifu|Urshifu-Rapid-Strike, L75, M|100/100\n|turn|1\n|inactive|Battle timer is ON: inactive players will automatically lose when time's up. (requested by p0x20928280)\n|\n|t:|1783564224\n|-terastallize|p1a: Rhydon|Fairy\n|move|p2a: Urshifu|Surging Strikes|p1a: Rhydon\n|-crit|p1a: Rhydon\n|-damage|p1a: Rhydon|286/317\n|-crit|p1a: Rhydon\n|-damage|p1a: Rhydon|253/317\n|-crit|p1a: Rhydon\n|-damage|p1a: Rhydon|219/317\n|-hitcount|p1a: Rhydon|3\n|move|p1a: Rhydon|Earthquake|p2a: Urshifu\n|-damage|p2a: Urshifu|48/100\n|\n|upkeep\n|turn|2\n|inactive|Time left: 300 sec this turn | 300 sec total\n|inactive|p0y20921f34 also wants the timer to be on.\n|\n|t:|1783564226\n|move|p2a: Urshifu|Surging Strikes|p1a: Rhydon\n|-crit|p1a: Rhydon\n|-damage|p1a: Rhydon|186/317\n|-crit|p1a: Rhydon\n|-damage|p1a: Rhydon|150/317\n|-crit|p1a: Rhydon\n|-damage|p1a: Rhydon|117/317\n|-hitcount|p1a: Rhydon|3\n|move|p1a: Rhydon|Earthquake|p2a: Urshifu\n|-damage|p2a: Urshifu|0 fnt\n|faint|p2a: Urshifu\n|\n|upkeep\n|\n|t:|1783564227\n|switch|p2a: Arceus|Arceus-Grass, L73|100/100\n|turn|3\n|inactive|Time left: 300 sec this turn | 300 sec total\n|\n|t:|1783564228\n|move|p2a: Arceus|Judgment|p1a: Rhydon\n|-damage|p1a: Rhydon|6/317\n|move|p1a: Rhydon|Earthquake|p2a: Arceus\n|-resisted|p2a: Arceus\n|-damage|p2a: Arceus|78/100\n|\n|upkeep\n|turn|4\n|inactive|Time left: 300 sec this turn | 300 sec total\n|\n|t:|1783564229\n|switch|p1a: Kricketune|Kricketune, L99, M|312/312\n|move|p2a: Arceus|Judgment|p1a: Kricketune\n|-resisted|p1a: Kricketune\n|-damage|p1a: Kricketune|234/312\n|\n|upkeep\n|turn|5\n|inactive|Time left: 300 sec this turn | 300 sec total\n|\n|t:|1783564230\n|-terastallize|p2a: Arceus|Fire\n|move|p2a: Arceus|Fire Blast|p1a: Kricketune\n|-supereffective|p1a: Kricketune\n|-damage|p1a: Kricketune|0 fnt\n|faint|p1a: Kricketune\n|\n|upkeep\n|inactive|Time left: 300 sec this turn | 300 sec total | 5 sec grace\n|\n|t:|1783564231\n|switch|p1a: Copperajah|Copperajah, L86, F|349/349\n|turn|6\n|inactive|Time left: 300 sec this turn | 300 sec total\n|\n|t:|1783564232\n|move|p2a: Arceus|Fire Blast|p1a: Copperajah\n|-supereffective|p1a: Copperajah\n|-damage|p1a: Copperajah|79/349\n|move|p1a: Copperajah|Earthquake|p2a: Arceus\n|-supereffective|p2a: Arceus\n|-damage|p2a: Arceus|0 fnt\n|faint|p2a: Arceus\n|\n|upkeep\n|\n|t:|1783564233\n|switch|p2a: Flareon|Flareon, L90, M|100/100\n|turn|7\n|inactive|Time left: 300 sec this turn | 300 sec total\n|\n|t:|1783564234\n|move|p2a: Flareon|Flare Blitz|p1a: Copperajah\n|-supereffective|p1a: Copperajah\n|-damage|p1a: Copperajah|0 fnt\n|faint|p1a: Copperajah\n|-damage|p2a: Flareon|91/100|[from] Recoil\n|\n|-status|p2a: Flareon|tox|[from] item: Toxic Orb\n|upkeep\n|inactive|Time left: 300 sec this turn | 300 sec total | 5 sec grace\n|\n|t:|1783564234\n|switch|p1a: Basculin|Basculin, L86, F|261/261\n|turn|8\n|inactive|Time left: 300 sec this turn | 300 sec total\n|\n|t:|1783564235\n|switch|p2a: Qwilfish|Qwilfish-Hisui, L83, F|100/100\n|-ability|p2a: Qwilfish|Intimidate|boost\n|-unboost|p1a: Basculin|atk|1\n|move|p1a: Basculin|Wave Crash|p2a: Qwilfish\n|-damage|p2a: Qwilfish|55/100\n|-damage|p1a: Basculin|225/261|[from] Recoil\n|\n|upkeep\n|turn|9\n|inactive|Time left: 300 sec this turn | 300 sec total\n|\n|t:|1783564236\n|move|p1a: Basculin|Wave Crash|p2a: Qwilfish\n|-damage|p2a: Qwilfish|5/100\n|-damage|p1a: Basculin|185/261|[from] Recoil\n|move|p2a: Qwilfish|Gunk Shot|p1a: Basculin\n|-damage|p1a: Basculin|43/261\n|-status|p1a: Basculin|psn\n|\n|-damage|p1a: Basculin|11/261 psn|[from] psn\n|upkeep\n|turn|10\n|inactive|Time left: 300 sec this turn | 300 sec total\n|\n|t:|1783564237\n|move|p1a: Basculin|Wave Crash|p2a: Qwilfish\n|-damage|p2a: Qwilfish|0 fnt\n|faint|p2a: Qwilfish\n|-damage|p1a: Basculin|7/261 psn|[from] Recoil\n|\n|-damage|p1a: Basculin|0 fnt|[from] psn\n|faint|p1a: Basculin\n|upkeep\n|inactive|Time left: 300 sec this turn | 300 sec total | 5 sec grace\n|\n|t:|1783564238\n|switch|p1a: Iron Jugulis|Iron Jugulis, L77|271/271\n|switch|p2a: Flareon|Flareon, L90, M|91/100 tox\n|turn|11\n|inactive|Time left: 300 sec this turn | 300 sec total\n|\n|t:|1783564238\n|move|p1a: Iron Jugulis|Dark Pulse|p2a: Flareon\n|-damage|p2a: Flareon|55/100 tox\n|move|p2a: Flareon|Flare Blitz|p1a: Iron Jugulis\n|-damage|p1a: Iron Jugulis|0 fnt\n|faint|p1a: Iron Jugulis\n|-end|p1a: Iron Jugulis|Quark Drive|[silent]\n|-damage|p2a: Flareon|21/100 tox|[from] Recoil\n|\n|-damage|p2a: Flareon|15/100 tox|[from] psn\n|upkeep\n|inactive|Time left: 300 sec this turn | 300 sec total | 5 sec grace\n|\n|t:|1783564239\n|switch|p1a: Noivern|Noivern, L82, M|274/274\n|turn|12\n|inactive|Time left: 300 sec this turn | 300 sec total\n|\n|t:|1783564240\n|move|p2a: Flareon|Quick Attack|p1a: Noivern\n|-damage|p1a: Noivern|207/274\n|move|p1a: Noivern|Hurricane|p2a: Flareon|[miss]\n|-miss|p1a: Noivern|p2a: Flareon\n|\n|-damage|p2a: Flareon|3/100 tox|[from] psn\n|upkeep\n|turn|13\n|inactive|Time left: 300 sec this turn | 300 sec total\n|\n|t:|1783564241\n|move|p1a: Noivern|Hurricane|p2a: Flareon\n|-damage|p2a: Flareon|0 fnt\n|faint|p2a: Flareon\n|\n|upkeep\n|\n|t:|1783564242\n|switch|p2a: Dragapult|Dragapult, L77, M|100/100\n|turn|14\n|inactive|Time left: 300 sec this turn | 300 sec total\n|\n|t:|1783564243\n|switch|p1a: Rhydon|Rhydon, L85, F, tera:Fairy|6/317\n|move|p2a: Dragapult|Dragon Darts|p1a: Rhydon\n|-immune|p1a: Rhydon\n|\n|upkeep\n|turn|15\n|inactive|Time left: 300 sec this turn | 300 sec total\n|\n|t:|1783564244\n|switch|p1a: Noivern|Noivern, L82, M|207/274\n|move|p2a: Dragapult|Hex|p1a: Noivern\n|-damage|p1a: Noivern|140/274\n|\n|upkeep\n|turn|16\n|inactive|Time left: 300 sec this turn | 300 sec total\n|\n|t:|1783564245\n|switch|p1a: Rhydon|Rhydon, L85, F, tera:Fairy|6/317\n|move|p2a: Dragapult|Dragon Darts|p1a: Rhydon\n|-immune|p1a: Rhydon\n|\n|upkeep\n|turn|17\n|inactive|Time left: 300 sec this turn | 300 sec total\n|\n|t:|1783564246\n|switch|p1a: Noivern|Noivern, L82, M|140/274\n|move|p2a: Dragapult|Hex|p1a: Noivern\n|-damage|p1a: Noivern|77/274\n|\n|upkeep\n|turn|18\n|inactive|Time left: 300 sec this turn | 300 sec total\n|\n|t:|1783564247\n|switch|p1a: Rhydon|Rhydon, L85, F, tera:Fairy|6/317\n|move|p2a: Dragapult|Dragon Darts|p1a: Rhydon\n|-immune|p1a: Rhydon\n|\n|upkeep\n|turn|19\n|inactive|Time left: 300 sec this turn | 300 sec total\n|\n|t:|1783564248\n|switch|p1a: Noivern|Noivern, L82, M|77/274\n|move|p2a: Dragapult|U-turn|p1a: Noivern\n|-resisted|p1a: Noivern\n|-damage|p1a: Noivern|48/274\n|\n|t:|1783564249\n|switch|p2a: Wugtrio|Wugtrio, L91, M|100/100|[from] U-turn\n|\n|upkeep\n|turn|20\n|inactive|Time left: 300 sec this turn | 300 sec total\n|\n|t:|1783564250\n|switch|p1a: Rhydon|Rhydon, L85, F, tera:Fairy|6/317\n|move|p2a: Wugtrio|Liquidation|p1a: Rhydon\n|-damage|p1a: Rhydon|0 fnt\n|faint|p1a: Rhydon\n|\n|upkeep\n|inactive|Time left: 300 sec this turn | 300 sec total | 5 sec grace\n|\n|t:|1783564251\n|switch|p1a: Noivern|Noivern, L82, M|48/274\n|turn|21\n|inactive|Time left: 300 sec this turn | 300 sec total\n|\n|t:|1783564252\n|move|p2a: Wugtrio|Liquidation|p1a: Noivern\n|-resisted|p1a: Noivern\n|-damage|p1a: Noivern|0 fnt\n|faint|p1a: Noivern\n|\n|win|p0y20921f34", "uploadtime": 1783564252, "views": 0, "rating": 0, "private": 0, "password": null, "_winner": "p0y20921f34", "_our_name": "p0x20928280"}