{"id": "battle-gen9randombattle-1508", "formatid": "gen9randombattle", "format": "[Gen 9] Random Battle", "players": ["p0x15087043", "p0y15084a62"], "log": "|init|battle\n|title|p0x15087043 vs. p0y15084a62\n|j|\u2606p0x15087043\n|j|\u2606p0y15084a62\n|t:|1783556623\n|gametype|singles\n|player|p1|p0x15087043|169|\n|player|p2|p0y15084a62|170|\n|gen|9\n|tier|[Gen 9] Random Battle\n|rule|Species Clause: Limit one of each Pok\u00e9mon\n|rule|HP Percentage Mod: HP is shown in percentages\n|rule|Sleep Clause Mod: Limit one foe put to sleep\n|rule|Illusion Level Mod: Illusion disguises the Pok\u00e9mon's true level\n|\n|t:|1783556623\n|teamsize|p1|6\n|teamsize|p2|6\n|start\n|switch|p1a: Hatterene|Hatterene, L85, F|100/100\n|switch|p2a: Golem|Golem-Alola, L93, F|300/300\n|turn|1\n|inactive|Battle timer is ON: inactive players will automatically lose when time's up. (requested by p0x15087043)\n|inactive|Time left: 300 sec this turn | 300 sec total | 60 sec grace\n|inactive|p0y15084a62 also wants the timer to be on.\n|\n|t:|1783556625\n|switch|p1a: Greedent|Greedent, L86, M|100/100\n|move|p2a: Golem|Double-Edge|p1a: Greedent\n|-damage|p1a: Greedent|26/100\n|-enditem|p1a: Greedent|Sitrus Berry|[eat]\n|-heal|p1a: Greedent|51/100|[from] item: Sitrus Berry\n|-heal|p1a: Greedent|84/100|[from] ability: Cheek Pouch\n|-damage|p2a: Golem|215/300|[from] Recoil\n|-damage|p2a: Golem|185/300|[from] item: Life Orb\n|\n|upkeep\n|turn|2\n|inactive|Time left: 300 sec this turn | 300 sec total\n|\n|t:|1783556626\n|move|p2a: Golem|Double-Edge|p1a: Greedent\n|-damage|p1a: Greedent|6/100\n|-damage|p2a: Golem|96/300|[from] Recoil\n|-damage|p2a: Golem|66/300|[from] item: Life Orb\n|move|p1a: Greedent|Earthquake|p2a: Golem\n|-supereffective|p2a: Golem\n|-damage|p2a: Golem|0 fnt\n|faint|p2a: Golem\n|\n|upkeep\n|inactive|Time left: 300 sec this turn | 300 sec total | 5 sec grace\n|\n|t:|1783556627\n|switch|p2a: Mamoswine|Mamoswine, L81, F|311/311\n|turn|3\n|inactive|Time left: 300 sec this turn | 300 sec total\n|\n|t:|1783556628\n|move|p2a: Mamoswine|Earthquake|p1a: Greedent\n|-damage|p1a: Greedent|0 fnt\n|faint|p1a: Greedent\n|\n|upkeep\n|\n|t:|1783556629\n|switch|p1a: Inteleon|Inteleon, L81, F|100/100\n|turn|4\n|inactive|Time left: 300 sec this turn | 300 sec total\n|\n|t:|1783556630\n|switch|p2a: Meloetta|Meloetta, L82|298/298\n|move|p1a: Inteleon|Scald|p2a: Meloetta\n|-damage|p2a: Meloetta|190/298\n|-status|p2a: Meloetta|brn\n|\n|-heal|p2a: Meloetta|208/298 brn|[from] item: Leftovers\n|-damage|p2a: Meloetta|190/298 brn|[from] brn\n|upkeep\n|turn|5\n|inactive|Time left: 300 sec this turn | 300 sec total\n|\n|t:|1783556631\n|move|p1a: Inteleon|Scald|p2a: Meloetta\n|-damage|p2a: Meloetta|70/298 brn\n|move|p2a: Meloetta|Hyper Voice|p1a: Inteleon\n|-damage|p1a: Inteleon|43/100\n|\n|-heal|p2a: Meloetta|88/298 brn|[from] item: Leftovers\n|-damage|p2a: Meloetta|70/298 brn|[from] brn\n|upkeep\n|turn|6\n|inactive|Time left: 300 sec this turn | 300 sec total\n|\n|t:|1783556632\n|switch|p2a: Toxapex|Toxapex, L82, F|216/216\n|move|p1a: Inteleon|Scald|p2a: Toxapex\n|-resisted|p2a: Toxapex\n|-damage|p2a: Toxapex|162/216\n|\n|upkeep\n|turn|7\n|inactive|Time left: 300 sec this turn | 300 sec total\n|\n|t:|1783556633\n|move|p1a: Inteleon|Scald|p2a: Toxapex\n|-resisted|p2a: Toxapex\n|-crit|p2a: Toxapex\n|-damage|p2a: Toxapex|84/216\n|move|p2a: Toxapex|Recover|p2a: Toxapex\n|-heal|p2a: Toxapex|192/216\n|\n|upkeep\n|turn|8\n|inactive|Time left: 300 sec this turn | 300 sec total\n|\n|t:|1783556634\n|move|p1a: Inteleon|Scald|p2a: Toxapex\n|-resisted|p2a: Toxapex\n|-damage|p2a: Toxapex|139/216\n|move|p2a: Toxapex|Liquidation|p1a: Inteleon\n|-resisted|p1a: Inteleon\n|-damage|p1a: Inteleon|25/100\n|\n|upkeep\n|turn|9\n|inactive|Time left: 300 sec this turn | 300 sec total\n|\n|t:|1783556635\n|move|p1a: Inteleon|Scald|p2a: Toxapex\n|-resisted|p2a: Toxapex\n|-damage|p2a: Toxapex|65/216\n|move|p2a: Toxapex|Recover|p2a: Toxapex\n|-heal|p2a: Toxapex|173/216\n|\n|upkeep\n|turn|10\n|inactive|Time left: 300 sec this turn | 300 sec total\n|\n|t:|1783556636\n|move|p1a: Inteleon|Scald|p2a: Toxapex\n|-resisted|p2a: Toxapex\n|-damage|p2a: Toxapex|104/216\n|-status|p2a: Toxapex|brn\n|move|p2a: Toxapex|Recover|p2a: Toxapex\n|-heal|p2a: Toxapex|212/216 brn\n|\n|-damage|p2a: Toxapex|199/216 brn|[from] brn\n|upkeep\n|turn|11\n|inactive|Time left: 300 sec this turn | 300 sec total\n|\n|t:|1783556637\n|move|p1a: Inteleon|Scald|p2a: Toxapex\n|-resisted|p2a: Toxapex\n|-damage|p2a: Toxapex|121/216 brn\n|move|p2a: Toxapex|Recover|p2a: Toxapex\n|-heal|p2a: Toxapex|216/216 brn\n|\n|-damage|p2a: Toxapex|203/216 brn|[from] brn\n|upkeep\n|turn|12\n|inactive|Time left: 300 sec this turn | 300 sec total\n|\n|t:|1783556638\n|move|p1a: Inteleon|Scald|p2a: Toxapex\n|-resisted|p2a: Toxapex\n|-damage|p2a: Toxapex|128/216 brn\n|move|p2a: Toxapex|Toxic Spikes|p1a: Inteleon\n|-sidestart|p1: p0x15087043|move: Toxic Spikes\n|\n|-damage|p2a: Toxapex|115/216 brn|[from] brn\n|upkeep\n|turn|13\n|inactive|Time left: 300 sec this turn | 300 sec total\n|\n|t:|1783556639\n|move|p1a: Inteleon|Scald|p2a: Toxapex\n|-resisted|p2a: Toxapex\n|-damage|p2a: Toxapex|33/216 brn\n|move|p2a: Toxapex|Recover|p2a: Toxapex\n|-heal|p2a: Toxapex|141/216 brn\n|\n|-damage|p2a: Toxapex|128/216 brn|[from] brn\n|upkeep\n|turn|14\n|inactive|Time left: 300 sec this turn | 300 sec total\n|\n|t:|1783556640\n|move|p1a: Inteleon|Scald|p2a: Toxapex\n|-resisted|p2a: Toxapex\n|-damage|p2a: Toxapex|46/216 brn\n|move|p2a: Toxapex|Recover|p2a: Toxapex\n|-heal|p2a: Toxapex|154/216 brn\n|\n|-damage|p2a: Toxapex|141/216 brn|[from] brn\n|upkeep\n|turn|15\n|inactive|Time left: 300 sec this turn | 300 sec total\n|\n|t:|1783556641\n|move|p1a: Inteleon|Scald|p2a: Toxapex\n|-resisted|p2a: Toxapex\n|-damage|p2a: Toxapex|62/216 brn\n|move|p2a: Toxapex|Recover|p2a: Toxapex\n|-heal|p2a: Toxapex|170/216 brn\n|\n|-damage|p2a: Toxapex|157/216 brn|[from] brn\n|upkeep\n|turn|16\n|inactive|Time left: 300 sec this turn | 300 sec total\n|\n|t:|1783556642\n|move|p1a: Inteleon|Scald|p2a: Toxapex\n|-resisted|p2a: Toxapex\n|-damage|p2a: Toxapex|76/216 brn\n|move|p2a: Toxapex|Recover|p2a: Toxapex\n|-heal|p2a: Toxapex|184/216 brn\n|\n|-damage|p2a: Toxapex|171/216 brn|[from] brn\n|upkeep\n|turn|17\n|inactive|Time left: 300 sec this turn | 300 sec total\n|\n|t:|1783556643\n|move|p1a: Inteleon|Scald|p2a: Toxapex\n|-resisted|p2a: Toxapex\n|-damage|p2a: Toxapex|96/216 brn\n|move|p2a: Toxapex|Toxic Spikes|p1a: Inteleon\n|-sidestart|p1: p0x15087043|move: Toxic Spikes\n|\n|-damage|p2a: Toxapex|83/216 brn|[from] brn\n|upkeep\n|turn|18\n|inactive|Time left: 300 sec this turn | 300 sec total\n|\n|t:|1783556644\n|switch|p2a: Meloetta|Meloetta, L82|70/298 brn\n|move|p1a: Inteleon|Scald|p2a: Meloetta\n|-damage|p2a: Meloetta|0 fnt\n|faint|p2a: Meloetta\n|\n|upkeep\n|inactive|Time left: 300 sec this turn | 300 sec total | 5 sec grace\n|\n|t:|1783556645\n|switch|p2a: Grimmsnarl|Grimmsnarl, L83, M|293/293\n|turn|19\n|inactive|Time left: 300 sec this turn | 300 sec total\n|\n|t:|1783556646\n|move|p2a: Grimmsnarl|Sucker Punch|p1a: Inteleon\n|-damage|p1a: Inteleon|0 fnt\n|faint|p1a: Inteleon\n|\n|upkeep\n|\n|t:|1783556647\n|switch|p1a: Cinderace|Cinderace, L77, M|100/100\n|-status|p1a: Cinderace|tox\n|turn|20\n|inactive|Time left: 300 sec this turn | 300 sec total\n|\n|t:|1783556648\n|switch|p2a: Toxapex|Toxapex, L82, F|155/216 brn\n|move|p1a: Cinderace|Pyro Ball|p2a: Toxapex\n|-resisted|p2a: Toxapex\n|-damage|p2a: Toxapex|95/216 brn\n|\n|-damage|p1a: Cinderace|94/100 tox|[from] psn\n|-damage|p2a: Toxapex|82/216 brn|[from] brn\n|upkeep\n|turn|21\n|inactive|Time left: 300 sec this turn | 300 sec total\n|\n|t:|1783556649\n|switch|p2a: Klawf|Klawf, L90, F|272/272\n|move|p1a: Cinderace|Pyro Ball|p2a: Klawf\n|-resisted|p2a: Klawf\n|-crit|p2a: Klawf\n|-damage|p2a: Klawf|172/272\n|\n|-damage|p1a: Cinderace|82/100 tox|[from] psn\n|upkeep\n|turn|22\n|inactive|Time left: 300 sec this turn | 300 sec total\n|\n|t:|1783556651\n|move|p1a: Cinderace|Pyro Ball|p2a: Klawf|[miss]\n|-miss|p1a: Cinderace|p2a: Klawf\n|move|p2a: Klawf|Stone Edge|p1a: Cinderace\n|-supereffective|p1a: Cinderace\n|-damage|p1a: Cinderace|0 fnt\n|faint|p1a: Cinderace\n|-damage|p2a: Klawf|145/272|[from] item: Life Orb\n|\n|upkeep\n|\n|t:|1783556652\n|switch|p1a: Sceptile|Sceptile, L87, F|100/100\n|-status|p1a: Sceptile|tox\n|turn|23\n|inactive|Time left: 300 sec this turn | 300 sec total\n|\n|t:|1783556653\n|switch|p2a: Grimmsnarl|Grimmsnarl, L83, M|293/293\n|move|p1a: Sceptile|Leaf Blade|p2a: Grimmsnarl\n|-damage|p2a: Grimmsnarl|137/293\n|-damage|p1a: Sceptile|91/100 tox|[from] item: Life Orb\n|\n|-heal|p2a: Grimmsnarl|155/293|[from] item: Leftovers\n|-damage|p1a: Sceptile|85/100 tox|[from] psn\n|upkeep\n|turn|24\n|inactive|Time left: 300 sec this turn | 300 sec total\n|\n|t:|1783556654\n|move|p1a: Sceptile|Leaf Blade|p2a: Grimmsnarl\n|-damage|p2a: Grimmsnarl|3/293\n|-damage|p1a: Sceptile|75/100 tox|[from] item: Life Orb\n|move|p2a: Grimmsnarl|Spirit Break|p1a: Sceptile\n|-damage|p1a: Sceptile|30/100 tox\n|-unboost|p1a: Sceptile|spa|1\n|\n|-heal|p2a: Grimmsnarl|21/293|[from] item: Leftovers\n|-damage|p1a: Sceptile|18/100 tox|[from] psn\n|upkeep\n|turn|25\n|inactive|Time left: 300 sec this turn | 300 sec total\n|\n|t:|1783556655\n|move|p2a: Grimmsnarl|Sucker Punch|p1a: Sceptile\n|-damage|p1a: Sceptile|0 fnt\n|faint|p1a: Sceptile\n|\n|-heal|p2a: Grimmsnarl|39/293|[from] item: Leftovers\n|upkeep\n|\n|t:|1783556656\n|switch|p1a: Hatterene|Hatterene, L85, F|100/100\n|-status|p1a: Hatterene|tox\n|turn|26\n|inactive|Time left: 300 sec this turn | 300 sec total\n|\n|t:|1783556657\n|move|p2a: Grimmsnarl|Spirit Break|p1a: Hatterene\n|-damage|p1a: Hatterene|64/100 tox\n|-unboost|p1a: Hatterene|spa|1\n|move|p1a: Hatterene|Calm Mind|p1a: Hatterene\n|-boost|p1a: Hatterene|spa|1\n|-boost|p1a: Hatterene|spd|1\n|\n|-heal|p2a: Grimmsnarl|57/293|[from] item: Leftovers\n|-heal|p1a: Hatterene|70/100 tox|[from] item: Leftovers\n|-damage|p1a: Hatterene|64/100 tox|[from] psn\n|upkeep\n|turn|27\n|inactive|Time left: 300 sec this turn | 300 sec total\n|\n|t:|1783556659\n|move|p2a: Grimmsnarl|Spirit Break|p1a: Hatterene\n|-damage|p1a: Hatterene|26/100 tox\n|-unboost|p1a: Hatterene|spa|1\n|move|p1a: Hatterene|Mystical Fire|p2a: Grimmsnarl\n|-damage|p2a: Grimmsnarl|3/293\n|-unboost|p2a: Grimmsnarl|spa|1\n|\n|-heal|p2a: Grimmsnarl|21/293|[from] item: Leftovers\n|-heal|p1a: Hatterene|32/100 tox|[from] item: Leftovers\n|-damage|p1a: Hatterene|20/100 tox|[from] psn\n|upkeep\n|turn|28\n|inactive|Time left: 300 sec this turn | 300 sec total\n|\n|t:|1783556660\n|move|p2a: Grimmsnarl|Spirit Break|p1a: Hatterene\n|-damage|p1a: Hatterene|0 fnt\n|faint|p1a: Hatterene\n|\n|-heal|p2a: Grimmsnarl|39/293|[from] item: Leftovers\n|upkeep\n|\n|t:|1783556661\n|switch|p1a: Jolteon|Jolteon, L84, F|100/100\n|-status|p1a: Jolteon|tox\n|turn|29\n|inactive|Time left: 300 sec this turn | 300 sec total\n|\n|t:|1783556662\n|switch|p2a: Mamoswine|Mamoswine, L81, F|311/311\n|move|p1a: Jolteon|Calm Mind|p1a: Jolteon\n|-boost|p1a: Jolteon|spa|1\n|-boost|p1a: Jolteon|spd|1\n|\n|-damage|p1a: Jolteon|94/100 tox|[from] psn\n|upkeep\n|turn|30\n|inactive|Time left: 300 sec this turn | 300 sec total\n|\n|t:|1783556663\n|-terastallize|p1a: Jolteon|Electric\n|-terastallize|p2a: Mamoswine|Ice\n|move|p2a: Mamoswine|Ice Shard|p1a: Jolteon\n|-damage|p1a: Jolteon|44/100 tox\n|move|p1a: Jolteon|Thunderbolt|p2a: Mamoswine\n|-damage|p2a: Mamoswine|0 fnt\n|faint|p2a: Mamoswine\n|-damage|p1a: Jolteon|34/100 tox|[from] item: Life Orb\n|\n|-damage|p1a: Jolteon|22/100 tox|[from] psn\n|upkeep\n|inactive|Time left: 300 sec this turn | 300 sec total | 5 sec grace\n|\n|t:|1783556664\n|switch|p2a: Toxapex|Toxapex, L82, F|154/216 brn\n|turn|31\n|inactive|Time left: 300 sec this turn | 300 sec total\n|\n|t:|1783556664\n|move|p1a: Jolteon|Thunderbolt|p2a: Toxapex\n|-supereffective|p2a: Toxapex\n|-damage|p2a: Toxapex|0 fnt\n|faint|p2a: Toxapex\n|-damage|p1a: Jolteon|12/100 tox|[from] item: Life Orb\n|\n|-damage|p1a: Jolteon|0 fnt|[from] psn\n|faint|p1a: Jolteon\n|\n|win|p0y15084a62", "uploadtime": 1783556664, "views": 0, "rating": 0, "private": 0, "password": null, "_winner": "p0y15084a62", "_our_name": "p0y15084a62"}