{"id": "battle-gen9randombattle-1623", "formatid": "gen9randombattle", "format": "[Gen 9] Random Battle", "players": ["p0x1623298c", "p0y16238fc2"], "log": "|init|battle\n|title|p0x1623298c vs. p0y16238fc2\n|j|\u2606p0x1623298c\n|j|\u2606p0y16238fc2\n|t:|1783558777\n|gametype|singles\n|player|p1|p0x1623298c|170|\n|player|p2|p0y16238fc2|169|\n|gen|9\n|tier|[Gen 9] Random Battle\n|rule|Species Clause: Limit one of each Pok\u00e9mon\n|rule|HP Percentage Mod: HP is shown in percentages\n|rule|Sleep Clause Mod: Limit one foe put to sleep\n|rule|Illusion Level Mod: Illusion disguises the Pok\u00e9mon's true level\n|\n|t:|1783558777\n|teamsize|p1|6\n|teamsize|p2|6\n|start\n|switch|p1a: Pelipper|Pelipper, L86, F|100/100\n|switch|p2a: Hawlucha|Hawlucha, L80, M|256/256\n|-weather|RainDance|[from] ability: Drizzle|[of] p1a: Pelipper\n|turn|1\n|inactive|Battle timer is ON: inactive players will automatically lose when time's up. (requested by p0y16238fc2)\n|inactive|p0x1623298c also wants the timer to be on.\n|\n|t:|1783558779\n|switch|p2a: Manaphy|Manaphy, L78|284/284\n|move|p1a: Pelipper|Hurricane|p2a: Manaphy\n|-damage|p2a: Manaphy|175/284\n|\n|-weather|RainDance|[upkeep]\n|-heal|p2a: Manaphy|192/284|[from] item: Leftovers\n|upkeep\n|turn|2\n|inactive|Time left: 300 sec this turn | 300 sec total\n|\n|t:|1783558780\n|move|p2a: Manaphy|Tail Glow|p2a: Manaphy\n|-boost|p2a: Manaphy|spa|3\n|move|p1a: Pelipper|Hurricane|p2a: Manaphy\n|-damage|p2a: Manaphy|77/284\n|-start|p2a: Manaphy|confusion\n|\n|-weather|RainDance|[upkeep]\n|-heal|p2a: Manaphy|94/284|[from] item: Leftovers\n|upkeep\n|turn|3\n|inactive|Time left: 300 sec this turn | 300 sec total\n|\n|t:|1783558781\n|-terastallize|p2a: Manaphy|Water\n|-activate|p2a: Manaphy|confusion\n|-damage|p2a: Manaphy|73/284|[from] confusion\n|move|p1a: Pelipper|Hurricane|p2a: Manaphy\n|-damage|p2a: Manaphy|0 fnt\n|faint|p2a: Manaphy\n|\n|-weather|RainDance|[upkeep]\n|upkeep\n|inactive|Time left: 300 sec this turn | 300 sec total | 5 sec grace\n|\n|t:|1783558782\n|switch|p2a: Bisharp|Bisharp, L79, M|232/232\n|turn|4\n|inactive|Time left: 300 sec this turn | 300 sec total\n|\n|t:|1783558783\n|move|p1a: Pelipper|Surf|p2a: Bisharp\n|-damage|p2a: Bisharp|99/232\n|move|p2a: Bisharp|Swords Dance|p2a: Bisharp\n|-boost|p2a: Bisharp|atk|2\n|\n|-weather|RainDance|[upkeep]\n|upkeep\n|turn|5\n|inactive|Time left: 300 sec this turn | 300 sec total\n|\n|t:|1783558784\n|move|p2a: Bisharp|Sucker Punch|p1a: Pelipper\n|-damage|p1a: Pelipper|46/100\n|move|p1a: Pelipper|Surf|p2a: Bisharp\n|-damage|p2a: Bisharp|0 fnt\n|faint|p2a: Bisharp\n|\n|-weather|none\n|upkeep\n|inactive|Time left: 300 sec this turn | 300 sec total | 5 sec grace\n|\n|t:|1783558785\n|switch|p2a: Frosmoth|Frosmoth, L82, F|249/249\n|turn|6\n|inactive|Time left: 300 sec this turn | 300 sec total\n|\n|t:|1783558786\n|switch|p1a: Diancie|Diancie, L82|100/100\n|move|p2a: Frosmoth|Quiver Dance|p2a: Frosmoth\n|-boost|p2a: Frosmoth|spa|1\n|-boost|p2a: Frosmoth|spd|1\n|-boost|p2a: Frosmoth|spe|1\n|\n|upkeep\n|turn|7\n|inactive|Time left: 300 sec this turn | 300 sec total\n|\n|t:|1783558787\n|move|p2a: Frosmoth|Ice Beam|p1a: Diancie\n|-damage|p1a: Diancie|50/100\n|move|p1a: Diancie|Diamond Storm|p2a: Frosmoth\n|-supereffective|p2a: Frosmoth\n|-damage|p2a: Frosmoth|0 fnt\n|faint|p2a: Frosmoth\n|\n|-heal|p1a: Diancie|57/100|[from] item: Leftovers\n|upkeep\n|inactive|Time left: 300 sec this turn | 300 sec total | 5 sec grace\n|\n|t:|1783558788\n|switch|p2a: Donphan|Donphan, L84, M|288/288\n|turn|8\n|inactive|Time left: 300 sec this turn | 300 sec total\n|\n|t:|1783558789\n|switch|p1a: Pelipper|Pelipper, L86, F|46/100\n|-weather|RainDance|[from] ability: Drizzle|[of] p1a: Pelipper\n|move|p2a: Donphan|Earthquake|p1a: Pelipper\n|-immune|p1a: Pelipper\n|\n|-weather|RainDance|[upkeep]\n|upkeep\n|turn|9\n|inactive|Time left: 300 sec this turn | 300 sec total\n|\n|t:|1783558790\n|move|p1a: Pelipper|Surf|p2a: Donphan\n|-supereffective|p2a: Donphan\n|-damage|p2a: Donphan|28/288\n|move|p2a: Donphan|Rapid Spin|p1a: Pelipper\n|-damage|p1a: Pelipper|30/100\n|-boost|p2a: Donphan|spe|1\n|\n|-weather|RainDance|[upkeep]\n|upkeep\n|turn|10\n|inactive|Time left: 300 sec this turn | 300 sec total\n|\n|t:|1783558791\n|move|p2a: Donphan|Ice Spinner|p1a: Pelipper\n|-crit|p1a: Pelipper\n|-damage|p1a: Pelipper|0 fnt\n|faint|p1a: Pelipper\n|\n|-weather|RainDance|[upkeep]\n|upkeep\n|\n|t:|1783558792\n|switch|p1a: Pikachu|Pikachu-Kalos, L93, F|100/100\n|turn|11\n|inactive|Time left: 300 sec this turn | 300 sec total\n|\n|t:|1783558793\n|move|p1a: Pikachu|Fake Out|p2a: Donphan\n|-damage|p2a: Donphan|0 fnt\n|faint|p2a: Donphan\n|\n|-weather|RainDance|[upkeep]\n|upkeep\n|inactive|Time left: 300 sec this turn | 300 sec total | 5 sec grace\n|\n|t:|1783558793\n|switch|p2a: Hatterene|Hatterene, L85, F|236/236\n|turn|12\n|inactive|Time left: 300 sec this turn | 300 sec total\n|\n|t:|1783558794\n|move|p1a: Pikachu|Volt Tackle|p2a: Hatterene\n|-damage|p2a: Hatterene|40/236\n|-damage|p1a: Pikachu|70/100|[from] Recoil\n|move|p2a: Hatterene|Psyshock|p1a: Pikachu\n|-damage|p1a: Pikachu|0 fnt\n|faint|p1a: Pikachu\n|\n|-weather|none\n|-heal|p2a: Hatterene|54/236|[from] item: Leftovers\n|upkeep\n|\n|t:|1783558795\n|switch|p1a: Diancie|Diancie, L82|57/100\n|turn|13\n|inactive|Time left: 300 sec this turn | 300 sec total\n|\n|t:|1783558796\n|move|p1a: Diancie|Moonblast|p2a: Hatterene\n|-damage|p2a: Hatterene|0 fnt\n|faint|p2a: Hatterene\n|\n|-heal|p1a: Diancie|63/100|[from] item: Leftovers\n|upkeep\n|inactive|Time left: 300 sec this turn | 300 sec total | 5 sec grace\n|\n|t:|1783558797\n|switch|p2a: Hawlucha|Hawlucha, L80, M|256/256\n|turn|14\n|inactive|Time left: 300 sec this turn | 300 sec total\n|\n|t:|1783558798\n|move|p2a: Hawlucha|Swords Dance|p2a: Hawlucha\n|-boost|p2a: Hawlucha|atk|2\n|move|p1a: Diancie|Moonblast|p2a: Hawlucha\n|-supereffective|p2a: Hawlucha\n|-damage|p2a: Hawlucha|20/256\n|\n|-heal|p1a: Diancie|69/100|[from] item: Leftovers\n|upkeep\n|turn|15\n|inactive|Time left: 300 sec this turn | 300 sec total\n|\n|t:|1783558799\n|-terastallize|p1a: Diancie|Fighting\n|move|p2a: Hawlucha|Close Combat|p1a: Diancie\n|-damage|p1a: Diancie|0 fnt\n|-unboost|p2a: Hawlucha|def|1\n|-unboost|p2a: Hawlucha|spd|1\n|faint|p1a: Diancie\n|-enditem|p2a: Hawlucha|White Herb\n|-clearnegativeboost|p2a: Hawlucha|[silent]\n|\n|upkeep\n|\n|t:|1783558800\n|switch|p1a: Groudon|Groudon, L72|100/100\n|-weather|SunnyDay|[from] ability: Drought|[of] p1a: Groudon\n|turn|16\n|inactive|Time left: 300 sec this turn | 300 sec total\n|\n|t:|1783558801\n|move|p2a: Hawlucha|Close Combat|p1a: Groudon\n|-damage|p1a: Groudon|34/100\n|-unboost|p2a: Hawlucha|def|1\n|-unboost|p2a: Hawlucha|spd|1\n|move|p1a: Groudon|Heat Crash|p2a: Hawlucha\n|-damage|p2a: Hawlucha|0 fnt\n|faint|p2a: Hawlucha\n|\n|win|p0x1623298c", "uploadtime": 1783558801, "views": 0, "rating": 0, "private": 0, "password": null, "_winner": "p0x1623298c", "_our_name": "p0y16238fc2"}