{"id": "battle-gen9randombattle-2972", "formatid": "gen9randombattle", "format": "[Gen 9] Random Battle", "players": ["p0x2972986c", "p0y297285f4"], "log": "|init|battle\n|title|p0x2972986c vs. p0y297285f4\n|j|\u2606p0x2972986c\n|j|\u2606p0y297285f4\n|t:|1783574216\n|gametype|singles\n|player|p1|p0x2972986c|169|\n|player|p2|p0y297285f4|2|\n|gen|9\n|tier|[Gen 9] Random Battle\n|rule|Species Clause: Limit one of each Pok\u00e9mon\n|rule|HP Percentage Mod: HP is shown in percentages\n|rule|Sleep Clause Mod: Limit one foe put to sleep\n|rule|Illusion Level Mod: Illusion disguises the Pok\u00e9mon's true level\n|\n|t:|1783574216\n|teamsize|p1|6\n|teamsize|p2|6\n|start\n|switch|p1a: Flutter Mane|Flutter Mane, L74|100/100\n|switch|p2a: Drifblim|Drifblim, L86, F|396/396\n|turn|1\n|inactive|Battle timer is ON: inactive players will automatically lose when time's up. (requested by p0x2972986c)\n|inactive|Time left: 300 sec this turn | 300 sec total | 60 sec grace\n|inactive|p0y297285f4 also wants the timer to be on.\n|\n|t:|1783574218\n|move|p1a: Flutter Mane|Shadow Ball|p2a: Drifblim\n|-supereffective|p2a: Drifblim\n|-damage|p2a: Drifblim|66/396\n|-enditem|p2a: Drifblim|Sitrus Berry|[eat]\n|-heal|p2a: Drifblim|165/396|[from] item: Sitrus Berry\n|move|p2a: Drifblim|Shadow Ball|p1a: Flutter Mane\n|-supereffective|p1a: Flutter Mane\n|-damage|p1a: Flutter Mane|30/100\n|\n|upkeep\n|turn|2\n|inactive|Time left: 300 sec this turn | 300 sec total\n|\n|t:|1783574219\n|-end|p1a: Flutter Mane|Protosynthesis|[silent]\n|switch|p1a: Grimmsnarl|Grimmsnarl, L83, M|100/100\n|move|p2a: Drifblim|Air Slash|p1a: Grimmsnarl\n|-damage|p1a: Grimmsnarl|67/100\n|\n|-heal|p1a: Grimmsnarl|74/100|[from] item: Leftovers\n|upkeep\n|turn|3\n|inactive|Time left: 300 sec this turn | 300 sec total\n|\n|t:|1783574220\n|move|p2a: Drifblim|Strength Sap|p1a: Grimmsnarl\n|-unboost|p1a: Grimmsnarl|atk|1\n|-heal|p2a: Drifblim|396/396\n|move|p1a: Grimmsnarl|Spirit Break|p2a: Drifblim\n|-damage|p2a: Drifblim|293/396\n|-unboost|p2a: Drifblim|spa|1\n|\n|-heal|p1a: Grimmsnarl|80/100|[from] item: Leftovers\n|upkeep\n|turn|4\n|inactive|Time left: 300 sec this turn | 300 sec total\n|\n|t:|1783574221\n|move|p2a: Drifblim|Strength Sap|p1a: Grimmsnarl\n|-unboost|p1a: Grimmsnarl|atk|1\n|-heal|p2a: Drifblim|396/396\n|move|p1a: Grimmsnarl|Spirit Break|p2a: Drifblim\n|-damage|p2a: Drifblim|323/396\n|-unboost|p2a: Drifblim|spa|1\n|\n|-heal|p1a: Grimmsnarl|86/100|[from] item: Leftovers\n|upkeep\n|turn|5\n|inactive|Time left: 300 sec this turn | 300 sec total\n|\n|t:|1783574222\n|switch|p1a: Flutter Mane|Flutter Mane, L74|30/100\n|move|p2a: Drifblim|Strength Sap|p1a: Flutter Mane\n|-unboost|p1a: Flutter Mane|atk|1\n|-heal|p2a: Drifblim|396/396\n|\n|upkeep\n|turn|6\n|inactive|Time left: 300 sec this turn | 300 sec total\n|\n|t:|1783574223\n|move|p2a: Drifblim|Shadow Ball|p1a: Flutter Mane\n|-supereffective|p1a: Flutter Mane\n|-damage|p1a: Flutter Mane|0 fnt\n|faint|p1a: Flutter Mane\n|-end|p1a: Flutter Mane|Protosynthesis|[silent]\n|\n|upkeep\n|\n|t:|1783574223\n|switch|p1a: Palossand|Palossand, L89, M|100/100\n|turn|7\n|inactive|Time left: 300 sec this turn | 300 sec total\n|\n|t:|1783574224\n|switch|p2a: Arbok|Arbok, L87, M|246/246\n|-ability|p2a: Arbok|Intimidate|boost\n|-unboost|p1a: Palossand|atk|1\n|move|p1a: Palossand|Stealth Rock|p2a: Arbok\n|-sidestart|p2: p0y297285f4|move: Stealth Rock\n|\n|upkeep\n|turn|8\n|inactive|Time left: 300 sec this turn | 300 sec total\n|\n|t:|1783574225\n|move|p2a: Arbok|Gunk Shot|p1a: Palossand\n|-resisted|p1a: Palossand\n|-damage|p1a: Palossand|92/100\n|move|p1a: Palossand|Earth Power|p2a: Arbok\n|-supereffective|p2a: Arbok\n|-damage|p2a: Arbok|30/246\n|\n|-heal|p2a: Arbok|45/246|[from] item: Leftovers\n|-heal|p1a: Palossand|98/100|[from] item: Leftovers\n|upkeep\n|turn|9\n|inactive|Time left: 300 sec this turn | 300 sec total\n|\n|t:|1783574226\n|move|p2a: Arbok|Gunk Shot|p1a: Palossand\n|-resisted|p1a: Palossand\n|-damage|p1a: Palossand|90/100\n|move|p1a: Palossand|Shadow Ball|p2a: Arbok\n|-damage|p2a: Arbok|0 fnt\n|faint|p2a: Arbok\n|\n|-heal|p1a: Palossand|96/100|[from] item: Leftovers\n|upkeep\n|inactive|Time left: 300 sec this turn | 300 sec total | 5 sec grace\n|\n|t:|1783574227\n|switch|p2a: Scovillain|Scovillain, L91, M|266/266\n|turn|10\n|inactive|Time left: 300 sec this turn | 300 sec total\n|\n|t:|1783574228\n|move|p2a: Scovillain|Energy Ball|p1a: Palossand\n|-supereffective|p1a: Palossand\n|-damage|p1a: Palossand|4/100\n|move|p1a: Palossand|Shadow Ball|p2a: Scovillain\n|-damage|p2a: Scovillain|151/266\n|\n|-heal|p1a: Palossand|10/100|[from] item: Leftovers\n|upkeep\n|turn|11\n|inactive|Time left: 300 sec this turn | 300 sec total\n|\n|t:|1783574229\n|move|p2a: Scovillain|Fire Blast|p1a: Palossand\n|-damage|p1a: Palossand|0 fnt\n|faint|p1a: Palossand\n|\n|upkeep\n|\n|t:|1783574229\n|switch|p1a: Shaymin|Shaymin-Sky, L73|100/100\n|turn|12\n|inactive|Time left: 300 sec this turn | 300 sec total\n|\n|t:|1783574230\n|switch|p2a: Jolteon|Jolteon, L84, M|246/246\n|-damage|p2a: Jolteon|216/246|[from] Stealth Rock\n|move|p1a: Shaymin|Air Slash|p2a: Jolteon\n|-resisted|p2a: Jolteon\n|-damage|p2a: Jolteon|180/246\n|\n|upkeep\n|turn|13\n|inactive|Time left: 300 sec this turn | 300 sec total\n|\n|t:|1783574231\n|switch|p1a: Quagsire|Quagsire, L84, M|100/100\n|move|p2a: Jolteon|Calm Mind|p2a: Jolteon\n|-boost|p2a: Jolteon|spa|1\n|-boost|p2a: Jolteon|spd|1\n|\n|upkeep\n|turn|14\n|inactive|Time left: 300 sec this turn | 300 sec total\n|\n|t:|1783574232\n|switch|p2a: Drifblim|Drifblim, L86, F|396/396\n|-damage|p2a: Drifblim|297/396|[from] Stealth Rock\n|move|p1a: Quagsire|Earthquake|p2a: Drifblim\n|-immune|p2a: Drifblim\n|\n|upkeep\n|turn|15\n|inactive|Time left: 300 sec this turn | 300 sec total\n|\n|t:|1783574233\n|move|p2a: Drifblim|Calm Mind|p2a: Drifblim\n|-boost|p2a: Drifblim|spa|1\n|-boost|p2a: Drifblim|spd|1\n|move|p1a: Quagsire|Toxic|p2a: Drifblim\n|-status|p2a: Drifblim|tox\n|\n|-damage|p2a: Drifblim|273/396 tox|[from] psn\n|upkeep\n|turn|16\n|inactive|Time left: 300 sec this turn | 300 sec total\n|\n|t:|1783574234\n|move|p2a: Drifblim|Strength Sap|p1a: Quagsire\n|-unboost|p1a: Quagsire|atk|1\n|-heal|p2a: Drifblim|396/396 tox\n|move|p1a: Quagsire|Ice Beam|p2a: Drifblim\n|-supereffective|p2a: Drifblim\n|-damage|p2a: Drifblim|266/396 tox\n|\n|-damage|p2a: Drifblim|218/396 tox|[from] psn\n|upkeep\n|turn|17\n|inactive|Time left: 300 sec this turn | 300 sec total\n|\n|t:|1783574235\n|move|p2a: Drifblim|Strength Sap|p1a: Quagsire\n|-unboost|p1a: Quagsire|atk|1\n|-heal|p2a: Drifblim|345/396 tox\n|move|p1a: Quagsire|Ice Beam|p2a: Drifblim\n|-supereffective|p2a: Drifblim\n|-damage|p2a: Drifblim|223/396 tox\n|\n|-damage|p2a: Drifblim|151/396 tox|[from] psn\n|upkeep\n|turn|18\n|inactive|Time left: 300 sec this turn | 300 sec total\n|\n|t:|1783574236\n|move|p2a: Drifblim|Strength Sap|p1a: Quagsire\n|-unboost|p1a: Quagsire|atk|1\n|-heal|p2a: Drifblim|246/396 tox\n|move|p1a: Quagsire|Ice Beam|p2a: Drifblim\n|-supereffective|p2a: Drifblim\n|-damage|p2a: Drifblim|116/396 tox\n|\n|-damage|p2a: Drifblim|20/396 tox|[from] psn\n|upkeep\n|turn|19\n|inactive|Time left: 300 sec this turn | 300 sec total\n|\n|t:|1783574237\n|switch|p1a: Grimmsnarl|Grimmsnarl, L83, M|86/100\n|move|p2a: Drifblim|Air Slash|p1a: Grimmsnarl|[miss]\n|-miss|p2a: Drifblim|p1a: Grimmsnarl\n|\n|-heal|p1a: Grimmsnarl|92/100|[from] item: Leftovers\n|-damage|p2a: Drifblim|0 fnt|[from] psn\n|faint|p2a: Drifblim\n|upkeep\n|inactive|Time left: 300 sec this turn | 300 sec total | 5 sec grace\n|\n|t:|1783574238\n|switch|p2a: Scovillain|Scovillain, L91, M|151/266\n|turn|20\n|inactive|Time left: 300 sec this turn | 300 sec total\n|\n|t:|1783574239\n|move|p2a: Scovillain|Fire Blast|p1a: Grimmsnarl\n|-damage|p1a: Grimmsnarl|31/100\n|move|p1a: Grimmsnarl|Spirit Break|p2a: Scovillain\n|-resisted|p2a: Scovillain\n|-damage|p2a: Scovillain|100/266\n|-unboost|p2a: Scovillain|spa|1\n|\n|-heal|p1a: Grimmsnarl|37/100|[from] item: Leftovers\n|upkeep\n|turn|21\n|inactive|Time left: 300 sec this turn | 300 sec total\n|\n|t:|1783574240\n|move|p1a: Grimmsnarl|Sucker Punch|p2a: Scovillain\n|-damage|p2a: Scovillain|0 fnt\n|faint|p2a: Scovillain\n|\n|-heal|p1a: Grimmsnarl|44/100|[from] item: Leftovers\n|upkeep\n|inactive|Time left: 300 sec this turn | 300 sec total | 5 sec grace\n|\n|t:|1783574240\n|switch|p2a: Jolteon|Jolteon, L84, M|180/246\n|-damage|p2a: Jolteon|150/246|[from] Stealth Rock\n|turn|22\n|inactive|Time left: 300 sec this turn | 300 sec total\n|\n|t:|1783574241\n|switch|p1a: Quagsire|Quagsire, L84, M|100/100\n|move|p2a: Jolteon|Thunderbolt|p1a: Quagsire\n|-immune|p1a: Quagsire\n|\n|upkeep\n|turn|23\n|inactive|Time left: 300 sec this turn | 300 sec total\n|\n|t:|1783574242\n|switch|p2a: Jumpluff|Jumpluff, L87, M|271/271\n|-damage|p2a: Jumpluff|204/271|[from] Stealth Rock\n|move|p1a: Quagsire|Earthquake|p2a: Jumpluff\n|-immune|p2a: Jumpluff\n|\n|upkeep\n|turn|24\n|inactive|Time left: 300 sec this turn | 300 sec total\n|\n|t:|1783574243\n|move|p2a: Jumpluff|Leech Seed|p1a: Quagsire\n|-start|p1a: Quagsire|move: Leech Seed\n|move|p1a: Quagsire|Ice Beam|p2a: Jumpluff\n|-supereffective|p2a: Jumpluff\n|-damage|p2a: Jumpluff|40/271\n|\n|-damage|p1a: Quagsire|88/100|[from] Leech Seed|[of] p2a: Jumpluff\n|-heal|p2a: Jumpluff|77/271|[silent]\n|upkeep\n|turn|25\n|inactive|Time left: 300 sec this turn | 300 sec total\n|\n|t:|1783574244\n|move|p2a: Jumpluff|Strength Sap|p1a: Quagsire\n|-unboost|p1a: Quagsire|atk|1\n|-heal|p2a: Jumpluff|268/271\n|move|p1a: Quagsire|Ice Beam|p2a: Jumpluff\n|-supereffective|p2a: Jumpluff\n|-damage|p2a: Jumpluff|80/271\n|-status|p2a: Jumpluff|frz\n|\n|-heal|p1a: Quagsire|94/100|[from] item: Leftovers\n|-damage|p1a: Quagsire|82/100|[from] Leech Seed|[of] p2a: Jumpluff\n|-heal|p2a: Jumpluff|117/271 frz|[silent]\n|upkeep\n|turn|26\n|inactive|Time left: 300 sec this turn | 300 sec total\n|\n|t:|1783574245\n|switch|p1a: Grimmsnarl|Grimmsnarl, L83, M|44/100\n|-curestatus|p2a: Jumpluff|frz|[msg]\n|move|p2a: Jumpluff|Strength Sap|p1a: Grimmsnarl\n|-unboost|p1a: Grimmsnarl|atk|1\n|-heal|p2a: Jumpluff|271/271\n|\n|-heal|p1a: Grimmsnarl|50/100|[from] item: Leftovers\n|upkeep\n|turn|27\n|inactive|Time left: 300 sec this turn | 300 sec total\n|\n|t:|1783574247\n|switch|p1a: Quagsire|Quagsire, L84, M|82/100\n|move|p2a: Jumpluff|Acrobatics|p1a: Quagsire\n|-damage|p1a: Quagsire|54/100\n|\n|-heal|p1a: Quagsire|60/100|[from] item: Leftovers\n|upkeep\n|turn|28\n|inactive|Time left: 300 sec this turn | 300 sec total\n|\n|t:|1783574248\n|move|p2a: Jumpluff|Leech Seed|p1a: Quagsire\n|-start|p1a: Quagsire|move: Leech Seed\n|move|p1a: Quagsire|Ice Beam|p2a: Jumpluff\n|-supereffective|p2a: Jumpluff\n|-damage|p2a: Jumpluff|99/271\n|\n|-heal|p1a: Quagsire|66/100|[from] item: Leftovers\n|-damage|p1a: Quagsire|54/100|[from] Leech Seed|[of] p2a: Jumpluff\n|-heal|p2a: Jumpluff|136/271|[silent]\n|upkeep\n|turn|29\n|inactive|Time left: 300 sec this turn | 300 sec total\n|\n|t:|1783574249\n|move|p2a: Jumpluff|Strength Sap|p1a: Quagsire\n|-unboost|p1a: Quagsire|atk|1\n|-heal|p2a: Jumpluff|271/271\n|move|p1a: Quagsire|Ice Beam|p2a: Jumpluff\n|-supereffective|p2a: Jumpluff\n|-damage|p2a: Jumpluff|103/271\n|\n|-heal|p1a: Quagsire|60/100|[from] item: Leftovers\n|-damage|p1a: Quagsire|48/100|[from] Leech Seed|[of] p2a: Jumpluff\n|-heal|p2a: Jumpluff|140/271|[silent]\n|upkeep\n|turn|30\n|inactive|Time left: 300 sec this turn | 300 sec total\n|\n|t:|1783574250\n|move|p2a: Jumpluff|Strength Sap|p1a: Quagsire\n|-unboost|p1a: Quagsire|atk|1\n|-heal|p2a: Jumpluff|267/271\n|move|p1a: Quagsire|Ice Beam|p2a: Jumpluff\n|-supereffective|p2a: Jumpluff\n|-damage|p2a: Jumpluff|91/271\n|\n|-heal|p1a: Quagsire|54/100|[from] item: Leftovers\n|-damage|p1a: Quagsire|41/100|[from] Leech Seed|[of] p2a: Jumpluff\n|-heal|p2a: Jumpluff|128/271|[silent]\n|upkeep\n|turn|31\n|inactive|Time left: 300 sec this turn | 300 sec total\n|\n|t:|1783574251\n|move|p2a: Jumpluff|Strength Sap|p1a: Quagsire\n|-unboost|p1a: Quagsire|atk|1\n|-heal|p2a: Jumpluff|223/271\n|move|p1a: Quagsire|Ice Beam|p2a: Jumpluff\n|-supereffective|p2a: Jumpluff\n|-damage|p2a: Jumpluff|47/271\n|\n|-heal|p1a: Quagsire|47/100|[from] item: Leftovers\n|-damage|p1a: Quagsire|35/100|[from] Leech Seed|[of] p2a: Jumpluff\n|-heal|p2a: Jumpluff|84/271|[silent]\n|upkeep\n|turn|32\n|inactive|Time left: 300 sec this turn | 300 sec total\n|\n|t:|1783574252\n|move|p2a: Jumpluff|Strength Sap|p1a: Quagsire\n|-unboost|p1a: Quagsire|atk|1\n|-heal|p2a: Jumpluff|160/271\n|move|p1a: Quagsire|Ice Beam|p2a: Jumpluff\n|-supereffective|p2a: Jumpluff\n|-damage|p2a: Jumpluff|0 fnt\n|faint|p2a: Jumpluff\n|\n|-heal|p1a: Quagsire|41/100|[from] item: Leftovers\n|upkeep\n|inactive|Time left: 300 sec this turn | 300 sec total | 5 sec grace\n|\n|t:|1783574253\n|switch|p2a: Jolteon|Jolteon, L84, M|150/246\n|-damage|p2a: Jolteon|120/246|[from] Stealth Rock\n|turn|33\n|inactive|Time left: 300 sec this turn | 300 sec total\n|\n|t:|1783574254\n|switch|p1a: Duraludon|Duraludon, L82, M|100/100\n|move|p2a: Jolteon|Calm Mind|p2a: Jolteon\n|-boost|p2a: Jolteon|spa|1\n|-boost|p2a: Jolteon|spd|1\n|\n|upkeep\n|turn|34\n|inactive|Time left: 300 sec this turn | 300 sec total\n|\n|t:|1783574255\n|move|p2a: Jolteon|Alluring Voice|p1a: Duraludon\n|-damage|p1a: Duraludon|51/100\n|-damage|p2a: Jolteon|96/246|[from] item: Life Orb\n|move|p1a: Duraludon|Body Press|p2a: Jolteon\n|-damage|p2a: Jolteon|21/246\n|\n|upkeep\n|turn|35\n|inactive|Time left: 300 sec this turn | 300 sec total\n|\n|t:|1783574256\n|switch|p1a: Quagsire|Quagsire, L84, M|41/100\n|move|p2a: Jolteon|Thunderbolt|p1a: Quagsire\n|-immune|p1a: Quagsire\n|\n|-heal|p1a: Quagsire|47/100|[from] item: Leftovers\n|upkeep\n|turn|36\n|inactive|Time left: 300 sec this turn | 300 sec total\n|\n|t:|1783574257\n|move|p2a: Jolteon|Alluring Voice|p1a: Quagsire\n|-damage|p1a: Quagsire|15/100\n|-damage|p2a: Jolteon|0 fnt|[from] item: Life Orb\n|faint|p2a: Jolteon\n|move|p1a: Quagsire|Recover|p1a: Quagsire\n|-heal|p1a: Quagsire|65/100\n|\n|-heal|p1a: Quagsire|71/100|[from] item: Leftovers\n|upkeep\n|inactive|Time left: 300 sec this turn | 300 sec total | 5 sec grace\n|\n|t:|1783574258\n|switch|p2a: Kingdra|Kingdra, L84, M|263/263\n|-damage|p2a: Kingdra|231/263|[from] Stealth Rock\n|turn|37\n|inactive|Time left: 300 sec this turn | 300 sec total\n|\n|t:|1783574259\n|move|p2a: Kingdra|Draco Meteor|p1a: Quagsire\n|-damage|p1a: Quagsire|0 fnt\n|-unboost|p2a: Kingdra|spa|2\n|faint|p1a: Quagsire\n|-damage|p2a: Kingdra|205/263|[from] item: Life Orb\n|\n|upkeep\n|\n|t:|1783574260\n|switch|p1a: Duraludon|Duraludon, L82, M|51/100\n|turn|38\n|inactive|Time left: 300 sec this turn | 300 sec total\n|\n|t:|1783574261\n|-terastallize|p2a: Kingdra|Water\n|move|p2a: Kingdra|Hurricane|p1a: Duraludon\n|-resisted|p1a: Duraludon\n|-damage|p1a: Duraludon|41/100\n|-damage|p2a: Kingdra|179/263|[from] item: Life Orb\n|move|p1a: Duraludon|Draco Meteor|p2a: Kingdra\n|-damage|p2a: Kingdra|31/263\n|-unboost|p1a: Duraludon|spa|2\n|\n|upkeep\n|turn|39\n|inactive|Time left: 300 sec this turn | 300 sec total\n|\n|t:|1783574262\n|move|p2a: Kingdra|Rain Dance|p2a: Kingdra\n|-weather|RainDance\n|move|p1a: Duraludon|Draco Meteor|p2a: Kingdra\n|-damage|p2a: Kingdra|0 fnt\n|-unboost|p1a: Duraludon|spa|2\n|faint|p2a: Kingdra\n|\n|win|p0x2972986c", "uploadtime": 1783574262, "views": 0, "rating": 0, "private": 0, "password": null, "_winner": "p0x2972986c", "_our_name": "p0y297285f4"}