{"id": "battle-gen9randombattle-134", "formatid": "gen9randombattle", "format": "[Gen 9] Random Battle", "players": ["p0x13484c8", "p0y134aeab"], "log": "|init|battle\n|title|p0x13484c8 vs. p0y134aeab\n|j|\u2606p0x13484c8\n|j|\u2606p0y134aeab\n|t:|1783535286\n|gametype|singles\n|player|p1|p0x13484c8|1|\n|player|p2|p0y134aeab|2|\n|gen|9\n|tier|[Gen 9] Random Battle\n|rule|Species Clause: Limit one of each Pok\u00e9mon\n|rule|HP Percentage Mod: HP is shown in percentages\n|rule|Sleep Clause Mod: Limit one foe put to sleep\n|rule|Illusion Level Mod: Illusion disguises the Pok\u00e9mon's true level\n|\n|t:|1783535286\n|teamsize|p1|6\n|teamsize|p2|6\n|start\n|switch|p1a: Dunsparce|Dunsparce, L86, M|312/312\n|switch|p2a: Basculegion|Basculegion, L80, M|100/100\n|turn|1\n|inactive|Battle timer is ON: inactive players will automatically lose when time's up. (requested by p0y134aeab)\n|inactive|Time left: 300 sec this turn | 300 sec total | 60 sec grace\n|inactive|p0x13484c8 also wants the timer to be on.\n|\n|t:|1783535288\n|switch|p2a: Hariyama|Hariyama, L87, F|100/100\n|move|p1a: Dunsparce|Coil|p1a: Dunsparce\n|-boost|p1a: Dunsparce|atk|1\n|-boost|p1a: Dunsparce|def|1\n|-boost|p1a: Dunsparce|accuracy|1\n|\n|-status|p2a: Hariyama|brn|[from] item: Flame Orb\n|upkeep\n|turn|2\n|inactive|Time left: 300 sec this turn | 300 sec total\n|\n|t:|1783535289\n|move|p2a: Hariyama|Close Combat|p1a: Dunsparce\n|-supereffective|p1a: Dunsparce\n|-damage|p1a: Dunsparce|70/312\n|-unboost|p2a: Hariyama|def|1\n|-unboost|p2a: Hariyama|spd|1\n|move|p1a: Dunsparce|Earthquake|p2a: Hariyama\n|-damage|p2a: Hariyama|56/100 brn\n|\n|-damage|p2a: Hariyama|49/100 brn|[from] brn\n|upkeep\n|turn|3\n|inactive|Time left: 300 sec this turn | 300 sec total\n|\n|t:|1783535290\n|move|p2a: Hariyama|Facade|p1a: Dunsparce\n|-damage|p1a: Dunsparce|0 fnt\n|faint|p1a: Dunsparce\n|\n|-damage|p2a: Hariyama|43/100 brn|[from] brn\n|upkeep\n|inactive|Time left: 300 sec this turn | 300 sec total | 5 sec grace\n|\n|t:|1783535291\n|switch|p1a: Rampardos|Rampardos, L90, F|321/321\n|turn|4\n|inactive|Time left: 300 sec this turn | 300 sec total\n|\n|t:|1783535292\n|switch|p2a: Cresselia|Cresselia, L80, F|100/100\n|move|p1a: Rampardos|Earthquake|p2a: Cresselia\n|-immune|p2a: Cresselia|[from] ability: Levitate\n|\n|upkeep\n|turn|5\n|inactive|Time left: 300 sec this turn | 300 sec total\n|\n|t:|1783535293\n|move|p1a: Rampardos|Earthquake|p2a: Cresselia\n|-immune|p2a: Cresselia|[from] ability: Levitate\n|move|p2a: Cresselia|Calm Mind|p2a: Cresselia\n|-boost|p2a: Cresselia|spa|1\n|-boost|p2a: Cresselia|spd|1\n|\n|upkeep\n|turn|6\n|inactive|Time left: 300 sec this turn | 300 sec total\n|\n|t:|1783535294\n|switch|p1a: Iron Hands|Iron Hands, L79|373/373\n|move|p2a: Cresselia|Calm Mind|p2a: Cresselia\n|-boost|p2a: Cresselia|spa|1\n|-boost|p2a: Cresselia|spd|1\n|\n|upkeep\n|turn|7\n|inactive|Time left: 300 sec this turn | 300 sec total\n|\n|t:|1783535295\n|-terastallize|p1a: Iron Hands|Steel\n|move|p2a: Cresselia|Psyshock|p1a: Iron Hands\n|-resisted|p1a: Iron Hands\n|-damage|p1a: Iron Hands|312/373\n|move|p1a: Iron Hands|Swords Dance|p1a: Iron Hands\n|-boost|p1a: Iron Hands|atk|2\n|\n|-heal|p1a: Iron Hands|335/373|[from] item: Leftovers\n|upkeep\n|turn|8\n|inactive|Time left: 300 sec this turn | 300 sec total\n|\n|t:|1783535296\n|move|p2a: Cresselia|Moonblast|p1a: Iron Hands\n|-resisted|p1a: Iron Hands\n|-damage|p1a: Iron Hands|264/373\n|move|p1a: Iron Hands|Drain Punch|p2a: Cresselia\n|-resisted|p2a: Cresselia\n|-damage|p2a: Cresselia|75/100\n|-heal|p1a: Iron Hands|305/373|[from] drain|[of] p2a: Cresselia\n|\n|-heal|p2a: Cresselia|82/100|[from] item: Leftovers\n|-heal|p1a: Iron Hands|328/373|[from] item: Leftovers\n|upkeep\n|turn|9\n|inactive|Time left: 300 sec this turn | 300 sec total\n|\n|t:|1783535297\n|move|p2a: Cresselia|Moonlight|p2a: Cresselia\n|-heal|p2a: Cresselia|100/100\n|move|p1a: Iron Hands|Wild Charge|p2a: Cresselia\n|-damage|p2a: Cresselia|42/100\n|-damage|p1a: Iron Hands|281/373|[from] Recoil\n|\n|-heal|p2a: Cresselia|48/100|[from] item: Leftovers\n|-heal|p1a: Iron Hands|304/373|[from] item: Leftovers\n|upkeep\n|turn|10\n|inactive|Time left: 300 sec this turn | 300 sec total\n|\n|t:|1783535298\n|move|p2a: Cresselia|Moonlight|p2a: Cresselia\n|-heal|p2a: Cresselia|98/100\n|move|p1a: Iron Hands|Wild Charge|p2a: Cresselia\n|-damage|p2a: Cresselia|40/100\n|-damage|p1a: Iron Hands|257/373|[from] Recoil\n|\n|-heal|p2a: Cresselia|46/100|[from] item: Leftovers\n|-heal|p1a: Iron Hands|280/373|[from] item: Leftovers\n|upkeep\n|turn|11\n|inactive|Time left: 300 sec this turn | 300 sec total\n|\n|t:|1783535299\n|move|p2a: Cresselia|Moonlight|p2a: Cresselia\n|-heal|p2a: Cresselia|96/100\n|move|p1a: Iron Hands|Wild Charge|p2a: Cresselia\n|-damage|p2a: Cresselia|35/100\n|-damage|p1a: Iron Hands|230/373|[from] Recoil\n|\n|-heal|p2a: Cresselia|41/100|[from] item: Leftovers\n|-heal|p1a: Iron Hands|253/373|[from] item: Leftovers\n|upkeep\n|turn|12\n|inactive|Time left: 300 sec this turn | 300 sec total\n|\n|t:|1783535300\n|move|p2a: Cresselia|Moonlight|p2a: Cresselia\n|-heal|p2a: Cresselia|91/100\n|move|p1a: Iron Hands|Wild Charge|p2a: Cresselia\n|-damage|p2a: Cresselia|27/100\n|-damage|p1a: Iron Hands|201/373|[from] Recoil\n|\n|-heal|p2a: Cresselia|33/100|[from] item: Leftovers\n|-heal|p1a: Iron Hands|224/373|[from] item: Leftovers\n|upkeep\n|turn|13\n|inactive|Time left: 300 sec this turn | 300 sec total\n|\n|t:|1783535301\n|move|p2a: Cresselia|Moonlight|p2a: Cresselia\n|-heal|p2a: Cresselia|83/100\n|move|p1a: Iron Hands|Wild Charge|p2a: Cresselia\n|-damage|p2a: Cresselia|22/100\n|-damage|p1a: Iron Hands|175/373|[from] Recoil\n|\n|-heal|p2a: Cresselia|28/100|[from] item: Leftovers\n|-heal|p1a: Iron Hands|198/373|[from] item: Leftovers\n|upkeep\n|turn|14\n|inactive|Time left: 300 sec this turn | 300 sec total\n|\n|t:|1783535302\n|move|p2a: Cresselia|Moonlight|p2a: Cresselia\n|-heal|p2a: Cresselia|78/100\n|move|p1a: Iron Hands|Wild Charge|p2a: Cresselia\n|-damage|p2a: Cresselia|11/100\n|-damage|p1a: Iron Hands|144/373|[from] Recoil\n|\n|-heal|p2a: Cresselia|17/100|[from] item: Leftovers\n|-heal|p1a: Iron Hands|167/373|[from] item: Leftovers\n|upkeep\n|turn|15\n|inactive|Time left: 300 sec this turn | 300 sec total\n|\n|t:|1783535303\n|move|p2a: Cresselia|Moonlight|p2a: Cresselia\n|-heal|p2a: Cresselia|67/100\n|move|p1a: Iron Hands|Wild Charge|p2a: Cresselia\n|-damage|p2a: Cresselia|8/100\n|-damage|p1a: Iron Hands|119/373|[from] Recoil\n|\n|-heal|p2a: Cresselia|14/100|[from] item: Leftovers\n|-heal|p1a: Iron Hands|142/373|[from] item: Leftovers\n|upkeep\n|turn|16\n|inactive|Time left: 300 sec this turn | 300 sec total\n|\n|t:|1783535304\n|move|p2a: Cresselia|Moonblast|p1a: Iron Hands\n|-resisted|p1a: Iron Hands\n|-damage|p1a: Iron Hands|72/373\n|-unboost|p1a: Iron Hands|spa|1\n|move|p1a: Iron Hands|Drain Punch|p2a: Cresselia\n|-resisted|p2a: Cresselia\n|-damage|p2a: Cresselia|0 fnt\n|-heal|p1a: Iron Hands|94/373|[from] drain|[of] p2a: Cresselia\n|faint|p2a: Cresselia\n|\n|-heal|p1a: Iron Hands|117/373|[from] item: Leftovers\n|upkeep\n|\n|t:|1783535305\n|switch|p2a: Gumshoos|Gumshoos, L95, F|100/100\n|turn|17\n|inactive|Time left: 300 sec this turn | 300 sec total\n|\n|t:|1783535306\n|move|p2a: Gumshoos|Knock Off|p1a: Iron Hands\n|-damage|p1a: Iron Hands|0 fnt\n|-enditem|p1a: Iron Hands|Leftovers|[from] move: Knock Off|[of] p2a: Gumshoos\n|faint|p1a: Iron Hands\n|-end|p1a: Iron Hands|Quark Drive|[silent]\n|\n|upkeep\n|inactive|Time left: 300 sec this turn | 300 sec total | 5 sec grace\n|\n|t:|1783535307\n|switch|p1a: Iron Jugulis|Iron Jugulis, L77|271/271\n|turn|18\n|inactive|Time left: 300 sec this turn | 300 sec total\n|\n|t:|1783535308\n|move|p1a: Iron Jugulis|Meteor Beam||[still]\n|-prepare|p1a: Iron Jugulis|Meteor Beam\n|-boost|p1a: Iron Jugulis|spa|1\n|-enditem|p1a: Iron Jugulis|Power Herb\n|-anim|p1a: Iron Jugulis|Meteor Beam|p2a: Gumshoos\n|-damage|p2a: Gumshoos|54/100\n|move|p2a: Gumshoos|Knock Off|p1a: Iron Jugulis\n|-resisted|p1a: Iron Jugulis\n|-damage|p1a: Iron Jugulis|221/271\n|\n|upkeep\n|turn|19\n|inactive|Time left: 300 sec this turn | 300 sec total\n|\n|t:|1783535309\n|move|p1a: Iron Jugulis|Dark Pulse|p2a: Gumshoos\n|-damage|p2a: Gumshoos|10/100\n|cant|p2a: Gumshoos|flinch\n|\n|upkeep\n|turn|20\n|inactive|Time left: 300 sec this turn | 300 sec total\n|\n|t:|1783535310\n|move|p1a: Iron Jugulis|Dark Pulse|p2a: Gumshoos\n|-crit|p2a: Gumshoos\n|-damage|p2a: Gumshoos|0 fnt\n|faint|p2a: Gumshoos\n|\n|upkeep\n|\n|t:|1783535312\n|switch|p2a: Basculegion|Basculegion, L80, M|100/100\n|turn|21\n|inactive|Time left: 300 sec this turn | 300 sec total\n|\n|t:|1783535313\n|move|p1a: Iron Jugulis|Dark Pulse|p2a: Basculegion\n|-supereffective|p2a: Basculegion\n|-damage|p2a: Basculegion|33/100\n|move|p2a: Basculegion|Wave Crash|p1a: Iron Jugulis\n|-damage|p1a: Iron Jugulis|17/271\n|-damage|p2a: Basculegion|12/100|[from] Recoil\n|\n|upkeep\n|turn|22\n|inactive|Time left: 300 sec this turn | 300 sec total\n|\n|t:|1783535314\n|move|p2a: Basculegion|Aqua Jet|p1a: Iron Jugulis\n|-damage|p1a: Iron Jugulis|0 fnt\n|faint|p1a: Iron Jugulis\n|-end|p1a: Iron Jugulis|Quark Drive|[silent]\n|\n|upkeep\n|inactive|Time left: 300 sec this turn | 300 sec total | 5 sec grace\n|\n|t:|1783535315\n|switch|p1a: Rampardos|Rampardos, L90, F|321/321\n|turn|23\n|inactive|Time left: 300 sec this turn | 300 sec total\n|\n|t:|1783535316\n|move|p2a: Basculegion|Aqua Jet|p1a: Rampardos\n|-supereffective|p1a: Rampardos\n|-damage|p1a: Rampardos|185/321\n|move|p1a: Rampardos|Fire Punch|p2a: Basculegion\n|-resisted|p2a: Basculegion\n|-damage|p2a: Basculegion|0 fnt\n|faint|p2a: Basculegion\n|\n|upkeep\n|\n|t:|1783535316\n|switch|p2a: Golurk|Golurk, L87|100/100\n|turn|24\n|inactive|Time left: 300 sec this turn | 300 sec total\n|\n|t:|1783535318\n|move|p1a: Rampardos|Fire Punch|p2a: Golurk\n|-damage|p2a: Golurk|59/100\n|move|p2a: Golurk|Dynamic Punch|p1a: Rampardos\n|-supereffective|p1a: Rampardos\n|-damage|p1a: Rampardos|0 fnt\n|faint|p1a: Rampardos\n|-damage|p2a: Golurk|50/100|[from] item: Life Orb\n|\n|upkeep\n|inactive|Time left: 300 sec this turn | 300 sec total | 5 sec grace\n|\n|t:|1783535319\n|switch|p1a: Cramorant|Cramorant, L86, M|261/261\n|turn|25\n|inactive|Time left: 300 sec this turn | 300 sec total\n|\n|t:|1783535320\n|move|p1a: Cramorant|Surf|p2a: Golurk\n|-formechange|p1a: Cramorant|Cramorant-Gulping|\n|-supereffective|p2a: Golurk\n|-damage|p2a: Golurk|0 fnt\n|faint|p2a: Golurk\n|\n|upkeep\n|\n|t:|1783535321\n|switch|p2a: Hariyama|Hariyama, L87, F|43/100 brn\n|turn|26\n|inactive|Time left: 300 sec this turn | 300 sec total\n|\n|t:|1783535322\n|-terastallize|p2a: Hariyama|Normal\n|move|p1a: Cramorant|Brave Bird|p2a: Hariyama\n|-damage|p2a: Hariyama|6/100 brn\n|-damage|p1a: Cramorant|213/261|[from] Recoil\n|move|p2a: Hariyama|Facade|p1a: Cramorant\n|-crit|p1a: Cramorant\n|-damage|p1a: Cramorant|0 fnt\n|-damage|p2a: Hariyama|0 fnt|[from] ability: Gulp Missile|[of] p1a: Cramorant\n|-formechange|p1a: Cramorant|Cramorant|\n|faint|p1a: Cramorant\n|faint|p2a: Hariyama\n|\n|upkeep\n|inactive|Time left: 300 sec this turn | 300 sec total | 5 sec grace\n|\n|t:|1783535323\n|switch|p1a: Lucario|Lucario, L84, M|255/255\n|switch|p2a: Volbeat|Volbeat, L90, M|100/100\n|turn|27\n|inactive|Time left: 300 sec this turn | 300 sec total\n|\n|t:|1783535324\n|move|p2a: Volbeat|Lunge|p1a: Lucario\n|-resisted|p1a: Lucario\n|-damage|p1a: Lucario|233/255\n|-unboost|p1a: Lucario|atk|1\n|move|p1a: Lucario|Nasty Plot|p1a: Lucario\n|-boost|p1a: Lucario|spa|2\n|\n|upkeep\n|turn|28\n|inactive|Time left: 300 sec this turn | 300 sec total\n|\n|t:|1783535325\n|move|p2a: Volbeat|Encore|p1a: Lucario\n|-start|p1a: Lucario|Encore\n|move|p1a: Lucario|Nasty Plot|p1a: Lucario\n|-boost|p1a: Lucario|spa|2\n|\n|upkeep\n|turn|29\n|inactive|Time left: 300 sec this turn | 300 sec total\n|\n|t:|1783535325\n|move|p2a: Volbeat|Lunge|p1a: Lucario\n|-resisted|p1a: Lucario\n|-damage|p1a: Lucario|210/255\n|-unboost|p1a: Lucario|atk|1\n|move|p1a: Lucario|Nasty Plot|p1a: Lucario\n|-boost|p1a: Lucario|spa|2\n|\n|upkeep\n|turn|30\n|inactive|Time left: 300 sec this turn | 300 sec total\n|\n|t:|1783535327\n|move|p2a: Volbeat|Lunge|p1a: Lucario\n|-resisted|p1a: Lucario\n|-damage|p1a: Lucario|186/255\n|-unboost|p1a: Lucario|atk|1\n|move|p1a: Lucario|Nasty Plot|p1a: Lucario\n|-boost|p1a: Lucario|spa|0\n|\n|-end|p1a: Lucario|Encore\n|upkeep\n|turn|31\n|inactive|Time left: 300 sec this turn | 300 sec total\n|\n|t:|1783535328\n|move|p2a: Volbeat|Encore|p1a: Lucario\n|-start|p1a: Lucario|Encore\n|move|p1a: Lucario|Nasty Plot|p1a: Lucario\n|-boost|p1a: Lucario|spa|0\n|\n|upkeep\n|turn|32\n|inactive|Time left: 300 sec this turn | 300 sec total\n|\n|t:|1783535328\n|move|p2a: Volbeat|Lunge|p1a: Lucario\n|-resisted|p1a: Lucario\n|-crit|p1a: Lucario\n|-damage|p1a: Lucario|153/255\n|-unboost|p1a: Lucario|atk|1\n|move|p1a: Lucario|Nasty Plot|p1a: Lucario\n|-boost|p1a: Lucario|spa|0\n|\n|upkeep\n|turn|33\n|inactive|Time left: 300 sec this turn | 300 sec total\n|\n|t:|1783535329\n|move|p2a: Volbeat|Lunge|p1a: Lucario\n|-resisted|p1a: Lucario\n|-damage|p1a: Lucario|129/255\n|-unboost|p1a: Lucario|atk|1\n|move|p1a: Lucario|Nasty Plot|p1a: Lucario\n|-boost|p1a: Lucario|spa|0\n|\n|-end|p1a: Lucario|Encore\n|upkeep\n|turn|34\n|inactive|Time left: 300 sec this turn | 300 sec total\n|\n|t:|1783535330\n|move|p2a: Volbeat|Encore|p1a: Lucario\n|-start|p1a: Lucario|Encore\n|move|p1a: Lucario|Nasty Plot|p1a: Lucario\n|-boost|p1a: Lucario|spa|0\n|\n|upkeep\n|turn|35\n|inactive|Time left: 300 sec this turn | 300 sec total\n|\n|t:|1783535331\n|move|p2a: Volbeat|Thunder Wave|p1a: Lucario\n|-status|p1a: Lucario|par\n|cant|p1a: Lucario|par\n|\n|upkeep\n|turn|36\n|inactive|Time left: 300 sec this turn | 300 sec total\n|\n|t:|1783535332\n|move|p2a: Volbeat|Lunge|p1a: Lucario\n|-resisted|p1a: Lucario\n|-damage|p1a: Lucario|104/255 par\n|-unboost|p1a: Lucario|atk|1\n|move|p1a: Lucario|Nasty Plot|p1a: Lucario\n|-boost|p1a: Lucario|spa|0\n|\n|-end|p1a: Lucario|Encore\n|upkeep\n|turn|37\n|inactive|Time left: 300 sec this turn | 300 sec total\n|\n|t:|1783535333\n|move|p2a: Volbeat|Encore|p1a: Lucario\n|-start|p1a: Lucario|Encore\n|cant|p1a: Lucario|par\n|\n|upkeep\n|turn|38\n|inactive|Time left: 300 sec this turn | 300 sec total\n|\n|t:|1783535334\n|move|p2a: Volbeat|Lunge|p1a: Lucario\n|-resisted|p1a: Lucario\n|-damage|p1a: Lucario|83/255 par\n|move|p1a: Lucario|Nasty Plot|p1a: Lucario\n|-boost|p1a: Lucario|spa|0\n|\n|upkeep\n|turn|39\n|inactive|Time left: 300 sec this turn | 300 sec total\n|\n|t:|1783535335\n|move|p2a: Volbeat|Lunge|p1a: Lucario\n|-resisted|p1a: Lucario\n|-crit|p1a: Lucario\n|-damage|p1a: Lucario|50/255 par\n|move|p1a: Lucario|Nasty Plot|p1a: Lucario\n|-boost|p1a: Lucario|spa|0\n|\n|-end|p1a: Lucario|Encore\n|upkeep\n|turn|40\n|inactive|Time left: 300 sec this turn | 300 sec total\n|\n|t:|1783535335\n|move|p2a: Volbeat|Encore|p1a: Lucario\n|-start|p1a: Lucario|Encore\n|move|p1a: Lucario|Nasty Plot|p1a: Lucario\n|-boost|p1a: Lucario|spa|0\n|\n|upkeep\n|turn|41\n|inactive|Time left: 300 sec this turn | 300 sec total\n|\n|t:|1783535336\n|move|p2a: Volbeat|Lunge|p1a: Lucario\n|-resisted|p1a: Lucario\n|-damage|p1a: Lucario|26/255 par\n|move|p1a: Lucario|Nasty Plot|p1a: Lucario\n|-boost|p1a: Lucario|spa|0\n|\n|upkeep\n|turn|42\n|inactive|Time left: 300 sec this turn | 300 sec total\n|\n|t:|1783535337\n|move|p2a: Volbeat|Lunge|p1a: Lucario\n|-resisted|p1a: Lucario\n|-damage|p1a: Lucario|3/255 par\n|cant|p1a: Lucario|par\n|\n|-end|p1a: Lucario|Encore\n|upkeep\n|turn|43\n|inactive|Time left: 300 sec this turn | 300 sec total\n|\n|t:|1783535338\n|move|p2a: Volbeat|Lunge|p1a: Lucario\n|-resisted|p1a: Lucario\n|-damage|p1a: Lucario|0 fnt\n|faint|p1a: Lucario\n|\n|win|p0y134aeab", "uploadtime": 1783535338, "views": 0, "rating": 0, "private": 0, "password": null, "_winner": "p0y134aeab", "_our_name": "p0x13484c8"}