{"id": "battle-gen9randombattle-1238", "formatid": "gen9randombattle", "format": "[Gen 9] Random Battle", "players": ["p0x12381ff9", "p0y12384dbe"], "log": "|init|battle\n|title|p0x12381ff9 vs. p0y12384dbe\n|j|\u2606p0x12381ff9\n|j|\u2606p0y12384dbe\n|t:|1783553480\n|gametype|singles\n|player|p1|p0x12381ff9|265|\n|player|p2|p0y12384dbe|101|\n|gen|9\n|tier|[Gen 9] Random Battle\n|rule|Species Clause: Limit one of each Pok\u00e9mon\n|rule|HP Percentage Mod: HP is shown in percentages\n|rule|Sleep Clause Mod: Limit one foe put to sleep\n|rule|Illusion Level Mod: Illusion disguises the Pok\u00e9mon's true level\n|\n|t:|1783553480\n|teamsize|p1|6\n|teamsize|p2|6\n|start\n|switch|p1a: Zekrom|Zekrom, L71|100/100\n|switch|p2a: Porygon-Z|Porygon-Z, L83|277/277\n|-ability|p1a: Zekrom|Teravolt\n|turn|1\n|inactive|Battle timer is ON: inactive players will automatically lose when time's up. (requested by p0x12381ff9)\n|inactive|Time left: 300 sec this turn | 300 sec total | 60 sec grace\n|inactive|p0y12384dbe also wants the timer to be on.\n|\n|t:|1783553482\n|move|p2a: Porygon-Z|Tera Blast|p1a: Zekrom\n|-damage|p1a: Zekrom|18/100\n|-damage|p2a: Porygon-Z|250/277|[from] item: Life Orb\n|move|p1a: Zekrom|Outrage|p2a: Porygon-Z\n|-damage|p2a: Porygon-Z|90/277\n|\n|-heal|p1a: Zekrom|24/100|[from] item: Leftovers\n|upkeep\n|turn|2\n|inactive|Time left: 300 sec this turn | 300 sec total\n|\n|t:|1783553483\n|move|p2a: Porygon-Z|Shadow Ball|p1a: Zekrom\n|-damage|p1a: Zekrom|0 fnt\n|faint|p1a: Zekrom\n|-damage|p2a: Porygon-Z|63/277|[from] item: Life Orb\n|\n|upkeep\n|\n|t:|1783553484\n|switch|p1a: Vikavolt|Vikavolt, L83, M|100/100\n|turn|3\n|inactive|Time left: 300 sec this turn | 300 sec total\n|\n|t:|1783553485\n|move|p2a: Porygon-Z|Tera Blast|p1a: Vikavolt\n|-damage|p1a: Vikavolt|20/100\n|-damage|p2a: Porygon-Z|36/277|[from] item: Life Orb\n|move|p1a: Vikavolt|Sticky Web|p2a: Porygon-Z\n|-sidestart|p2: p0y12384dbe|move: Sticky Web\n|\n|upkeep\n|turn|4\n|inactive|Time left: 300 sec this turn | 300 sec total\n|\n|t:|1783553486\n|switch|p1a: Jirachi|Jirachi, L80|100/100\n|move|p2a: Porygon-Z|Tera Blast|p1a: Jirachi\n|-resisted|p1a: Jirachi\n|-damage|p1a: Jirachi|68/100\n|-damage|p2a: Porygon-Z|9/277|[from] item: Life Orb\n|\n|-heal|p1a: Jirachi|74/100|[from] item: Leftovers\n|upkeep\n|turn|5\n|inactive|Time left: 300 sec this turn | 300 sec total\n|\n|t:|1783553488\n|switch|p2a: Honchkrow|Honchkrow, L86, M|312/312\n|move|p1a: Jirachi|Body Slam|p2a: Honchkrow\n|-damage|p2a: Honchkrow|228/312\n|-status|p2a: Honchkrow|par\n|\n|-heal|p1a: Jirachi|81/100|[from] item: Leftovers\n|upkeep\n|turn|6\n|inactive|Time left: 300 sec this turn | 300 sec total\n|\n|t:|1783553489\n|switch|p2a: Sandy Shocks|Sandy Shocks, L80|267/267\n|move|p1a: Jirachi|Iron Head|p2a: Sandy Shocks\n|-resisted|p2a: Sandy Shocks\n|-damage|p2a: Sandy Shocks|228/267\n|\n|-heal|p1a: Jirachi|87/100|[from] item: Leftovers\n|upkeep\n|turn|7\n|inactive|Time left: 300 sec this turn | 300 sec total\n|\n|t:|1783553490\n|move|p2a: Sandy Shocks|Earth Power|p1a: Jirachi\n|-supereffective|p1a: Jirachi\n|-damage|p1a: Jirachi|15/100\n|move|p1a: Jirachi|Stealth Rock|p2a: Sandy Shocks\n|-sidestart|p2: p0y12384dbe|move: Stealth Rock\n|\n|-heal|p1a: Jirachi|21/100|[from] item: Leftovers\n|upkeep\n|turn|8\n|inactive|Time left: 300 sec this turn | 300 sec total\n|\n|t:|1783553491\n|switch|p1a: Vikavolt|Vikavolt, L83, M|20/100\n|move|p2a: Sandy Shocks|Thunderbolt|p1a: Vikavolt\n|-resisted|p1a: Vikavolt\n|-damage|p1a: Vikavolt|0 fnt\n|faint|p1a: Vikavolt\n|\n|upkeep\n|\n|t:|1783553492\n|switch|p1a: Okidogi|Okidogi, L77, M|100/100\n|turn|9\n|inactive|Time left: 300 sec this turn | 300 sec total\n|\n|t:|1783553493\n|move|p2a: Sandy Shocks|Earth Power|p1a: Okidogi\n|-supereffective|p1a: Okidogi\n|-damage|p1a: Okidogi|15/100\n|move|p1a: Okidogi|Knock Off|p2a: Sandy Shocks\n|-damage|p2a: Sandy Shocks|159/267\n|-enditem|p2a: Sandy Shocks|Heavy-Duty Boots|[from] move: Knock Off|[of] p1a: Okidogi\n|\n|-heal|p1a: Okidogi|21/100|[from] item: Leftovers\n|upkeep\n|turn|10\n|inactive|Time left: 300 sec this turn | 300 sec total\n|\n|t:|1783553494\n|switch|p1a: Urshifu|Urshifu, L74, F|100/100\n|move|p2a: Sandy Shocks|Earth Power|p1a: Urshifu\n|-damage|p1a: Urshifu|47/100\n|\n|upkeep\n|turn|11\n|inactive|Time left: 300 sec this turn | 300 sec total\n|\n|t:|1783553495\n|move|p1a: Urshifu|Close Combat|p2a: Sandy Shocks\n|-damage|p2a: Sandy Shocks|30/267\n|-unboost|p1a: Urshifu|def|1\n|-unboost|p1a: Urshifu|spd|1\n|move|p2a: Sandy Shocks|Thunderbolt|p1a: Urshifu\n|-damage|p1a: Urshifu|0 fnt\n|faint|p1a: Urshifu\n|\n|upkeep\n|\n|t:|1783553497\n|switch|p1a: Mandibuzz|Mandibuzz, L85, F|100/100\n|turn|12\n|inactive|Time left: 300 sec this turn | 300 sec total\n|\n|t:|1783553498\n|move|p2a: Sandy Shocks|Thunderbolt|p1a: Mandibuzz\n|-supereffective|p1a: Mandibuzz\n|-damage|p1a: Mandibuzz|45/100\n|move|p1a: Mandibuzz|Foul Play|p2a: Sandy Shocks\n|-damage|p2a: Sandy Shocks|0 fnt\n|faint|p2a: Sandy Shocks\n|-end|p2a: Sandy Shocks|Protosynthesis|[silent]\n|\n|upkeep\n|inactive|Time left: 300 sec this turn | 300 sec total | 5 sec grace\n|\n|t:|1783553499\n|switch|p2a: Honchkrow|Honchkrow, L86, M|228/312 par\n|turn|13\n|inactive|Time left: 300 sec this turn | 300 sec total\n|\n|t:|1783553500\n|move|p1a: Mandibuzz|Roost|p1a: Mandibuzz\n|-heal|p1a: Mandibuzz|95/100\n|-singleturn|p1a: Mandibuzz|move: Roost\n|cant|p2a: Honchkrow|par\n|\n|upkeep\n|turn|14\n|inactive|Time left: 300 sec this turn | 300 sec total\n|\n|t:|1783553501\n|move|p1a: Mandibuzz|Foul Play|p2a: Honchkrow\n|-resisted|p2a: Honchkrow\n|-damage|p2a: Honchkrow|138/312 par\n|move|p2a: Honchkrow|Brave Bird|p1a: Mandibuzz\n|-damage|p1a: Mandibuzz|52/100\n|-damage|p2a: Honchkrow|92/312 par|[from] Recoil\n|\n|upkeep\n|turn|15\n|inactive|Time left: 300 sec this turn | 300 sec total\n|\n|t:|1783553502\n|move|p1a: Mandibuzz|Roost|p1a: Mandibuzz\n|-heal|p1a: Mandibuzz|100/100\n|-singleturn|p1a: Mandibuzz|move: Roost\n|move|p2a: Honchkrow|Heat Wave|p1a: Mandibuzz\n|-damage|p1a: Mandibuzz|79/100\n|\n|upkeep\n|turn|16\n|inactive|Time left: 300 sec this turn | 300 sec total\n|\n|t:|1783553503\n|move|p1a: Mandibuzz|Foul Play|p2a: Honchkrow\n|-resisted|p2a: Honchkrow\n|-damage|p2a: Honchkrow|0 fnt\n|faint|p2a: Honchkrow\n|\n|upkeep\n|inactive|Time left: 300 sec this turn | 300 sec total | 5 sec grace\n|\n|t:|1783553504\n|switch|p2a: Luvdisc|Luvdisc, M|247/247\n|turn|17\n|inactive|Time left: 300 sec this turn | 300 sec total\n|\n|t:|1783553505\n|move|p2a: Luvdisc|Whirlpool|p1a: Mandibuzz|[miss]\n|-miss|p2a: Luvdisc|p1a: Mandibuzz\n|move|p1a: Mandibuzz|Toxic|p2a: Luvdisc\n|-status|p2a: Luvdisc|tox\n|\n|-damage|p2a: Luvdisc|232/247 tox|[from] psn\n|upkeep\n|turn|18\n|inactive|Time left: 300 sec this turn | 300 sec total\n|\n|t:|1783553506\n|move|p2a: Luvdisc|Whirlpool|p1a: Mandibuzz\n|-damage|p1a: Mandibuzz|71/100\n|-activate|p1a: Mandibuzz|move: Whirlpool|[of] p2a: Luvdisc\n|move|p1a: Mandibuzz|Roost|p1a: Mandibuzz\n|-heal|p1a: Mandibuzz|100/100\n|-singleturn|p1a: Mandibuzz|move: Roost\n|\n|-damage|p2a: Luvdisc|202/247 tox|[from] psn\n|-damage|p1a: Mandibuzz|88/100|[from] move: Whirlpool|[partiallytrapped]\n|upkeep\n|turn|19\n|inactive|Time left: 300 sec this turn | 300 sec total\n|\n|t:|1783553507\n|switch|p2a: Dragalge|Dragalge, L88, F|258/258\n|-activate|p2a: Dragalge|move: Sticky Web\n|-unboost|p2a: Dragalge|spe|1\n|-damage|p2a: Dragalge|226/258|[from] Stealth Rock\n|move|p1a: Mandibuzz|Foul Play|p2a: Dragalge\n|-damage|p2a: Dragalge|166/258\n|\n|-heal|p2a: Dragalge|182/258|[from] item: Leftovers\n|-end|p1a: Mandibuzz|Whirlpool|[partiallytrapped]|[silent]\n|upkeep\n|turn|20\n|inactive|Time left: 300 sec this turn | 300 sec total\n|\n|t:|1783553508\n|move|p1a: Mandibuzz|Foul Play|p2a: Dragalge\n|-damage|p2a: Dragalge|124/258\n|move|p2a: Dragalge|Sludge Wave|p1a: Mandibuzz\n|-damage|p1a: Mandibuzz|44/100\n|\n|-heal|p2a: Dragalge|140/258|[from] item: Leftovers\n|upkeep\n|turn|21\n|inactive|Time left: 300 sec this turn | 300 sec total\n|\n|t:|1783553509\n|move|p1a: Mandibuzz|Roost|p1a: Mandibuzz\n|-heal|p1a: Mandibuzz|94/100\n|-singleturn|p1a: Mandibuzz|move: Roost\n|move|p2a: Dragalge|Focus Blast|p1a: Mandibuzz\n|-supereffective|p1a: Mandibuzz\n|-damage|p1a: Mandibuzz|37/100\n|\n|-heal|p2a: Dragalge|156/258|[from] item: Leftovers\n|upkeep\n|turn|22\n|inactive|Time left: 300 sec this turn | 300 sec total\n|\n|t:|1783553510\n|move|p1a: Mandibuzz|Roost|p1a: Mandibuzz\n|-heal|p1a: Mandibuzz|87/100\n|-singleturn|p1a: Mandibuzz|move: Roost\n|move|p2a: Dragalge|Sludge Wave|p1a: Mandibuzz\n|-damage|p1a: Mandibuzz|45/100\n|\n|-heal|p2a: Dragalge|172/258|[from] item: Leftovers\n|upkeep\n|turn|23\n|inactive|Time left: 300 sec this turn | 300 sec total\n|\n|t:|1783553511\n|move|p1a: Mandibuzz|Roost|p1a: Mandibuzz\n|-heal|p1a: Mandibuzz|95/100\n|-singleturn|p1a: Mandibuzz|move: Roost\n|move|p2a: Dragalge|Sludge Wave|p1a: Mandibuzz\n|-damage|p1a: Mandibuzz|56/100\n|\n|-heal|p2a: Dragalge|188/258|[from] item: Leftovers\n|upkeep\n|turn|24\n|inactive|Time left: 300 sec this turn | 300 sec total\n|\n|t:|1783553512\n|move|p1a: Mandibuzz|Roost|p1a: Mandibuzz\n|-heal|p1a: Mandibuzz|100/100\n|-singleturn|p1a: Mandibuzz|move: Roost\n|move|p2a: Dragalge|Sludge Wave|p1a: Mandibuzz\n|-crit|p1a: Mandibuzz\n|-damage|p1a: Mandibuzz|33/100\n|\n|-heal|p2a: Dragalge|204/258|[from] item: Leftovers\n|upkeep\n|turn|25\n|inactive|Time left: 300 sec this turn | 300 sec total\n|\n|t:|1783553512\n|move|p1a: Mandibuzz|Roost|p1a: Mandibuzz\n|-heal|p1a: Mandibuzz|83/100\n|-singleturn|p1a: Mandibuzz|move: Roost\n|move|p2a: Dragalge|Focus Blast|p1a: Mandibuzz|[miss]\n|-miss|p2a: Dragalge|p1a: Mandibuzz\n|\n|-heal|p2a: Dragalge|220/258|[from] item: Leftovers\n|upkeep\n|turn|26\n|inactive|Time left: 300 sec this turn | 300 sec total\n|\n|t:|1783553513\n|switch|p1a: Jirachi|Jirachi, L80|21/100\n|move|p2a: Dragalge|Focus Blast|p1a: Jirachi\n|-damage|p1a: Jirachi|0 fnt\n|faint|p1a: Jirachi\n|\n|-heal|p2a: Dragalge|236/258|[from] item: Leftovers\n|upkeep\n|\n|t:|1783553514\n|switch|p1a: Mandibuzz|Mandibuzz, L85, F|83/100\n|turn|27\n|inactive|Time left: 300 sec this turn | 300 sec total\n|\n|t:|1783553515\n|move|p1a: Mandibuzz|Foul Play|p2a: Dragalge\n|-damage|p2a: Dragalge|178/258\n|move|p2a: Dragalge|Sludge Wave|p1a: Mandibuzz\n|-damage|p1a: Mandibuzz|40/100\n|\n|-heal|p2a: Dragalge|194/258|[from] item: Leftovers\n|upkeep\n|turn|28\n|inactive|Time left: 300 sec this turn | 300 sec total\n|\n|t:|1783553516\n|-terastallize|p1a: Mandibuzz|Steel\n|move|p1a: Mandibuzz|Foul Play|p2a: Dragalge\n|-damage|p2a: Dragalge|130/258\n|move|p2a: Dragalge|Sludge Wave|p1a: Mandibuzz\n|-immune|p1a: Mandibuzz\n|\n|-heal|p2a: Dragalge|146/258|[from] item: Leftovers\n|upkeep\n|turn|29\n|inactive|Time left: 300 sec this turn | 300 sec total\n|\n|t:|1783553517\n|-terastallize|p2a: Dragalge|Fighting\n|move|p1a: Mandibuzz|Foul Play|p2a: Dragalge\n|-resisted|p2a: Dragalge\n|-damage|p2a: Dragalge|113/258\n|move|p2a: Dragalge|Focus Blast|p1a: Mandibuzz\n|-supereffective|p1a: Mandibuzz\n|-damage|p1a: Mandibuzz|0 fnt\n|faint|p1a: Mandibuzz\n|\n|-heal|p2a: Dragalge|129/258|[from] item: Leftovers\n|upkeep\n|\n|t:|1783553518\n|switch|p1a: Okidogi|Okidogi, L77, M|21/100\n|turn|30\n|inactive|Time left: 300 sec this turn | 300 sec total\n|\n|t:|1783553518\n|move|p1a: Okidogi|Drain Punch|p2a: Dragalge\n|-damage|p2a: Dragalge|47/258\n|-heal|p1a: Okidogi|37/100|[from] drain|[of] p2a: Dragalge\n|move|p2a: Dragalge|Draco Meteor|p1a: Okidogi\n|-damage|p1a: Okidogi|0 fnt\n|-unboost|p2a: Dragalge|spa|2\n|faint|p1a: Okidogi\n|\n|win|p0y12384dbe", "uploadtime": 1783553518, "views": 0, "rating": 0, "private": 0, "password": null, "_winner": "p0y12384dbe", "_our_name": "p0y12384dbe"}