{"id": "battle-gen9randombattle-41", "formatid": "gen9randombattle", "format": "[Gen 9] Random Battle", "players": ["p0x041d367", "p0y0410d9a"], "log": "|init|battle\n|title|p0x041d367 vs. p0y0410d9a\n|j|\u2606p0x041d367\n|j|\u2606p0y0410d9a\n|t:|1783539652\n|gametype|singles\n|player|p1|p0x041d367|170|\n|player|p2|p0y0410d9a|101|\n|gen|9\n|tier|[Gen 9] Random Battle\n|rule|Species Clause: Limit one of each Pok\u00e9mon\n|rule|HP Percentage Mod: HP is shown in percentages\n|rule|Sleep Clause Mod: Limit one foe put to sleep\n|rule|Illusion Level Mod: Illusion disguises the Pok\u00e9mon's true level\n|\n|t:|1783539652\n|teamsize|p1|6\n|teamsize|p2|6\n|start\n|switch|p1a: Arbok|Arbok, L87, M|246/246\n|switch|p2a: Munkidori|Munkidori, L79, M|100/100\n|-ability|p1a: Arbok|Intimidate|boost\n|-unboost|p2a: Munkidori|atk|1\n|turn|1\n|inactive|Battle timer is ON: inactive players will automatically lose when time's up. (requested by p0x041d367)\n|inactive|p0y0410d9a also wants the timer to be on.\n|\n|t:|1783539653\n|-terastallize|p1a: Arbok|Ground\n|move|p2a: Munkidori|Psyshock|p1a: Arbok\n|-damage|p1a: Arbok|104/246\n|-damage|p2a: Munkidori|91/100|[from] item: Life Orb\n|move|p1a: Arbok|Earthquake|p2a: Munkidori\n|-supereffective|p2a: Munkidori\n|-crit|p2a: Munkidori\n|-damage|p2a: Munkidori|0 fnt\n|faint|p2a: Munkidori\n|\n|-heal|p1a: Arbok|119/246|[from] item: Leftovers\n|upkeep\n|\n|t:|1783539655\n|switch|p2a: Terrakion|Terrakion, L79|100/100\n|turn|2\n|inactive|Time left: 300 sec this turn | 300 sec total\n|\n|t:|1783539656\n|move|p2a: Terrakion|Close Combat|p1a: Arbok\n|-damage|p1a: Arbok|0 fnt\n|-unboost|p2a: Terrakion|def|1\n|-unboost|p2a: Terrakion|spd|1\n|faint|p1a: Arbok\n|-damage|p2a: Terrakion|91/100|[from] item: Life Orb\n|\n|upkeep\n|inactive|Time left: 300 sec this turn | 300 sec total | 5 sec grace\n|\n|t:|1783539657\n|switch|p1a: Zacian|Zacian, L69|241/241\n|-ability|p1a: Zacian|Intrepid Sword|boost\n|-boost|p1a: Zacian|atk|1\n|turn|3\n|inactive|Time left: 300 sec this turn | 300 sec total\n|\n|t:|1783539658\n|switch|p2a: Venusaur|Venusaur, L84, M|100/100\n|move|p1a: Zacian|Play Rough|p2a: Venusaur\n|-resisted|p2a: Venusaur\n|-damage|p2a: Venusaur|73/100\n|-damage|p1a: Zacian|217/241|[from] item: Life Orb\n|\n|-heal|p2a: Venusaur|80/100|[from] item: Leftovers\n|upkeep\n|turn|4\n|inactive|Time left: 300 sec this turn | 300 sec total\n|\n|t:|1783539659\n|switch|p1a: Greedent|Greedent, L86, F|347/347\n|move|p2a: Venusaur|Sludge Bomb|p1a: Greedent\n|-damage|p1a: Greedent|230/347\n|-status|p1a: Greedent|psn\n|\n|-heal|p2a: Venusaur|86/100|[from] item: Leftovers\n|-damage|p1a: Greedent|187/347 psn|[from] psn\n|upkeep\n|turn|5\n|inactive|Time left: 300 sec this turn | 300 sec total\n|\n|t:|1783539660\n|move|p2a: Venusaur|Leech Seed|p1a: Greedent\n|-start|p1a: Greedent|move: Leech Seed\n|move|p1a: Greedent|Knock Off|p2a: Venusaur\n|-damage|p2a: Venusaur|60/100\n|-enditem|p2a: Venusaur|Leftovers|[from] move: Knock Off|[of] p1a: Greedent\n|\n|-damage|p1a: Greedent|144/347 psn|[from] Leech Seed|[of] p2a: Venusaur\n|-heal|p2a: Venusaur|76/100|[silent]\n|-damage|p1a: Greedent|101/347 psn|[from] psn\n|upkeep\n|-enditem|p1a: Greedent|Sitrus Berry|[eat]\n|-heal|p1a: Greedent|187/347 psn|[from] item: Sitrus Berry\n|-heal|p1a: Greedent|302/347 psn|[from] ability: Cheek Pouch\n|turn|6\n|inactive|Time left: 300 sec this turn | 300 sec total\n|\n|t:|1783539661\n|switch|p1a: Rotom|Rotom-Fan, L86|226/226\n|move|p2a: Venusaur|Sludge Bomb|p1a: Rotom\n|-damage|p1a: Rotom|148/226\n|\n|upkeep\n|turn|7\n|inactive|Time left: 300 sec this turn | 300 sec total\n|\n|t:|1783539661\n|move|p1a: Rotom|Air Slash|p2a: Venusaur\n|-supereffective|p2a: Venusaur\n|-damage|p2a: Venusaur|21/100\n|move|p2a: Venusaur|Sludge Bomb|p1a: Rotom\n|-damage|p1a: Rotom|69/226\n|\n|upkeep\n|turn|8\n|inactive|Time left: 300 sec this turn | 300 sec total\n|\n|t:|1783539663\n|move|p1a: Rotom|Air Slash|p2a: Venusaur\n|-supereffective|p2a: Venusaur\n|-damage|p2a: Venusaur|0 fnt\n|faint|p2a: Venusaur\n|\n|upkeep\n|\n|t:|1783539664\n|switch|p2a: Terrakion|Terrakion, L79|91/100\n|turn|9\n|inactive|Time left: 300 sec this turn | 300 sec total\n|\n|t:|1783539665\n|switch|p1a: Tauros|Tauros-Paldea-Combat, L82, M|257/257\n|-ability|p1a: Tauros|Intimidate|boost\n|-unboost|p2a: Terrakion|atk|1\n|move|p2a: Terrakion|Stone Edge|p1a: Tauros\n|-resisted|p1a: Tauros\n|-damage|p1a: Tauros|212/257\n|-damage|p2a: Terrakion|81/100|[from] item: Life Orb\n|\n|upkeep\n|turn|10\n|inactive|Time left: 300 sec this turn | 300 sec total\n|\n|t:|1783539665\n|switch|p2a: Hippowdon|Hippowdon, L82, M|100/100\n|-weather|Sandstorm|[from] ability: Sand Stream|[of] p2a: Hippowdon\n|move|p1a: Tauros|Close Combat|p2a: Hippowdon\n|-damage|p2a: Hippowdon|53/100\n|-unboost|p1a: Tauros|def|1\n|-unboost|p1a: Tauros|spd|1\n|\n|-weather|Sandstorm|[upkeep]\n|-damage|p1a: Tauros|196/257|[from] Sandstorm\n|-heal|p2a: Hippowdon|59/100|[from] item: Leftovers\n|upkeep\n|turn|11\n|inactive|Time left: 300 sec this turn | 300 sec total\n|\n|t:|1783539666\n|move|p1a: Tauros|Close Combat|p2a: Hippowdon\n|-damage|p2a: Hippowdon|10/100\n|-unboost|p1a: Tauros|def|1\n|-unboost|p1a: Tauros|spd|1\n|move|p2a: Hippowdon|Earthquake|p1a: Tauros\n|-damage|p1a: Tauros|0 fnt\n|faint|p1a: Tauros\n|\n|-weather|Sandstorm|[upkeep]\n|-heal|p2a: Hippowdon|17/100|[from] item: Leftovers\n|upkeep\n|inactive|Time left: 300 sec this turn | 300 sec total | 5 sec grace\n|\n|t:|1783539667\n|switch|p1a: Zacian|Zacian, L69|217/241\n|turn|12\n|inactive|Time left: 300 sec this turn | 300 sec total\n|\n|t:|1783539668\n|move|p1a: Zacian|Close Combat|p2a: Hippowdon\n|-damage|p2a: Hippowdon|0 fnt\n|-unboost|p1a: Zacian|def|1\n|-unboost|p1a: Zacian|spd|1\n|faint|p2a: Hippowdon\n|-damage|p1a: Zacian|193/241|[from] item: Life Orb\n|\n|-weather|Sandstorm|[upkeep]\n|-damage|p1a: Zacian|178/241|[from] Sandstorm\n|upkeep\n|\n|t:|1783539669\n|switch|p2a: Cetitan|Cetitan, L82, F|100/100\n|turn|13\n|inactive|Time left: 300 sec this turn | 300 sec total\n|\n|t:|1783539670\n|move|p1a: Zacian|Close Combat|p2a: Cetitan\n|-supereffective|p2a: Cetitan\n|-damage|p2a: Cetitan|48/100\n|-unboost|p1a: Zacian|def|1\n|-unboost|p1a: Zacian|spd|1\n|-damage|p1a: Zacian|154/241|[from] item: Life Orb\n|move|p2a: Cetitan|Liquidation|p1a: Zacian\n|-damage|p1a: Zacian|0 fnt\n|faint|p1a: Zacian\n|\n|-weather|Sandstorm|[upkeep]\n|-damage|p2a: Cetitan|42/100|[from] Sandstorm\n|upkeep\n|inactive|Time left: 300 sec this turn | 300 sec total | 5 sec grace\n|\n|t:|1783539670\n|switch|p1a: Greedent|Greedent, L86, F|302/347 psn\n|turn|14\n|inactive|Time left: 300 sec this turn | 300 sec total\n|\n|t:|1783539671\n|move|p2a: Cetitan|Icicle Crash|p1a: Greedent\n|-damage|p1a: Greedent|154/347 psn\n|move|p1a: Greedent|Double-Edge|p2a: Cetitan\n|-damage|p2a: Cetitan|5/100\n|-damage|p1a: Greedent|104/347 psn|[from] Recoil\n|\n|-weather|none\n|-damage|p1a: Greedent|61/347 psn|[from] psn\n|upkeep\n|turn|15\n|inactive|Time left: 300 sec this turn | 300 sec total\n|\n|t:|1783539672\n|move|p2a: Cetitan|Icicle Crash|p1a: Greedent\n|-damage|p1a: Greedent|0 fnt\n|faint|p1a: Greedent\n|\n|upkeep\n|inactive|Time left: 300 sec this turn | 300 sec total | 5 sec grace\n|\n|t:|1783539673\n|switch|p1a: Rotom|Rotom-Fan, L86|69/226\n|turn|16\n|inactive|Time left: 300 sec this turn | 300 sec total\n|\n|t:|1783539674\n|move|p2a: Cetitan|Ice Shard|p1a: Rotom\n|-supereffective|p1a: Rotom\n|-damage|p1a: Rotom|0 fnt\n|faint|p1a: Rotom\n|-damage|p2a: Cetitan|0 fnt|[from] item: Life Orb\n|faint|p2a: Cetitan\n|\n|upkeep\n|inactive|Time left: 300 sec this turn | 300 sec total | 5 sec grace\n|\n|t:|1783539675\n|switch|p1a: Dipplin|Dipplin, L88, M|284/284\n|switch|p2a: Terrakion|Terrakion, L79|81/100\n|turn|17\n|inactive|Time left: 300 sec this turn | 300 sec total\n|\n|t:|1783539676\n|switch|p2a: Scream Tail|Scream Tail, L84|100/100\n|move|p1a: Dipplin|Giga Drain|p2a: Scream Tail\n|-damage|p2a: Scream Tail|80/100\n|\n|-heal|p2a: Scream Tail|87/100|[from] item: Leftovers\n|upkeep\n|turn|18\n|inactive|Time left: 300 sec this turn | 300 sec total\n|\n|t:|1783539677\n|move|p2a: Scream Tail|Wish|p2a: Scream Tail\n|move|p1a: Dipplin|Giga Drain|p2a: Scream Tail\n|-damage|p2a: Scream Tail|64/100\n|\n|-heal|p2a: Scream Tail|70/100|[from] item: Leftovers\n|upkeep\n|turn|19\n|inactive|Time left: 300 sec this turn | 300 sec total\n|\n|t:|1783539678\n|move|p2a: Scream Tail|Play Rough|p1a: Dipplin\n|-supereffective|p1a: Dipplin\n|-damage|p1a: Dipplin|206/284\n|move|p1a: Dipplin|Giga Drain|p2a: Scream Tail\n|-crit|p2a: Scream Tail\n|-damage|p2a: Scream Tail|39/100\n|-heal|p1a: Dipplin|259/284|[from] drain|[of] p2a: Scream Tail\n|\n|-heal|p2a: Scream Tail|89/100|[from] move: Wish|[wisher] Scream Tail\n|-heal|p2a: Scream Tail|95/100|[from] item: Leftovers\n|upkeep\n|turn|20\n|inactive|Time left: 300 sec this turn | 300 sec total\n|\n|t:|1783539679\n|move|p2a: Scream Tail|Play Rough|p1a: Dipplin\n|-supereffective|p1a: Dipplin\n|-damage|p1a: Dipplin|185/284\n|move|p1a: Dipplin|Recover|p1a: Dipplin\n|-heal|p1a: Dipplin|284/284\n|\n|-heal|p2a: Scream Tail|100/100|[from] item: Leftovers\n|upkeep\n|turn|21\n|inactive|Time left: 300 sec this turn | 300 sec total\n|\n|t:|1783539680\n|move|p2a: Scream Tail|Play Rough|p1a: Dipplin\n|-supereffective|p1a: Dipplin\n|-damage|p1a: Dipplin|210/284\n|move|p1a: Dipplin|Giga Drain|p2a: Scream Tail\n|-damage|p2a: Scream Tail|80/100\n|-heal|p1a: Dipplin|243/284|[from] drain|[of] p2a: Scream Tail\n|\n|-heal|p2a: Scream Tail|87/100|[from] item: Leftovers\n|upkeep\n|turn|22\n|inactive|Time left: 300 sec this turn | 300 sec total\n|\n|t:|1783539681\n|move|p2a: Scream Tail|Wish|p2a: Scream Tail\n|move|p1a: Dipplin|Giga Drain|p2a: Scream Tail\n|-damage|p2a: Scream Tail|67/100\n|-heal|p1a: Dipplin|275/284|[from] drain|[of] p2a: Scream Tail\n|\n|-heal|p2a: Scream Tail|73/100|[from] item: Leftovers\n|upkeep\n|turn|23\n|inactive|Time left: 300 sec this turn | 300 sec total\n|\n|t:|1783539682\n|move|p2a: Scream Tail|Play Rough|p1a: Dipplin|[miss]\n|-miss|p2a: Scream Tail|p1a: Dipplin\n|move|p1a: Dipplin|Giga Drain|p2a: Scream Tail\n|-damage|p2a: Scream Tail|51/100\n|-heal|p1a: Dipplin|284/284|[from] drain|[of] p2a: Scream Tail\n|\n|-heal|p2a: Scream Tail|100/100|[from] move: Wish|[wisher] Scream Tail\n|upkeep\n|turn|24\n|inactive|Time left: 300 sec this turn | 300 sec total\n|\n|t:|1783539684\n|move|p2a: Scream Tail|Play Rough|p1a: Dipplin\n|-supereffective|p1a: Dipplin\n|-damage|p1a: Dipplin|210/284\n|move|p1a: Dipplin|Giga Drain|p2a: Scream Tail\n|-damage|p2a: Scream Tail|79/100\n|-heal|p1a: Dipplin|245/284|[from] drain|[of] p2a: Scream Tail\n|\n|-heal|p2a: Scream Tail|85/100|[from] item: Leftovers\n|upkeep\n|turn|25\n|inactive|Time left: 300 sec this turn | 300 sec total\n|\n|t:|1783539685\n|move|p2a: Scream Tail|Play Rough|p1a: Dipplin\n|-supereffective|p1a: Dipplin\n|-crit|p1a: Dipplin\n|-damage|p1a: Dipplin|129/284\n|-unboost|p1a: Dipplin|atk|1\n|move|p1a: Dipplin|Recover|p1a: Dipplin\n|-heal|p1a: Dipplin|271/284\n|\n|-heal|p2a: Scream Tail|91/100|[from] item: Leftovers\n|upkeep\n|turn|26\n|inactive|Time left: 300 sec this turn | 300 sec total\n|\n|t:|1783539686\n|move|p2a: Scream Tail|Play Rough|p1a: Dipplin\n|-supereffective|p1a: Dipplin\n|-damage|p1a: Dipplin|199/284\n|-unboost|p1a: Dipplin|atk|1\n|move|p1a: Dipplin|Giga Drain|p2a: Scream Tail\n|-damage|p2a: Scream Tail|72/100\n|-heal|p1a: Dipplin|231/284|[from] drain|[of] p2a: Scream Tail\n|\n|-heal|p2a: Scream Tail|78/100|[from] item: Leftovers\n|upkeep\n|turn|27\n|inactive|Time left: 300 sec this turn | 300 sec total\n|\n|t:|1783539687\n|move|p2a: Scream Tail|Wish|p2a: Scream Tail\n|move|p1a: Dipplin|Giga Drain|p2a: Scream Tail\n|-damage|p2a: Scream Tail|58/100\n|-heal|p1a: Dipplin|265/284|[from] drain|[of] p2a: Scream Tail\n|\n|-heal|p2a: Scream Tail|64/100|[from] item: Leftovers\n|upkeep\n|turn|28\n|inactive|Time left: 300 sec this turn | 300 sec total\n|\n|t:|1783539688\n|move|p2a: Scream Tail|Play Rough|p1a: Dipplin\n|-supereffective|p1a: Dipplin\n|-damage|p1a: Dipplin|181/284\n|move|p1a: Dipplin|Recover|p1a: Dipplin\n|-heal|p1a: Dipplin|284/284\n|\n|-heal|p2a: Scream Tail|100/100|[from] move: Wish|[wisher] Scream Tail\n|upkeep\n|turn|29\n|inactive|Time left: 300 sec this turn | 300 sec total\n|\n|t:|1783539689\n|move|p2a: Scream Tail|Play Rough|p1a: Dipplin\n|-supereffective|p1a: Dipplin\n|-damage|p1a: Dipplin|210/284\n|move|p1a: Dipplin|Giga Drain|p2a: Scream Tail\n|-damage|p2a: Scream Tail|79/100\n|-heal|p1a: Dipplin|246/284|[from] drain|[of] p2a: Scream Tail\n|\n|-heal|p2a: Scream Tail|85/100|[from] item: Leftovers\n|upkeep\n|turn|30\n|inactive|Time left: 300 sec this turn | 300 sec total\n|\n|t:|1783539690\n|move|p2a: Scream Tail|Play Rough|p1a: Dipplin\n|-supereffective|p1a: Dipplin\n|-damage|p1a: Dipplin|172/284\n|move|p1a: Dipplin|Recover|p1a: Dipplin\n|-heal|p1a: Dipplin|284/284\n|\n|-heal|p2a: Scream Tail|91/100|[from] item: Leftovers\n|upkeep\n|turn|31\n|inactive|Time left: 300 sec this turn | 300 sec total\n|\n|t:|1783539691\n|move|p2a: Scream Tail|Play Rough|p1a: Dipplin|[miss]\n|-miss|p2a: Scream Tail|p1a: Dipplin\n|move|p1a: Dipplin|Giga Drain|p2a: Scream Tail\n|-damage|p2a: Scream Tail|70/100\n|\n|-heal|p2a: Scream Tail|76/100|[from] item: Leftovers\n|upkeep\n|turn|32\n|inactive|Time left: 300 sec this turn | 300 sec total\n|\n|t:|1783539692\n|move|p2a: Scream Tail|Play Rough|p1a: Dipplin\n|-supereffective|p1a: Dipplin\n|-damage|p1a: Dipplin|200/284\n|move|p1a: Dipplin|Giga Drain|p2a: Scream Tail\n|-damage|p2a: Scream Tail|56/100\n|-heal|p1a: Dipplin|233/284|[from] drain|[of] p2a: Scream Tail\n|\n|-heal|p2a: Scream Tail|62/100|[from] item: Leftovers\n|upkeep\n|turn|33\n|inactive|Time left: 300 sec this turn | 300 sec total\n|\n|t:|1783539693\n|move|p2a: Scream Tail|Wish|p2a: Scream Tail\n|move|p1a: Dipplin|Recover|p1a: Dipplin\n|-heal|p1a: Dipplin|284/284\n|\n|-heal|p2a: Scream Tail|68/100|[from] item: Leftovers\n|upkeep\n|turn|34\n|inactive|Time left: 300 sec this turn | 300 sec total\n|\n|t:|1783539695\n|move|p2a: Scream Tail|Play Rough|p1a: Dipplin\n|-supereffective|p1a: Dipplin\n|-damage|p1a: Dipplin|206/284\n|move|p1a: Dipplin|Recover|p1a: Dipplin\n|-heal|p1a: Dipplin|284/284\n|\n|-heal|p2a: Scream Tail|100/100|[from] move: Wish|[wisher] Scream Tail\n|upkeep\n|turn|35\n|inactive|Time left: 300 sec this turn | 300 sec total\n|\n|t:|1783539696\n|move|p2a: Scream Tail|Play Rough|p1a: Dipplin\n|-supereffective|p1a: Dipplin\n|-crit|p1a: Dipplin\n|-damage|p1a: Dipplin|170/284\n|move|p1a: Dipplin|Giga Drain|p2a: Scream Tail\n|-damage|p2a: Scream Tail|80/100\n|-heal|p1a: Dipplin|205/284|[from] drain|[of] p2a: Scream Tail\n|\n|-heal|p2a: Scream Tail|86/100|[from] item: Leftovers\n|upkeep\n|turn|36\n|inactive|Time left: 300 sec this turn | 300 sec total\n|\n|t:|1783539697\n|move|p2a: Scream Tail|Play Rough|p1a: Dipplin\n|-supereffective|p1a: Dipplin\n|-damage|p1a: Dipplin|127/284\n|move|p1a: Dipplin|Recover|p1a: Dipplin\n|-heal|p1a: Dipplin|269/284\n|\n|-heal|p2a: Scream Tail|92/100|[from] item: Leftovers\n|upkeep\n|turn|37\n|inactive|Time left: 300 sec this turn | 300 sec total\n|\n|t:|1783539698\n|move|p2a: Scream Tail|Encore|p1a: Dipplin\n|-start|p1a: Dipplin|Encore\n|move|p1a: Dipplin|Recover|p1a: Dipplin\n|-heal|p1a: Dipplin|284/284\n|\n|-heal|p2a: Scream Tail|98/100|[from] item: Leftovers\n|-end|p1a: Dipplin|Encore\n|upkeep\n|turn|38\n|inactive|Time left: 300 sec this turn | 300 sec total\n|\n|t:|1783539699\n|-terastallize|p2a: Scream Tail|Poison\n|move|p2a: Scream Tail|Encore||[still]\n|-fail|p2a: Scream Tail\n|move|p1a: Dipplin|Giga Drain|p2a: Scream Tail\n|-resisted|p2a: Scream Tail\n|-damage|p2a: Scream Tail|87/100\n|\n|-heal|p2a: Scream Tail|93/100|[from] item: Leftovers\n|upkeep\n|turn|39\n|inactive|Time left: 300 sec this turn | 300 sec total\n|\n|t:|1783539700\n|move|p2a: Scream Tail|Encore|p1a: Dipplin\n|-start|p1a: Dipplin|Encore\n|move|p1a: Dipplin|Giga Drain|p2a: Scream Tail\n|-resisted|p2a: Scream Tail\n|-damage|p2a: Scream Tail|84/100\n|\n|-heal|p2a: Scream Tail|90/100|[from] item: Leftovers\n|upkeep\n|turn|40\n|inactive|Time left: 300 sec this turn | 300 sec total\n|\n|t:|1783539701\n|move|p2a: Scream Tail|Play Rough|p1a: Dipplin\n|-supereffective|p1a: Dipplin\n|-crit|p1a: Dipplin\n|-damage|p1a: Dipplin|176/284\n|move|p1a: Dipplin|Giga Drain|p2a: Scream Tail\n|-resisted|p2a: Scream Tail\n|-damage|p2a: Scream Tail|78/100\n|-heal|p1a: Dipplin|195/284|[from] drain|[of] p2a: Scream Tail\n|\n|-heal|p2a: Scream Tail|84/100|[from] item: Leftovers\n|-end|p1a: Dipplin|Encore\n|upkeep\n|turn|41\n|inactive|Time left: 300 sec this turn | 300 sec total\n|\n|t:|1783539702\n|move|p2a: Scream Tail|Encore||[still]\n|-fail|p2a: Scream Tail\n|move|p1a: Dipplin|Dragon Pulse|p2a: Scream Tail\n|-damage|p2a: Scream Tail|62/100\n|\n|-heal|p2a: Scream Tail|68/100|[from] item: Leftovers\n|upkeep\n|turn|42\n|inactive|Time left: 300 sec this turn | 300 sec total\n|\n|t:|1783539702\n|-end|p2a: Scream Tail|Protosynthesis|[silent]\n|switch|p2a: Terrakion|Terrakion, L79|81/100\n|move|p1a: Dipplin|Dragon Pulse|p2a: Terrakion\n|-damage|p2a: Terrakion|44/100\n|\n|upkeep\n|turn|43\n|inactive|Time left: 300 sec this turn | 300 sec total\n|\n|t:|1783539703\n|move|p2a: Terrakion|Swords Dance|p2a: Terrakion\n|-boost|p2a: Terrakion|atk|2\n|move|p1a: Dipplin|Dragon Pulse|p2a: Terrakion\n|-damage|p2a: Terrakion|7/100\n|\n|upkeep\n|turn|44\n|inactive|Time left: 300 sec this turn | 300 sec total\n|\n|t:|1783539704\n|move|p2a: Terrakion|Close Combat|p1a: Dipplin\n|-damage|p1a: Dipplin|0 fnt\n|-unboost|p2a: Terrakion|def|1\n|-unboost|p2a: Terrakion|spd|1\n|faint|p1a: Dipplin\n|-damage|p2a: Terrakion|0 fnt|[from] item: Life Orb\n|faint|p2a: Terrakion\n|\n|win|p0y0410d9a", "uploadtime": 1783539704, "views": 0, "rating": 0, "private": 0, "password": null, "_winner": "p0y0410d9a", "_our_name": "p0x041d367"}