{"id": "battle-gen9randombattle-2262", "formatid": "gen9randombattle", "format": "[Gen 9] Random Battle", "players": ["p0x22621f38", "p0y226201cc"], "log": "|init|battle\n|title|p0x22621f38 vs. p0y226201cc\n|j|\u2606p0x22621f38\n|j|\u2606p0y226201cc\n|t:|1783565278\n|gametype|singles\n|player|p1|p0x22621f38|266|\n|player|p2|p0y226201cc|265|\n|gen|9\n|tier|[Gen 9] Random Battle\n|rule|Species Clause: Limit one of each Pok\u00e9mon\n|rule|HP Percentage Mod: HP is shown in percentages\n|rule|Sleep Clause Mod: Limit one foe put to sleep\n|rule|Illusion Level Mod: Illusion disguises the Pok\u00e9mon's true level\n|\n|t:|1783565278\n|teamsize|p1|6\n|teamsize|p2|6\n|start\n|switch|p1a: Meowstic|Meowstic-F, L89, F|100/100\n|switch|p2a: Floatzel|Floatzel, L86, M|286/286\n|turn|1\n|inactive|Battle timer is ON: inactive players will automatically lose when time's up. (requested by p0y226201cc)\n|\n|t:|1783565279\n|move|p2a: Floatzel|Wave Crash|p1a: Meowstic\n|-damage|p1a: Meowstic|47/100\n|-damage|p2a: Floatzel|237/286|[from] Recoil\n|move|p1a: Meowstic|Thunderbolt|p2a: Floatzel\n|-supereffective|p2a: Floatzel\n|-damage|p2a: Floatzel|0 fnt\n|faint|p2a: Floatzel\n|-damage|p1a: Meowstic|38/100|[from] item: Life Orb\n|\n|upkeep\n|inactive|Time left: 300 sec this turn | 300 sec total | 65 sec grace\n|inactive|p0x22621f38 also wants the timer to be on.\n|\n|t:|1783565279\n|switch|p2a: Wugtrio|Wugtrio, L91, M|212/212\n|turn|2\n|inactive|Time left: 300 sec this turn | 300 sec total\n|\n|t:|1783565280\n|switch|p1a: Vaporeon|Vaporeon, L86, M|100/100\n|move|p2a: Wugtrio|Liquidation|p1a: Vaporeon\n|-immune|p1a: Vaporeon|[from] ability: Water Absorb\n|\n|upkeep\n|turn|3\n|inactive|Time left: 300 sec this turn | 300 sec total\n|\n|t:|1783565282\n|switch|p2a: Hydrapple|Hydrapple, L83, M|312/312\n|move|p1a: Vaporeon|Scald|p2a: Hydrapple\n|-resisted|p2a: Hydrapple\n|-damage|p2a: Hydrapple|286/312\n|\n|upkeep\n|turn|4\n|inactive|Time left: 300 sec this turn | 300 sec total\n|\n|t:|1783565283\n|switch|p1a: Ninetales|Ninetales-Alola, L78, M|100/100\n|-weather|Snowscape|[from] ability: Snow Warning|[of] p1a: Ninetales\n|move|p2a: Hydrapple|Nasty Plot|p2a: Hydrapple\n|-boost|p2a: Hydrapple|spa|2\n|\n|-weather|Snowscape|[upkeep]\n|upkeep\n|turn|5\n|inactive|Time left: 300 sec this turn | 300 sec total\n|\n|t:|1783565284\n|move|p1a: Ninetales|Encore|p2a: Hydrapple\n|-start|p2a: Hydrapple|Encore\n|move|p2a: Hydrapple|Nasty Plot|p2a: Hydrapple\n|-boost|p2a: Hydrapple|spa|2\n|\n|-weather|Snowscape|[upkeep]\n|upkeep\n|turn|6\n|inactive|Time left: 300 sec this turn | 300 sec total\n|\n|t:|1783565285\n|switch|p2a: Porygon2|Porygon2, L81|270/270\n|-ability|p2a: Porygon2|Download|boost\n|-boost|p2a: Porygon2|atk|1\n|move|p1a: Ninetales|Aurora Veil|p1a: Ninetales\n|-sidestart|p1: p0x22621f38|move: Aurora Veil\n|\n|-weather|Snowscape|[upkeep]\n|upkeep\n|turn|7\n|inactive|Time left: 300 sec this turn | 300 sec total\n|\n|t:|1783565286\n|switch|p1a: Venomoth|Venomoth, L84, F|100/100\n|move|p2a: Porygon2|Discharge|p1a: Venomoth\n|-damage|p1a: Venomoth|87/100\n|\n|-weather|Snowscape|[upkeep]\n|upkeep\n|turn|8\n|inactive|Time left: 300 sec this turn | 300 sec total\n|\n|t:|1783565287\n|move|p1a: Venomoth|Quiver Dance|p1a: Venomoth\n|-boost|p1a: Venomoth|spa|1\n|-boost|p1a: Venomoth|spd|1\n|-boost|p1a: Venomoth|spe|1\n|move|p2a: Porygon2|Tri Attack|p1a: Venomoth\n|-damage|p1a: Venomoth|74/100\n|-status|p1a: Venomoth|par\n|\n|-weather|none\n|upkeep\n|turn|9\n|inactive|Time left: 300 sec this turn | 300 sec total\n|\n|t:|1783565288\n|move|p1a: Venomoth|Quiver Dance|p1a: Venomoth\n|-boost|p1a: Venomoth|spa|1\n|-boost|p1a: Venomoth|spd|1\n|-boost|p1a: Venomoth|spe|1\n|move|p2a: Porygon2|Ice Beam|p1a: Venomoth\n|-damage|p1a: Venomoth|67/100 par\n|\n|upkeep\n|turn|10\n|inactive|Time left: 300 sec this turn | 300 sec total\n|\n|t:|1783565289\n|move|p1a: Venomoth|Sludge Wave|p2a: Porygon2\n|-damage|p2a: Porygon2|141/270\n|move|p2a: Porygon2|Recover|p2a: Porygon2\n|-heal|p2a: Porygon2|270/270\n|\n|upkeep\n|turn|11\n|inactive|Time left: 300 sec this turn | 300 sec total\n|\n|t:|1783565291\n|move|p1a: Venomoth|Bug Buzz|p2a: Porygon2\n|-damage|p2a: Porygon2|161/270\n|move|p2a: Porygon2|Recover|p2a: Porygon2\n|-heal|p2a: Porygon2|270/270\n|\n|upkeep\n|turn|12\n|inactive|Time left: 300 sec this turn | 300 sec total\n|\n|t:|1783565292\n|move|p1a: Venomoth|Bug Buzz|p2a: Porygon2\n|-damage|p2a: Porygon2|161/270\n|move|p2a: Porygon2|Tri Attack|p1a: Venomoth\n|-damage|p1a: Venomoth|58/100 par\n|\n|upkeep\n|turn|13\n|inactive|Time left: 300 sec this turn | 300 sec total\n|\n|t:|1783565293\n|move|p1a: Venomoth|Sludge Wave|p2a: Porygon2\n|-damage|p2a: Porygon2|49/270\n|move|p2a: Porygon2|Recover|p2a: Porygon2\n|-heal|p2a: Porygon2|184/270\n|\n|-sideend|p1: p0x22621f38|move: Aurora Veil\n|upkeep\n|turn|14\n|inactive|Time left: 300 sec this turn | 300 sec total\n|\n|t:|1783565294\n|cant|p1a: Venomoth|par\n|move|p2a: Porygon2|Recover|p2a: Porygon2\n|-heal|p2a: Porygon2|270/270\n|\n|upkeep\n|turn|15\n|inactive|Time left: 300 sec this turn | 300 sec total\n|\n|t:|1783565295\n|move|p1a: Venomoth|Sludge Wave|p2a: Porygon2\n|-damage|p2a: Porygon2|150/270\n|move|p2a: Porygon2|Recover|p2a: Porygon2\n|-heal|p2a: Porygon2|270/270\n|\n|upkeep\n|turn|16\n|inactive|Time left: 300 sec this turn | 300 sec total\n|\n|t:|1783565296\n|move|p1a: Venomoth|Bug Buzz|p2a: Porygon2\n|-damage|p2a: Porygon2|159/270\n|move|p2a: Porygon2|Ice Beam|p1a: Venomoth\n|-damage|p1a: Venomoth|44/100 par\n|\n|upkeep\n|turn|17\n|inactive|Time left: 300 sec this turn | 300 sec total\n|\n|t:|1783565297\n|cant|p1a: Venomoth|par\n|move|p2a: Porygon2|Recover|p2a: Porygon2\n|-heal|p2a: Porygon2|270/270\n|\n|upkeep\n|turn|18\n|inactive|Time left: 300 sec this turn | 300 sec total\n|\n|t:|1783565298\n|move|p1a: Venomoth|Sludge Wave|p2a: Porygon2\n|-damage|p2a: Porygon2|149/270\n|move|p2a: Porygon2|Recover|p2a: Porygon2\n|-heal|p2a: Porygon2|270/270\n|\n|upkeep\n|turn|19\n|inactive|Time left: 300 sec this turn | 300 sec total\n|\n|t:|1783565299\n|switch|p2a: Wugtrio|Wugtrio, L91, M|212/212\n|cant|p1a: Venomoth|par\n|\n|upkeep\n|turn|20\n|inactive|Time left: 300 sec this turn | 300 sec total\n|\n|t:|1783565300\n|move|p2a: Wugtrio|Throat Chop|p1a: Venomoth\n|-damage|p1a: Venomoth|0 fnt\n|faint|p1a: Venomoth\n|\n|upkeep\n|\n|t:|1783565301\n|switch|p1a: Ninetales|Ninetales-Alola, L78, M|100/100\n|-weather|Snowscape|[from] ability: Snow Warning|[of] p1a: Ninetales\n|turn|21\n|inactive|Time left: 300 sec this turn | 300 sec total\n|\n|t:|1783565302\n|move|p2a: Wugtrio|Throat Chop|p1a: Ninetales\n|-resisted|p1a: Ninetales\n|-damage|p1a: Ninetales|85/100\n|-start|p1a: Ninetales|Throat Chop|[silent]\n|move|p1a: Ninetales|Aurora Veil|p1a: Ninetales\n|-sidestart|p1: p0x22621f38|move: Aurora Veil\n|\n|-weather|Snowscape|[upkeep]\n|upkeep\n|turn|22\n|inactive|Time left: 300 sec this turn | 300 sec total\n|\n|t:|1783565303\n|switch|p2a: Porygon2|Porygon2, L81|270/270\n|-ability|p2a: Porygon2|Download|boost\n|-boost|p2a: Porygon2|atk|1\n|move|p1a: Ninetales|Moonblast|p2a: Porygon2\n|-damage|p2a: Porygon2|219/270\n|\n|-weather|Snowscape|[upkeep]\n|-end|p1a: Ninetales|Throat Chop|[silent]\n|upkeep\n|turn|23\n|inactive|Time left: 300 sec this turn | 300 sec total\n|\n|t:|1783565305\n|move|p1a: Ninetales|Moonblast|p2a: Porygon2\n|-damage|p2a: Porygon2|173/270\n|-unboost|p2a: Porygon2|spa|1\n|move|p2a: Porygon2|Tri Attack|p1a: Ninetales\n|-damage|p1a: Ninetales|74/100\n|\n|-weather|Snowscape|[upkeep]\n|upkeep\n|turn|24\n|inactive|Time left: 300 sec this turn | 300 sec total\n|\n|t:|1783565306\n|switch|p1a: Meowstic|Meowstic-F, L89, F|38/100\n|move|p2a: Porygon2|Discharge|p1a: Meowstic\n|-damage|p1a: Meowstic|31/100\n|\n|-weather|Snowscape|[upkeep]\n|upkeep\n|turn|25\n|inactive|Time left: 300 sec this turn | 300 sec total\n|\n|t:|1783565307\n|move|p1a: Meowstic|Nasty Plot|p1a: Meowstic\n|-boost|p1a: Meowstic|spa|2\n|move|p2a: Porygon2|Recover|p2a: Porygon2\n|-heal|p2a: Porygon2|270/270\n|\n|-weather|none\n|upkeep\n|turn|26\n|inactive|Time left: 300 sec this turn | 300 sec total\n|\n|t:|1783565308\n|move|p1a: Meowstic|Psychic|p2a: Porygon2\n|-damage|p2a: Porygon2|113/270\n|-damage|p1a: Meowstic|21/100|[from] item: Life Orb\n|move|p2a: Porygon2|Discharge|p1a: Meowstic\n|-damage|p1a: Meowstic|15/100\n|\n|upkeep\n|turn|27\n|inactive|Time left: 300 sec this turn | 300 sec total\n|\n|t:|1783565309\n|move|p1a: Meowstic|Psychic|p2a: Porygon2\n|-damage|p2a: Porygon2|0 fnt\n|faint|p2a: Porygon2\n|-damage|p1a: Meowstic|5/100|[from] item: Life Orb\n|\n|upkeep\n|inactive|Time left: 300 sec this turn | 300 sec total | 5 sec grace\n|\n|t:|1783565310\n|switch|p2a: Wugtrio|Wugtrio, L91, M|212/212\n|turn|28\n|inactive|Time left: 300 sec this turn | 300 sec total\n|\n|t:|1783565311\n|switch|p1a: Ninetales|Ninetales-Alola, L78, M|74/100\n|-weather|Snowscape|[from] ability: Snow Warning|[of] p1a: Ninetales\n|move|p2a: Wugtrio|Liquidation|p1a: Ninetales\n|-damage|p1a: Ninetales|44/100\n|\n|-weather|Snowscape|[upkeep]\n|-sideend|p1: p0x22621f38|move: Aurora Veil\n|upkeep\n|turn|29\n|inactive|Time left: 300 sec this turn | 300 sec total\n|\n|t:|1783565312\n|switch|p1a: Vaporeon|Vaporeon, L86, M|100/100\n|move|p2a: Wugtrio|Liquidation|p1a: Vaporeon\n|-immune|p1a: Vaporeon|[from] ability: Water Absorb\n|\n|-weather|Snowscape|[upkeep]\n|upkeep\n|turn|30\n|inactive|Time left: 300 sec this turn | 300 sec total\n|\n|t:|1783565313\n|move|p2a: Wugtrio|Liquidation|p1a: Vaporeon\n|-immune|p1a: Vaporeon|[from] ability: Water Absorb\n|move|p1a: Vaporeon|Scald|p2a: Wugtrio\n|-resisted|p2a: Wugtrio\n|-crit|p2a: Wugtrio\n|-damage|p2a: Wugtrio|131/212\n|-status|p2a: Wugtrio|brn\n|\n|-weather|Snowscape|[upkeep]\n|-damage|p2a: Wugtrio|118/212 brn|[from] brn\n|upkeep\n|turn|31\n|inactive|Time left: 300 sec this turn | 300 sec total\n|\n|t:|1783565314\n|move|p2a: Wugtrio|Liquidation|p1a: Vaporeon\n|-immune|p1a: Vaporeon|[from] ability: Water Absorb\n|move|p1a: Vaporeon|Wish|p1a: Vaporeon\n|\n|-weather|Snowscape|[upkeep]\n|-damage|p2a: Wugtrio|105/212 brn|[from] brn\n|upkeep\n|turn|32\n|inactive|Time left: 300 sec this turn | 300 sec total\n|\n|t:|1783565315\n|move|p2a: Wugtrio|Liquidation|p1a: Vaporeon\n|-immune|p1a: Vaporeon|[from] ability: Water Absorb\n|move|p1a: Vaporeon|Flip Turn|p2a: Wugtrio\n|-resisted|p2a: Wugtrio\n|-damage|p2a: Wugtrio|72/212 brn\n|-ability|p2a: Wugtrio|Gooey\n|-unboost|p1a: Vaporeon|spe|1\n|\n|t:|1783565315\n|switch|p1a: Meowstic|Meowstic-F, L89, F|5/100|[from] Flip Turn\n|\n|-weather|none\n|-heal|p1a: Meowstic|71/100|[from] move: Wish|[wisher] Vaporeon\n|-damage|p2a: Wugtrio|59/212 brn|[from] brn\n|upkeep\n|turn|33\n|inactive|Time left: 300 sec this turn | 300 sec total\n|\n|t:|1783565316\n|switch|p1a: Milotic|Milotic, L83, M|100/100\n|move|p2a: Wugtrio|Liquidation|p1a: Milotic\n|-resisted|p1a: Milotic\n|-damage|p1a: Milotic|85/100\n|-unboost|p1a: Milotic|def|1\n|-ability|p1a: Milotic|Competitive|boost\n|-boost|p1a: Milotic|spa|2\n|\n|-heal|p1a: Milotic|91/100|[from] item: Leftovers\n|-damage|p2a: Wugtrio|46/212 brn|[from] brn\n|upkeep\n|turn|34\n|inactive|Time left: 300 sec this turn | 300 sec total\n|\n|t:|1783565317\n|move|p2a: Wugtrio|Liquidation|p1a: Milotic\n|-resisted|p1a: Milotic\n|-damage|p1a: Milotic|69/100\n|-unboost|p1a: Milotic|def|1\n|-ability|p1a: Milotic|Competitive|boost\n|-boost|p1a: Milotic|spa|2\n|move|p1a: Milotic|Ice Beam|p2a: Wugtrio\n|-resisted|p2a: Wugtrio\n|-damage|p2a: Wugtrio|0 fnt\n|faint|p2a: Wugtrio\n|\n|-heal|p1a: Milotic|76/100|[from] item: Leftovers\n|upkeep\n|inactive|Time left: 300 sec this turn | 300 sec total | 5 sec grace\n|\n|t:|1783565318\n|switch|p2a: Hydrapple|Hydrapple, L83, M|312/312\n|turn|35\n|inactive|Time left: 300 sec this turn | 300 sec total\n|\n|t:|1783565319\n|-terastallize|p2a: Hydrapple|Steel\n|move|p1a: Milotic|Ice Beam|p2a: Hydrapple\n|-resisted|p2a: Hydrapple\n|-damage|p2a: Hydrapple|213/312\n|move|p2a: Hydrapple|Giga Drain|p1a: Milotic\n|-supereffective|p1a: Milotic\n|-damage|p1a: Milotic|16/100\n|-heal|p2a: Hydrapple|300/312|[from] drain|[of] p1a: Milotic\n|-damage|p2a: Hydrapple|269/312|[from] item: Life Orb\n|\n|-heal|p1a: Milotic|22/100|[from] item: Leftovers\n|upkeep\n|turn|36\n|inactive|Time left: 300 sec this turn | 300 sec total\n|\n|t:|1783565320\n|move|p1a: Milotic|Scald|p2a: Hydrapple\n|-damage|p2a: Hydrapple|0 fnt\n|faint|p2a: Hydrapple\n|\n|-heal|p1a: Milotic|28/100|[from] item: Leftovers\n|upkeep\n|inactive|Time left: 300 sec this turn | 300 sec total | 5 sec grace\n|\n|t:|1783565321\n|switch|p2a: Gholdengo|Gholdengo, L77|261/261\n|turn|37\n|inactive|Time left: 300 sec this turn | 300 sec total\n|\n|t:|1783565322\n|move|p1a: Milotic|Scald|p2a: Gholdengo\n|-damage|p2a: Gholdengo|9/261\n|move|p2a: Gholdengo|Nasty Plot|p2a: Gholdengo\n|-boost|p2a: Gholdengo|spa|2\n|\n|-heal|p1a: Milotic|35/100|[from] item: Leftovers\n|-heal|p2a: Gholdengo|25/261|[from] item: Leftovers\n|upkeep\n|turn|38\n|inactive|Time left: 300 sec this turn | 300 sec total\n|\n|t:|1783565323\n|move|p1a: Milotic|Scald|p2a: Gholdengo\n|-damage|p2a: Gholdengo|0 fnt\n|faint|p2a: Gholdengo\n|\n|-heal|p1a: Milotic|41/100|[from] item: Leftovers\n|upkeep\n|inactive|Time left: 300 sec this turn | 300 sec total | 5 sec grace\n|\n|t:|1783565323\n|switch|p2a: Terapagos|Terapagos, L77, F|265/265\n|-activate|p2a: Terapagos|ability: Tera Shift\n|detailschange|p2a: Terapagos|Terapagos-Terastal, L77, F\n|-heal|p2a: Terapagos|273/273|[silent]\n|turn|39\n|inactive|Time left: 300 sec this turn | 300 sec total\n|\n|t:|1783565324\n|move|p1a: Milotic|Ice Beam|p2a: Terapagos\n|-activate|p2a: Terapagos|ability: Tera Shell\n|-resisted|p2a: Terapagos\n|-damage|p2a: Terapagos|179/273\n|move|p2a: Terapagos|Rest|p2a: Terapagos\n|-status|p2a: Terapagos|slp|[from] move: Rest\n|-heal|p2a: Terapagos|273/273 slp|[silent]\n|-enditem|p2a: Terapagos|Chesto Berry|[eat]\n|-curestatus|p2a: Terapagos|slp|[msg]\n|\n|-heal|p1a: Milotic|47/100|[from] item: Leftovers\n|upkeep\n|turn|40\n|inactive|Time left: 300 sec this turn | 300 sec total\n|\n|t:|1783565325\n|move|p1a: Milotic|Ice Beam|p2a: Terapagos\n|-activate|p2a: Terapagos|ability: Tera Shell\n|-resisted|p2a: Terapagos\n|-damage|p2a: Terapagos|179/273\n|move|p2a: Terapagos|Rest|p2a: Terapagos\n|-status|p2a: Terapagos|slp|[from] move: Rest\n|-heal|p2a: Terapagos|273/273 slp|[silent]\n|\n|-heal|p1a: Milotic|53/100|[from] item: Leftovers\n|upkeep\n|turn|41\n|inactive|Time left: 300 sec this turn | 300 sec total\n|\n|t:|1783565326\n|move|p1a: Milotic|Scald|p2a: Terapagos\n|-activate|p2a: Terapagos|ability: Tera Shell\n|-resisted|p2a: Terapagos\n|-damage|p2a: Terapagos|146/273 slp\n|cant|p2a: Terapagos|slp\n|\n|-heal|p1a: Milotic|59/100|[from] item: Leftovers\n|upkeep\n|turn|42\n|inactive|Time left: 300 sec this turn | 300 sec total\n|\n|t:|1783565327\n|-terastallize|p1a: Milotic|Steel\n|move|p1a: Milotic|Ice Beam|p2a: Terapagos\n|-damage|p2a: Terapagos|0 fnt\n|faint|p2a: Terapagos\n|\n|win|p0x22621f38", "uploadtime": 1783565327, "views": 0, "rating": 0, "private": 0, "password": null, "_winner": "p0x22621f38", "_our_name": "p0y226201cc"}