{"id": "battle-gen9randombattle-209", "formatid": "gen9randombattle", "format": "[Gen 9] Random Battle", "players": ["p0x209eecb", "p0y209047f"], "log": "|init|battle\n|title|p0x209eecb vs. p0y209047f\n|j|\u2606p0x209eecb\n|j|\u2606p0y209047f\n|t:|1783536198\n|gametype|singles\n|player|p1|p0x209eecb|101|\n|player|p2|p0y209047f|1|\n|gen|9\n|tier|[Gen 9] Random Battle\n|rule|Species Clause: Limit one of each Pok\u00e9mon\n|rule|HP Percentage Mod: HP is shown in percentages\n|rule|Sleep Clause Mod: Limit one foe put to sleep\n|rule|Illusion Level Mod: Illusion disguises the Pok\u00e9mon's true level\n|\n|t:|1783536198\n|teamsize|p1|6\n|teamsize|p2|6\n|start\n|switch|p1a: Vivillon|Vivillon-Ocean, L83, M|100/100\n|switch|p2a: Polteageist|Polteageist, L78|222/222\n|turn|1\n|inactive|Battle timer is ON: inactive players will automatically lose when time's up. (requested by p0y209047f)\n|inactive|p0x209eecb also wants the timer to be on.\n|\n|t:|1783536199\n|move|p1a: Vivillon|Sleep Powder|p2a: Polteageist\n|-status|p2a: Polteageist|slp|[from] move: Sleep Powder\n|cant|p2a: Polteageist|slp\n|\n|upkeep\n|turn|2\n|inactive|Time left: 300 sec this turn | 300 sec total\n|\n|t:|1783536200\n|move|p1a: Vivillon|Quiver Dance|p1a: Vivillon\n|-boost|p1a: Vivillon|spa|1\n|-boost|p1a: Vivillon|spd|1\n|-boost|p1a: Vivillon|spe|1\n|cant|p2a: Polteageist|slp\n|\n|upkeep\n|turn|3\n|inactive|Time left: 300 sec this turn | 300 sec total\n|\n|t:|1783536201\n|move|p1a: Vivillon|Hurricane|p2a: Polteageist\n|-damage|p2a: Polteageist|83/222 slp\n|cant|p2a: Polteageist|slp\n|\n|upkeep\n|turn|4\n|inactive|Time left: 300 sec this turn | 300 sec total\n|\n|t:|1783536202\n|move|p1a: Vivillon|Hurricane|p2a: Polteageist\n|-damage|p2a: Polteageist|0 fnt\n|faint|p2a: Polteageist\n|\n|upkeep\n|inactive|Time left: 300 sec this turn | 300 sec total | 5 sec grace\n|\n|t:|1783536203\n|switch|p2a: Thundurus|Thundurus-Therian, L80, M|258/258\n|turn|5\n|inactive|Time left: 300 sec this turn | 300 sec total\n|\n|t:|1783536204\n|move|p1a: Vivillon|Sleep Powder|p2a: Thundurus\n|-status|p2a: Thundurus|slp|[from] move: Sleep Powder\n|cant|p2a: Thundurus|slp\n|\n|upkeep\n|turn|6\n|inactive|Time left: 300 sec this turn | 300 sec total\n|\n|t:|1783536205\n|move|p1a: Vivillon|Hurricane|p2a: Thundurus\n|-resisted|p2a: Thundurus\n|-damage|p2a: Thundurus|174/258 slp\n|-curestatus|p2a: Thundurus|slp|[msg]\n|move|p2a: Thundurus|Thunderbolt|p1a: Vivillon\n|-supereffective|p1a: Vivillon\n|-damage|p1a: Vivillon|15/100\n|-status|p1a: Vivillon|par\n|\n|upkeep\n|turn|7\n|inactive|Time left: 300 sec this turn | 300 sec total\n|\n|t:|1783536206\n|move|p2a: Thundurus|Thunderbolt|p1a: Vivillon\n|-supereffective|p1a: Vivillon\n|-damage|p1a: Vivillon|0 fnt\n|faint|p1a: Vivillon\n|\n|upkeep\n|\n|t:|1783536207\n|switch|p1a: Iron Bundle|Iron Bundle, L78|100/100\n|turn|8\n|inactive|Time left: 300 sec this turn | 300 sec total\n|\n|t:|1783536208\n|switch|p2a: Glaceon|Glaceon, L94, M|275/275\n|move|p1a: Iron Bundle|Freeze-Dry|p2a: Glaceon\n|-resisted|p2a: Glaceon\n|-damage|p2a: Glaceon|240/275\n|\n|upkeep\n|turn|9\n|inactive|Time left: 300 sec this turn | 300 sec total\n|\n|t:|1783536209\n|move|p1a: Iron Bundle|Hydro Pump|p2a: Glaceon|[miss]\n|-miss|p1a: Iron Bundle|p2a: Glaceon\n|move|p2a: Glaceon|Freeze-Dry|p1a: Iron Bundle\n|-damage|p1a: Iron Bundle|19/100\n|\n|upkeep\n|turn|10\n|inactive|Time left: 300 sec this turn | 300 sec total\n|\n|t:|1783536210\n|move|p1a: Iron Bundle|Hydro Pump|p2a: Glaceon\n|-damage|p2a: Glaceon|141/275\n|move|p2a: Glaceon|Freeze-Dry|p1a: Iron Bundle\n|-damage|p1a: Iron Bundle|0 fnt\n|faint|p1a: Iron Bundle\n|-end|p1a: Iron Bundle|Quark Drive|[silent]\n|\n|upkeep\n|\n|t:|1783536211\n|switch|p1a: Poliwrath|Poliwrath, L88, M|100/100\n|turn|11\n|inactive|Time left: 300 sec this turn | 300 sec total\n|\n|t:|1783536212\n|move|p2a: Glaceon|Freeze-Dry|p1a: Poliwrath\n|-supereffective|p1a: Poliwrath\n|-damage|p1a: Poliwrath|28/100\n|move|p1a: Poliwrath|Drain Punch|p2a: Glaceon\n|-supereffective|p2a: Glaceon\n|-damage|p2a: Glaceon|15/275\n|-heal|p1a: Poliwrath|49/100|[from] drain|[of] p2a: Glaceon\n|\n|-heal|p1a: Poliwrath|55/100|[from] item: Leftovers\n|upkeep\n|turn|12\n|inactive|Time left: 300 sec this turn | 300 sec total\n|\n|t:|1783536213\n|-terastallize|p1a: Poliwrath|Steel\n|move|p2a: Glaceon|Freeze-Dry|p1a: Poliwrath\n|-resisted|p1a: Poliwrath\n|-damage|p1a: Poliwrath|38/100\n|move|p1a: Poliwrath|Bulk Up|p1a: Poliwrath\n|-boost|p1a: Poliwrath|atk|1\n|-boost|p1a: Poliwrath|def|1\n|\n|-heal|p1a: Poliwrath|44/100|[from] item: Leftovers\n|upkeep\n|turn|13\n|inactive|Time left: 300 sec this turn | 300 sec total\n|\n|t:|1783536214\n|-terastallize|p2a: Glaceon|Ground\n|move|p2a: Glaceon|Mud Shot|p1a: Poliwrath\n|-supereffective|p1a: Poliwrath\n|-damage|p1a: Poliwrath|0 fnt\n|faint|p1a: Poliwrath\n|\n|upkeep\n|\n|t:|1783536215\n|switch|p1a: Qwilfish|Qwilfish-Hisui, L83, M|100/100\n|-ability|p1a: Qwilfish|Intimidate|boost\n|-unboost|p2a: Glaceon|atk|1\n|turn|14\n|inactive|Time left: 300 sec this turn | 300 sec total\n|\n|t:|1783536216\n|switch|p2a: Heatran|Heatran, L79, M|273/273\n|-item|p2a: Heatran|Air Balloon\n|move|p1a: Qwilfish|Crunch|p2a: Heatran\n|-damage|p2a: Heatran|195/273\n|-enditem|p2a: Heatran|Air Balloon\n|\n|upkeep\n|turn|15\n|inactive|Time left: 300 sec this turn | 300 sec total\n|\n|t:|1783536217\n|move|p1a: Qwilfish|Crunch|p2a: Heatran\n|-damage|p2a: Heatran|120/273\n|move|p2a: Heatran|Lava Plume|p1a: Qwilfish\n|-damage|p1a: Qwilfish|62/100\n|-status|p1a: Qwilfish|brn\n|\n|-damage|p1a: Qwilfish|56/100 brn|[from] brn\n|upkeep\n|turn|16\n|inactive|Time left: 300 sec this turn | 300 sec total\n|\n|t:|1783536218\n|switch|p1a: Blissey|Blissey, L85, F|100/100\n|move|p2a: Heatran|Earth Power|p1a: Blissey\n|-damage|p1a: Blissey|91/100\n|\n|-heal|p1a: Blissey|97/100|[from] item: Leftovers\n|upkeep\n|turn|17\n|inactive|Time left: 300 sec this turn | 300 sec total\n|\n|t:|1783536219\n|move|p2a: Heatran|Heavy Slam|p1a: Blissey\n|-damage|p1a: Blissey|39/100\n|move|p1a: Blissey|Heal Bell|p1a: Blissey\n|-activate|p1a: Blissey|move: Heal Bell\n|-curestatus|p1: Qwilfish|brn|[msg]\n|\n|-heal|p1a: Blissey|45/100|[from] item: Leftovers\n|upkeep\n|turn|18\n|inactive|Time left: 300 sec this turn | 300 sec total\n|\n|t:|1783536220\n|switch|p1a: Bellibolt|Bellibolt, L84, M|100/100\n|move|p2a: Heatran|Heavy Slam|p1a: Bellibolt\n|-resisted|p1a: Bellibolt\n|-damage|p1a: Bellibolt|90/100\n|-start|p1a: Bellibolt|Charge|Heavy Slam|[from] ability: Electromorphosis\n|\n|-heal|p1a: Bellibolt|96/100|[from] item: Leftovers\n|upkeep\n|turn|19\n|inactive|Time left: 300 sec this turn | 300 sec total\n|\n|t:|1783536221\n|switch|p2a: Toedscruel|Toedscruel, L87, F|281/281\n|move|p1a: Bellibolt|Muddy Water|p2a: Toedscruel\n|-damage|p2a: Toedscruel|232/281\n|\n|-heal|p2a: Toedscruel|249/281|[from] item: Leftovers\n|-heal|p1a: Bellibolt|100/100|[from] item: Leftovers\n|upkeep\n|turn|20\n|inactive|Time left: 300 sec this turn | 300 sec total\n|\n|t:|1783536223\n|switch|p1a: Blissey|Blissey, L85, F|45/100\n|move|p2a: Toedscruel|Rapid Spin|p1a: Blissey\n|-damage|p1a: Blissey|29/100\n|-boost|p2a: Toedscruel|spe|1\n|\n|-heal|p2a: Toedscruel|266/281|[from] item: Leftovers\n|-heal|p1a: Blissey|35/100|[from] item: Leftovers\n|upkeep\n|turn|21\n|inactive|Time left: 300 sec this turn | 300 sec total\n|\n|t:|1783536224\n|move|p1a: Blissey|Soft-Boiled|p1a: Blissey\n|-heal|p1a: Blissey|85/100\n|move|p2a: Toedscruel|Spore|p1a: Blissey\n|-status|p1a: Blissey|slp|[from] move: Spore\n|\n|-heal|p2a: Toedscruel|281/281|[from] item: Leftovers\n|-heal|p1a: Blissey|91/100 slp|[from] item: Leftovers\n|upkeep\n|turn|22\n|inactive|Time left: 300 sec this turn | 300 sec total\n|\n|t:|1783536225\n|move|p2a: Toedscruel|Rapid Spin|p1a: Blissey\n|-damage|p1a: Blissey|75/100 slp\n|-boost|p2a: Toedscruel|spe|1\n|cant|p1a: Blissey|slp\n|\n|-heal|p1a: Blissey|81/100 slp|[from] item: Leftovers\n|upkeep\n|turn|23\n|inactive|Time left: 300 sec this turn | 300 sec total\n|\n|t:|1783536226\n|move|p2a: Toedscruel|Earth Power|p1a: Blissey\n|-damage|p1a: Blissey|69/100 slp\n|cant|p1a: Blissey|slp\n|\n|-heal|p1a: Blissey|75/100 slp|[from] item: Leftovers\n|upkeep\n|turn|24\n|inactive|Time left: 300 sec this turn | 300 sec total\n|\n|t:|1783536227\n|move|p2a: Toedscruel|Rapid Spin|p1a: Blissey\n|-damage|p1a: Blissey|60/100 slp\n|-boost|p2a: Toedscruel|spe|1\n|cant|p1a: Blissey|slp\n|\n|-heal|p1a: Blissey|66/100 slp|[from] item: Leftovers\n|upkeep\n|turn|25\n|inactive|Time left: 300 sec this turn | 300 sec total\n|\n|t:|1783536228\n|move|p2a: Toedscruel|Earth Power|p1a: Blissey\n|-damage|p1a: Blissey|55/100 slp\n|-curestatus|p1a: Blissey|slp|[msg]\n|move|p1a: Blissey|Soft-Boiled|p1a: Blissey\n|-heal|p1a: Blissey|100/100\n|\n|upkeep\n|turn|26\n|inactive|Time left: 300 sec this turn | 300 sec total\n|\n|t:|1783536229\n|move|p1a: Blissey|Seismic Toss|p2a: Toedscruel\n|-damage|p2a: Toedscruel|196/281\n|move|p2a: Toedscruel|Spore|p1a: Blissey\n|-status|p1a: Blissey|slp|[from] move: Spore\n|\n|-heal|p2a: Toedscruel|213/281|[from] item: Leftovers\n|upkeep\n|turn|27\n|inactive|Time left: 300 sec this turn | 300 sec total\n|\n|t:|1783536230\n|move|p2a: Toedscruel|Earth Power|p1a: Blissey\n|-damage|p1a: Blissey|89/100 slp\n|cant|p1a: Blissey|slp\n|\n|-heal|p2a: Toedscruel|230/281|[from] item: Leftovers\n|-heal|p1a: Blissey|96/100 slp|[from] item: Leftovers\n|upkeep\n|turn|28\n|inactive|Time left: 300 sec this turn | 300 sec total\n|\n|t:|1783536231\n|move|p2a: Toedscruel|Earth Power|p1a: Blissey\n|-damage|p1a: Blissey|85/100 slp\n|cant|p1a: Blissey|slp\n|\n|-heal|p2a: Toedscruel|247/281|[from] item: Leftovers\n|-heal|p1a: Blissey|91/100 slp|[from] item: Leftovers\n|upkeep\n|turn|29\n|inactive|Time left: 300 sec this turn | 300 sec total\n|\n|t:|1783536232\n|move|p2a: Toedscruel|Rapid Spin|p1a: Blissey\n|-damage|p1a: Blissey|77/100 slp\n|-boost|p2a: Toedscruel|spe|1\n|cant|p1a: Blissey|slp\n|\n|-heal|p2a: Toedscruel|264/281|[from] item: Leftovers\n|-heal|p1a: Blissey|83/100 slp|[from] item: Leftovers\n|upkeep\n|turn|30\n|inactive|Time left: 300 sec this turn | 300 sec total\n|\n|t:|1783536233\n|move|p2a: Toedscruel|Giga Drain|p1a: Blissey\n|-damage|p1a: Blissey|74/100 slp\n|-heal|p2a: Toedscruel|281/281|[from] drain|[of] p1a: Blissey\n|-curestatus|p1a: Blissey|slp|[msg]\n|move|p1a: Blissey|Seismic Toss|p2a: Toedscruel\n|-damage|p2a: Toedscruel|196/281\n|\n|-heal|p2a: Toedscruel|213/281|[from] item: Leftovers\n|-heal|p1a: Blissey|80/100|[from] item: Leftovers\n|upkeep\n|turn|31\n|inactive|Time left: 300 sec this turn | 300 sec total\n|\n|t:|1783536234\n|move|p1a: Blissey|Seismic Toss|p2a: Toedscruel\n|-damage|p2a: Toedscruel|128/281\n|move|p2a: Toedscruel|Spore|p1a: Blissey\n|-status|p1a: Blissey|slp|[from] move: Spore\n|\n|-heal|p2a: Toedscruel|145/281|[from] item: Leftovers\n|-heal|p1a: Blissey|86/100 slp|[from] item: Leftovers\n|upkeep\n|turn|32\n|inactive|Time left: 300 sec this turn | 300 sec total\n|\n|t:|1783536235\n|move|p2a: Toedscruel|Giga Drain|p1a: Blissey\n|-damage|p1a: Blissey|76/100 slp\n|-heal|p2a: Toedscruel|174/281|[from] drain|[of] p1a: Blissey\n|cant|p1a: Blissey|slp\n|\n|-heal|p2a: Toedscruel|191/281|[from] item: Leftovers\n|-heal|p1a: Blissey|82/100 slp|[from] item: Leftovers\n|upkeep\n|turn|33\n|inactive|Time left: 300 sec this turn | 300 sec total\n|\n|t:|1783536236\n|move|p2a: Toedscruel|Rapid Spin|p1a: Blissey\n|-damage|p1a: Blissey|67/100 slp\n|-boost|p2a: Toedscruel|spe|1\n|-curestatus|p1a: Blissey|slp|[msg]\n|move|p1a: Blissey|Seismic Toss|p2a: Toedscruel\n|-damage|p2a: Toedscruel|106/281\n|\n|-heal|p2a: Toedscruel|123/281|[from] item: Leftovers\n|-heal|p1a: Blissey|73/100|[from] item: Leftovers\n|upkeep\n|turn|34\n|inactive|Time left: 300 sec this turn | 300 sec total\n|\n|t:|1783536237\n|move|p1a: Blissey|Seismic Toss|p2a: Toedscruel\n|-damage|p2a: Toedscruel|38/281\n|move|p2a: Toedscruel|Spore|p1a: Blissey\n|-status|p1a: Blissey|slp|[from] move: Spore\n|\n|-heal|p2a: Toedscruel|55/281|[from] item: Leftovers\n|-heal|p1a: Blissey|79/100 slp|[from] item: Leftovers\n|upkeep\n|turn|35\n|inactive|Time left: 300 sec this turn | 300 sec total\n|\n|t:|1783536238\n|move|p2a: Toedscruel|Earth Power|p1a: Blissey\n|-damage|p1a: Blissey|68/100 slp\n|cant|p1a: Blissey|slp\n|\n|-heal|p2a: Toedscruel|72/281|[from] item: Leftovers\n|-heal|p1a: Blissey|74/100 slp|[from] item: Leftovers\n|upkeep\n|turn|36\n|inactive|Time left: 300 sec this turn | 300 sec total\n|\n|t:|1783536239\n|move|p2a: Toedscruel|Giga Drain|p1a: Blissey\n|-damage|p1a: Blissey|65/100 slp\n|-heal|p2a: Toedscruel|98/281|[from] drain|[of] p1a: Blissey\n|cant|p1a: Blissey|slp\n|\n|-heal|p2a: Toedscruel|115/281|[from] item: Leftovers\n|-heal|p1a: Blissey|71/100 slp|[from] item: Leftovers\n|upkeep\n|turn|37\n|inactive|Time left: 300 sec this turn | 300 sec total\n|\n|t:|1783536240\n|move|p2a: Toedscruel|Earth Power|p1a: Blissey\n|-damage|p1a: Blissey|61/100 slp\n|-unboost|p1a: Blissey|spd|1\n|cant|p1a: Blissey|slp\n|\n|-heal|p2a: Toedscruel|132/281|[from] item: Leftovers\n|-heal|p1a: Blissey|67/100 slp|[from] item: Leftovers\n|upkeep\n|turn|38\n|inactive|Time left: 300 sec this turn | 300 sec total\n|\n|t:|1783536241\n|move|p2a: Toedscruel|Giga Drain|p1a: Blissey\n|-damage|p1a: Blissey|52/100 slp\n|-heal|p2a: Toedscruel|174/281|[from] drain|[of] p1a: Blissey\n|-curestatus|p1a: Blissey|slp|[msg]\n|move|p1a: Blissey|Seismic Toss|p2a: Toedscruel\n|-damage|p2a: Toedscruel|89/281\n|\n|-heal|p2a: Toedscruel|106/281|[from] item: Leftovers\n|-heal|p1a: Blissey|59/100|[from] item: Leftovers\n|upkeep\n|turn|39\n|inactive|Time left: 300 sec this turn | 300 sec total\n|\n|t:|1783536242\n|move|p1a: Blissey|Seismic Toss|p2a: Toedscruel\n|-damage|p2a: Toedscruel|21/281\n|move|p2a: Toedscruel|Spore|p1a: Blissey\n|-status|p1a: Blissey|slp|[from] move: Spore\n|\n|-heal|p2a: Toedscruel|38/281|[from] item: Leftovers\n|-heal|p1a: Blissey|65/100 slp|[from] item: Leftovers\n|upkeep\n|turn|40\n|inactive|Time left: 300 sec this turn | 300 sec total\n|\n|t:|1783536244\n|move|p2a: Toedscruel|Earth Power|p1a: Blissey\n|-damage|p1a: Blissey|49/100 slp\n|cant|p1a: Blissey|slp\n|\n|-heal|p2a: Toedscruel|55/281|[from] item: Leftovers\n|-heal|p1a: Blissey|55/100 slp|[from] item: Leftovers\n|upkeep\n|turn|41\n|inactive|Time left: 300 sec this turn | 300 sec total\n|\n|t:|1783536245\n|move|p2a: Toedscruel|Giga Drain|p1a: Blissey\n|-damage|p1a: Blissey|41/100 slp\n|-heal|p2a: Toedscruel|96/281|[from] drain|[of] p1a: Blissey\n|cant|p1a: Blissey|slp\n|\n|-heal|p2a: Toedscruel|113/281|[from] item: Leftovers\n|-heal|p1a: Blissey|47/100 slp|[from] item: Leftovers\n|upkeep\n|turn|42\n|inactive|Time left: 300 sec this turn | 300 sec total\n|\n|t:|1783536246\n|move|p2a: Toedscruel|Earth Power|p1a: Blissey\n|-damage|p1a: Blissey|31/100 slp\n|cant|p1a: Blissey|slp\n|\n|-heal|p2a: Toedscruel|130/281|[from] item: Leftovers\n|-heal|p1a: Blissey|37/100 slp|[from] item: Leftovers\n|upkeep\n|turn|43\n|inactive|Time left: 300 sec this turn | 300 sec total\n|\n|t:|1783536247\n|move|p2a: Toedscruel|Giga Drain|p1a: Blissey\n|-damage|p1a: Blissey|23/100 slp\n|-heal|p2a: Toedscruel|171/281|[from] drain|[of] p1a: Blissey\n|-curestatus|p1a: Blissey|slp|[msg]\n|move|p1a: Blissey|Soft-Boiled|p1a: Blissey\n|-heal|p1a: Blissey|73/100\n|\n|-heal|p2a: Toedscruel|188/281|[from] item: Leftovers\n|-heal|p1a: Blissey|79/100|[from] item: Leftovers\n|upkeep\n|turn|44\n|inactive|Time left: 300 sec this turn | 300 sec total\n|\n|t:|1783536248\n|move|p1a: Blissey|Seismic Toss|p2a: Toedscruel\n|-damage|p2a: Toedscruel|103/281\n|move|p2a: Toedscruel|Spore|p1a: Blissey\n|-status|p1a: Blissey|slp|[from] move: Spore\n|\n|-heal|p2a: Toedscruel|120/281|[from] item: Leftovers\n|-heal|p1a: Blissey|85/100 slp|[from] item: Leftovers\n|upkeep\n|turn|45\n|inactive|Time left: 300 sec this turn | 300 sec total\n|\n|t:|1783536249\n|move|p2a: Toedscruel|Giga Drain|p1a: Blissey\n|-damage|p1a: Blissey|72/100 slp\n|-heal|p2a: Toedscruel|158/281|[from] drain|[of] p1a: Blissey\n|cant|p1a: Blissey|slp\n|\n|-heal|p2a: Toedscruel|175/281|[from] item: Leftovers\n|-heal|p1a: Blissey|78/100 slp|[from] item: Leftovers\n|upkeep\n|turn|46\n|inactive|Time left: 300 sec this turn | 300 sec total\n|\n|t:|1783536250\n|move|p2a: Toedscruel|Giga Drain|p1a: Blissey\n|-damage|p1a: Blissey|63/100 slp\n|-heal|p2a: Toedscruel|218/281|[from] drain|[of] p1a: Blissey\n|-curestatus|p1a: Blissey|slp|[msg]\n|move|p1a: Blissey|Seismic Toss|p2a: Toedscruel\n|-damage|p2a: Toedscruel|133/281\n|\n|-heal|p2a: Toedscruel|150/281|[from] item: Leftovers\n|-heal|p1a: Blissey|70/100|[from] item: Leftovers\n|upkeep\n|turn|47\n|inactive|Time left: 300 sec this turn | 300 sec total\n|\n|t:|1783536250\n|move|p1a: Blissey|Soft-Boiled|p1a: Blissey\n|-heal|p1a: Blissey|100/100\n|move|p2a: Toedscruel|Spore|p1a: Blissey\n|-status|p1a: Blissey|slp|[from] move: Spore\n|\n|-heal|p2a: Toedscruel|167/281|[from] item: Leftovers\n|upkeep\n|turn|48\n|inactive|Time left: 300 sec this turn | 300 sec total\n|\n|t:|1783536251\n|move|p2a: Toedscruel|Earth Power|p1a: Blissey\n|-damage|p1a: Blissey|85/100 slp\n|cant|p1a: Blissey|slp\n|\n|-heal|p2a: Toedscruel|184/281|[from] item: Leftovers\n|-heal|p1a: Blissey|91/100 slp|[from] item: Leftovers\n|upkeep\n|turn|49\n|inactive|Time left: 300 sec this turn | 300 sec total\n|\n|t:|1783536252\n|move|p2a: Toedscruel|Giga Drain|p1a: Blissey\n|-damage|p1a: Blissey|77/100 slp\n|-heal|p2a: Toedscruel|222/281|[from] drain|[of] p1a: Blissey\n|cant|p1a: Blissey|slp\n|\n|-heal|p2a: Toedscruel|239/281|[from] item: Leftovers\n|-heal|p1a: Blissey|84/100 slp|[from] item: Leftovers\n|upkeep\n|turn|50\n|inactive|Time left: 300 sec this turn | 300 sec total\n|\n|t:|1783536253\n|move|p2a: Toedscruel|Giga Drain|p1a: Blissey\n|-damage|p1a: Blissey|71/100 slp\n|-heal|p2a: Toedscruel|275/281|[from] drain|[of] p1a: Blissey\n|-curestatus|p1a: Blissey|slp|[msg]\n|move|p1a: Blissey|Seismic Toss|p2a: Toedscruel\n|-damage|p2a: Toedscruel|190/281\n|\n|-heal|p2a: Toedscruel|207/281|[from] item: Leftovers\n|-heal|p1a: Blissey|77/100|[from] item: Leftovers\n|upkeep\n|turn|51\n|inactive|Time left: 300 sec this turn | 300 sec total\n|\n|t:|1783536255\n|move|p1a: Blissey|Soft-Boiled|p1a: Blissey\n|-heal|p1a: Blissey|100/100\n|move|p2a: Toedscruel|Spore|p1a: Blissey\n|-status|p1a: Blissey|slp|[from] move: Spore\n|\n|-heal|p2a: Toedscruel|224/281|[from] item: Leftovers\n|upkeep\n|turn|52\n|inactive|Time left: 300 sec this turn | 300 sec total\n|\n|t:|1783536256\n|move|p2a: Toedscruel|Earth Power|p1a: Blissey\n|-damage|p1a: Blissey|83/100 slp\n|cant|p1a: Blissey|slp\n|\n|-heal|p2a: Toedscruel|241/281|[from] item: Leftovers\n|-heal|p1a: Blissey|89/100 slp|[from] item: Leftovers\n|upkeep\n|turn|53\n|inactive|Time left: 300 sec this turn | 300 sec total\n|\n|t:|1783536257\n|move|p2a: Toedscruel|Giga Drain|p1a: Blissey\n|-damage|p1a: Blissey|74/100 slp\n|-heal|p2a: Toedscruel|281/281|[from] drain|[of] p1a: Blissey\n|cant|p1a: Blissey|slp\n|\n|-heal|p1a: Blissey|81/100 slp|[from] item: Leftovers\n|upkeep\n|turn|54\n|inactive|Time left: 300 sec this turn | 300 sec total\n|\n|t:|1783536258\n|move|p2a: Toedscruel|Rapid Spin|p1a: Blissey\n|-damage|p1a: Blissey|65/100 slp\n|-boost|p2a: Toedscruel|spe|1\n|cant|p1a: Blissey|slp\n|\n|-heal|p1a: Blissey|71/100 slp|[from] item: Leftovers\n|upkeep\n|turn|55\n|inactive|Time left: 300 sec this turn | 300 sec total\n|\n|t:|1783536259\n|move|p2a: Toedscruel|Earth Power|p1a: Blissey\n|-damage|p1a: Blissey|56/100 slp\n|-curestatus|p1a: Blissey|slp|[msg]\n|move|p1a: Blissey|Soft-Boiled|p1a: Blissey\n|-heal|p1a: Blissey|100/100\n|\n|upkeep\n|turn|56\n|inactive|Time left: 300 sec this turn | 300 sec total\n|\n|t:|1783536260\n|move|p1a: Blissey|Seismic Toss|p2a: Toedscruel\n|-damage|p2a: Toedscruel|196/281\n|move|p2a: Toedscruel|Spore|p1a: Blissey\n|-status|p1a: Blissey|slp|[from] move: Spore\n|\n|-heal|p2a: Toedscruel|213/281|[from] item: Leftovers\n|upkeep\n|turn|57\n|inactive|Time left: 300 sec this turn | 300 sec total\n|\n|t:|1783536261\n|move|p2a: Toedscruel|Earth Power|p1a: Blissey\n|-damage|p1a: Blissey|85/100 slp\n|cant|p1a: Blissey|slp\n|\n|-heal|p2a: Toedscruel|230/281|[from] item: Leftovers\n|-heal|p1a: Blissey|91/100 slp|[from] item: Leftovers\n|upkeep\n|turn|58\n|inactive|Time left: 300 sec this turn | 300 sec total\n|\n|t:|1783536262\n|move|p2a: Toedscruel|Earth Power|p1a: Blissey\n|-damage|p1a: Blissey|76/100 slp\n|-curestatus|p1a: Blissey|slp|[msg]\n|move|p1a: Blissey|Seismic Toss|p2a: Toedscruel\n|-damage|p2a: Toedscruel|145/281\n|\n|-heal|p2a: Toedscruel|162/281|[from] item: Leftovers\n|-heal|p1a: Blissey|82/100|[from] item: Leftovers\n|upkeep\n|turn|59\n|inactive|Time left: 300 sec this turn | 300 sec total\n|\n|t:|1783536263\n|move|p1a: Blissey|Seismic Toss|p2a: Toedscruel\n|-damage|p2a: Toedscruel|77/281\n|move|p2a: Toedscruel|Spore|p1a: Blissey\n|-status|p1a: Blissey|slp|[from] move: Spore\n|\n|-heal|p2a: Toedscruel|94/281|[from] item: Leftovers\n|-heal|p1a: Blissey|88/100 slp|[from] item: Leftovers\n|upkeep\n|turn|60\n|inactive|Time left: 300 sec this turn | 300 sec total\n|\n|t:|1783536264\n|move|p2a: Toedscruel|Earth Power|p1a: Blissey\n|-damage|p1a: Blissey|72/100 slp\n|cant|p1a: Blissey|slp\n|\n|-heal|p2a: Toedscruel|111/281|[from] item: Leftovers\n|-heal|p1a: Blissey|78/100 slp|[from] item: Leftovers\n|upkeep\n|turn|61\n|inactive|Time left: 300 sec this turn | 300 sec total\n|\n|t:|1783536265\n|move|p2a: Toedscruel|Giga Drain|p1a: Blissey\n|-damage|p1a: Blissey|63/100 slp\n|-heal|p2a: Toedscruel|154/281|[from] drain|[of] p1a: Blissey\n|-curestatus|p1a: Blissey|slp|[msg]\n|move|p1a: Blissey|Seismic Toss|p2a: Toedscruel\n|-damage|p2a: Toedscruel|69/281\n|\n|-heal|p2a: Toedscruel|86/281|[from] item: Leftovers\n|-heal|p1a: Blissey|69/100|[from] item: Leftovers\n|upkeep\n|turn|62\n|inactive|Time left: 300 sec this turn | 300 sec total\n|\n|t:|1783536266\n|move|p1a: Blissey|Seismic Toss|p2a: Toedscruel\n|-damage|p2a: Toedscruel|1/281\n|move|p2a: Toedscruel|Spore|p1a: Blissey\n|-status|p1a: Blissey|slp|[from] move: Spore\n|\n|-heal|p2a: Toedscruel|18/281|[from] item: Leftovers\n|-heal|p1a: Blissey|75/100 slp|[from] item: Leftovers\n|upkeep\n|turn|63\n|inactive|Time left: 300 sec this turn | 300 sec total\n|\n|t:|1783536267\n|move|p2a: Toedscruel|Giga Drain|p1a: Blissey\n|-crit|p1a: Blissey\n|-damage|p1a: Blissey|56/100 slp\n|-heal|p2a: Toedscruel|72/281|[from] drain|[of] p1a: Blissey\n|cant|p1a: Blissey|slp\n|\n|-heal|p2a: Toedscruel|89/281|[from] item: Leftovers\n|-heal|p1a: Blissey|63/100 slp|[from] item: Leftovers\n|upkeep\n|turn|64\n|inactive|Time left: 300 sec this turn | 300 sec total\n|\n|t:|1783536268\n|move|p2a: Toedscruel|Earth Power|p1a: Blissey\n|-damage|p1a: Blissey|45/100 slp\n|cant|p1a: Blissey|slp\n|\n|-heal|p2a: Toedscruel|106/281|[from] item: Leftovers\n|-heal|p1a: Blissey|51/100 slp|[from] item: Leftovers\n|upkeep\n|turn|65\n|inactive|Time left: 300 sec this turn | 300 sec total\n|\n|t:|1783536269\n|move|p2a: Toedscruel|Giga Drain|p1a: Blissey\n|-damage|p1a: Blissey|38/100 slp\n|-heal|p2a: Toedscruel|144/281|[from] drain|[of] p1a: Blissey\n|cant|p1a: Blissey|slp\n|\n|-heal|p2a: Toedscruel|161/281|[from] item: Leftovers\n|-heal|p1a: Blissey|44/100 slp|[from] item: Leftovers\n|upkeep\n|turn|66\n|inactive|Time left: 300 sec this turn | 300 sec total\n|\n|t:|1783536270\n|move|p2a: Toedscruel|Giga Drain|p1a: Blissey\n|-damage|p1a: Blissey|29/100 slp\n|-heal|p2a: Toedscruel|202/281|[from] drain|[of] p1a: Blissey\n|-curestatus|p1a: Blissey|slp|[msg]\n|move|p1a: Blissey|Soft-Boiled|p1a: Blissey\n|-heal|p1a: Blissey|79/100\n|\n|-heal|p2a: Toedscruel|219/281|[from] item: Leftovers\n|-heal|p1a: Blissey|85/100|[from] item: Leftovers\n|upkeep\n|turn|67\n|inactive|Time left: 300 sec this turn | 300 sec total\n|\n|t:|1783536271\n|move|p1a: Blissey|Seismic Toss|p2a: Toedscruel\n|-damage|p2a: Toedscruel|134/281\n|move|p2a: Toedscruel|Spore|p1a: Blissey\n|-status|p1a: Blissey|slp|[from] move: Spore\n|\n|-heal|p2a: Toedscruel|151/281|[from] item: Leftovers\n|-heal|p1a: Blissey|92/100 slp|[from] item: Leftovers\n|upkeep\n|turn|68\n|inactive|Time left: 300 sec this turn | 300 sec total\n|\n|t:|1783536272\n|move|p2a: Toedscruel|Giga Drain|p1a: Blissey\n|-damage|p1a: Blissey|77/100 slp\n|-heal|p2a: Toedscruel|192/281|[from] drain|[of] p1a: Blissey\n|cant|p1a: Blissey|slp\n|\n|-heal|p2a: Toedscruel|209/281|[from] item: Leftovers\n|-heal|p1a: Blissey|83/100 slp|[from] item: Leftovers\n|upkeep\n|turn|69\n|inactive|Time left: 300 sec this turn | 300 sec total\n|\n|t:|1783536273\n|move|p2a: Toedscruel|Rapid Spin|p1a: Blissey\n|-damage|p1a: Blissey|68/100 slp\n|cant|p1a: Blissey|slp\n|\n|-heal|p2a: Toedscruel|226/281|[from] item: Leftovers\n|-heal|p1a: Blissey|74/100 slp|[from] item: Leftovers\n|upkeep\n|turn|70\n|inactive|Time left: 300 sec this turn | 300 sec total\n|\n|t:|1783536274\n|move|p2a: Toedscruel|Rapid Spin|p1a: Blissey\n|-damage|p1a: Blissey|59/100 slp\n|-curestatus|p1a: Blissey|slp|[msg]\n|move|p1a: Blissey|Seismic Toss|p2a: Toedscruel\n|-damage|p2a: Toedscruel|141/281\n|\n|-heal|p2a: Toedscruel|158/281|[from] item: Leftovers\n|-heal|p1a: Blissey|65/100|[from] item: Leftovers\n|upkeep\n|turn|71\n|inactive|Time left: 300 sec this turn | 300 sec total\n|\n|t:|1783536275\n|move|p1a: Blissey|Soft-Boiled|p1a: Blissey\n|-heal|p1a: Blissey|100/100\n|move|p2a: Toedscruel|Spore|p1a: Blissey\n|-status|p1a: Blissey|slp|[from] move: Spore\n|\n|-heal|p2a: Toedscruel|175/281|[from] item: Leftovers\n|upkeep\n|turn|72\n|inactive|Time left: 300 sec this turn | 300 sec total\n|\n|t:|1783536276\n|cant|p1a: Blissey|slp\n|move|p2a: Toedscruel|Spore|p1a: Blissey\n|-fail|p1a: Blissey|slp\n|\n|-heal|p2a: Toedscruel|192/281|[from] item: Leftovers\n|upkeep\n|turn|73\n|inactive|Time left: 300 sec this turn | 300 sec total\n|\n|t:|1783536278\n|move|p2a: Toedscruel|Earth Power|p1a: Blissey\n|-damage|p1a: Blissey|85/100 slp\n|-curestatus|p1a: Blissey|slp|[msg]\n|move|p1a: Blissey|Seismic Toss|p2a: Toedscruel\n|-damage|p2a: Toedscruel|107/281\n|\n|-heal|p2a: Toedscruel|124/281|[from] item: Leftovers\n|-heal|p1a: Blissey|91/100|[from] item: Leftovers\n|upkeep\n|turn|74\n|inactive|Time left: 300 sec this turn | 300 sec total\n|\n|t:|1783536279\n|move|p1a: Blissey|Seismic Toss|p2a: Toedscruel\n|-damage|p2a: Toedscruel|39/281\n|move|p2a: Toedscruel|Spore|p1a: Blissey\n|-status|p1a: Blissey|slp|[from] move: Spore\n|\n|-heal|p2a: Toedscruel|56/281|[from] item: Leftovers\n|-heal|p1a: Blissey|97/100 slp|[from] item: Leftovers\n|upkeep\n|turn|75\n|inactive|Time left: 300 sec this turn | 300 sec total\n|\n|t:|1783536280\n|-curestatus|p1a: Blissey|slp|[from] ability: Natural Cure|[silent]\n|switch|p1a: Qwilfish|Qwilfish-Hisui, L83, M|56/100\n|-ability|p1a: Qwilfish|Intimidate|boost\n|-unboost|p2a: Toedscruel|atk|1\n|move|p2a: Toedscruel|Spore|p1a: Qwilfish\n|-status|p1a: Qwilfish|slp|[from] move: Spore\n|\n|-heal|p2a: Toedscruel|73/281|[from] item: Leftovers\n|upkeep\n|turn|76\n|inactive|Time left: 300 sec this turn | 300 sec total\n|\n|t:|1783536281\n|switch|p2a: Thundurus|Thundurus-Therian, L80, M|174/258\n|switch|p1a: Blissey|Blissey, L85, F|97/100\n|\n|-heal|p1a: Blissey|100/100|[from] item: Leftovers\n|upkeep\n|turn|77\n|inactive|Time left: 300 sec this turn | 300 sec total\n|\n|t:|1783536282\n|move|p2a: Thundurus|Nasty Plot|p2a: Thundurus\n|-boost|p2a: Thundurus|spa|2\n|move|p1a: Blissey|Seismic Toss|p2a: Thundurus\n|-damage|p2a: Thundurus|89/258\n|\n|upkeep\n|turn|78\n|inactive|Time left: 300 sec this turn | 300 sec total\n|\n|t:|1783536283\n|move|p2a: Thundurus|Focus Blast|p1a: Blissey|[miss]\n|-miss|p2a: Thundurus|p1a: Blissey\n|move|p1a: Blissey|Seismic Toss|p2a: Thundurus\n|-damage|p2a: Thundurus|4/258\n|\n|upkeep\n|turn|79\n|inactive|Time left: 300 sec this turn | 300 sec total\n|\n|t:|1783536284\n|move|p2a: Thundurus|Focus Blast|p1a: Blissey\n|-supereffective|p1a: Blissey\n|-damage|p1a: Blissey|49/100\n|move|p1a: Blissey|Seismic Toss|p2a: Thundurus\n|-damage|p2a: Thundurus|0 fnt\n|faint|p2a: Thundurus\n|\n|-heal|p1a: Blissey|56/100|[from] item: Leftovers\n|upkeep\n|inactive|Time left: 300 sec this turn | 300 sec total | 5 sec grace\n|\n|t:|1783536285\n|switch|p2a: Heatran|Heatran, L79, M|120/273\n|turn|80\n|inactive|Time left: 300 sec this turn | 300 sec total\n|\n|t:|1783536286\n|switch|p1a: Bellibolt|Bellibolt, L84, M|100/100\n|move|p2a: Heatran|Heavy Slam|p1a: Bellibolt\n|-resisted|p1a: Bellibolt\n|-damage|p1a: Bellibolt|90/100\n|-start|p1a: Bellibolt|Charge|Heavy Slam|[from] ability: Electromorphosis\n|\n|-heal|p1a: Bellibolt|96/100|[from] item: Leftovers\n|upkeep\n|turn|81\n|inactive|Time left: 300 sec this turn | 300 sec total\n|\n|t:|1783536287\n|switch|p2a: Glaceon|Glaceon, L94, M, tera:Ground|15/275\n|move|p1a: Bellibolt|Thunderbolt|p2a: Glaceon\n|-immune|p2a: Glaceon\n|-end|p1a: Bellibolt|Charge|[silent]\n|\n|-heal|p1a: Bellibolt|100/100|[from] item: Leftovers\n|upkeep\n|turn|82\n|inactive|Time left: 300 sec this turn | 300 sec total\n|\n|t:|1783536288\n|switch|p1a: Blissey|Blissey, L85, F|56/100\n|move|p2a: Glaceon|Mud Shot|p1a: Blissey\n|-damage|p1a: Blissey|43/100\n|-unboost|p1a: Blissey|spe|1\n|\n|-heal|p1a: Blissey|49/100|[from] item: Leftovers\n|upkeep\n|turn|83\n|inactive|Time left: 300 sec this turn | 300 sec total\n|\n|t:|1783536289\n|move|p2a: Glaceon|Wish|p2a: Glaceon\n|move|p1a: Blissey|Seismic Toss|p2a: Glaceon\n|-damage|p2a: Glaceon|0 fnt\n|faint|p2a: Glaceon\n|\n|-heal|p1a: Blissey|55/100|[from] item: Leftovers\n|upkeep\n|inactive|Time left: 300 sec this turn | 300 sec total | 5 sec grace\n|\n|t:|1783536290\n|switch|p2a: Heatran|Heatran, L79, M|120/273\n|turn|84\n|inactive|Time left: 300 sec this turn | 300 sec total\n|\n|t:|1783536291\n|switch|p1a: Bellibolt|Bellibolt, L84, M|100/100\n|move|p2a: Heatran|Heavy Slam|p1a: Bellibolt\n|-resisted|p1a: Bellibolt\n|-damage|p1a: Bellibolt|90/100\n|-start|p1a: Bellibolt|Charge|Heavy Slam|[from] ability: Electromorphosis\n|\n|-heal|p2a: Heatran|257/273|[from] move: Wish|[wisher] Glaceon\n|-heal|p1a: Bellibolt|97/100|[from] item: Leftovers\n|upkeep\n|turn|85\n|inactive|Time left: 300 sec this turn | 300 sec total\n|\n|t:|1783536292\n|switch|p2a: Toedscruel|Toedscruel, L87, F|73/281\n|move|p1a: Bellibolt|Thunderbolt|p2a: Toedscruel\n|-immune|p2a: Toedscruel\n|-end|p1a: Bellibolt|Charge|[silent]\n|\n|-heal|p2a: Toedscruel|90/281|[from] item: Leftovers\n|-heal|p1a: Bellibolt|100/100|[from] item: Leftovers\n|upkeep\n|turn|86\n|inactive|Time left: 300 sec this turn | 300 sec total\n|\n|t:|1783536293\n|move|p2a: Toedscruel|Rapid Spin|p1a: Bellibolt\n|-damage|p1a: Bellibolt|92/100\n|-boost|p2a: Toedscruel|spe|1\n|-start|p1a: Bellibolt|Charge|Rapid Spin|[from] ability: Electromorphosis\n|move|p1a: Bellibolt|Toxic|p2a: Toedscruel\n|-status|p2a: Toedscruel|tox\n|\n|-heal|p2a: Toedscruel|107/281 tox|[from] item: Leftovers\n|-heal|p1a: Bellibolt|98/100|[from] item: Leftovers\n|-damage|p2a: Toedscruel|90/281 tox|[from] psn\n|upkeep\n|turn|87\n|inactive|Time left: 300 sec this turn | 300 sec total\n|\n|t:|1783536294\n|move|p2a: Toedscruel|Rapid Spin|p1a: Bellibolt\n|-damage|p1a: Bellibolt|89/100\n|-boost|p2a: Toedscruel|spe|1\n|-start|p1a: Bellibolt|Charge|Rapid Spin|[from] ability: Electromorphosis\n|move|p1a: Bellibolt|Thunderbolt|p2a: Toedscruel\n|-immune|p2a: Toedscruel\n|-end|p1a: Bellibolt|Charge|[silent]\n|\n|-heal|p2a: Toedscruel|107/281 tox|[from] item: Leftovers\n|-heal|p1a: Bellibolt|95/100|[from] item: Leftovers\n|-damage|p2a: Toedscruel|73/281 tox|[from] psn\n|upkeep\n|turn|88\n|inactive|Time left: 300 sec this turn | 300 sec total\n|\n|t:|1783536295\n|move|p2a: Toedscruel|Rapid Spin|p1a: Bellibolt\n|-damage|p1a: Bellibolt|86/100\n|-boost|p2a: Toedscruel|spe|1\n|-start|p1a: Bellibolt|Charge|Rapid Spin|[from] ability: Electromorphosis\n|move|p1a: Bellibolt|Thunderbolt|p2a: Toedscruel\n|-immune|p2a: Toedscruel\n|-end|p1a: Bellibolt|Charge|[silent]\n|\n|-heal|p2a: Toedscruel|90/281 tox|[from] item: Leftovers\n|-heal|p1a: Bellibolt|92/100|[from] item: Leftovers\n|-damage|p2a: Toedscruel|39/281 tox|[from] psn\n|upkeep\n|turn|89\n|inactive|Time left: 300 sec this turn | 300 sec total\n|\n|t:|1783536296\n|switch|p2a: Regigigas|Regigigas, L84|322/322\n|-start|p2a: Regigigas|ability: Slow Start\n|move|p1a: Bellibolt|Toxic|p2a: Regigigas\n|-status|p2a: Regigigas|tox\n|\n|-heal|p1a: Bellibolt|99/100|[from] item: Leftovers\n|-damage|p2a: Regigigas|302/322 tox|[from] psn\n|upkeep\n|turn|90\n|inactive|Time left: 300 sec this turn | 300 sec total\n|\n|t:|1783536297\n|switch|p2a: Heatran|Heatran, L79, M|257/273\n|move|p1a: Bellibolt|Thunderbolt|p2a: Heatran\n|-damage|p2a: Heatran|157/273\n|\n|-heal|p1a: Bellibolt|100/100|[from] item: Leftovers\n|upkeep\n|turn|91\n|inactive|Time left: 300 sec this turn | 300 sec total\n|\n|t:|1783536298\n|move|p2a: Heatran|Stealth Rock|p1a: Bellibolt\n|-sidestart|p1: p0x209eecb|move: Stealth Rock\n|move|p1a: Bellibolt|Muddy Water|p2a: Heatran\n|-supereffective|p2a: Heatran\n|-damage|p2a: Heatran|31/273\n|\n|upkeep\n|turn|92\n|inactive|Time left: 300 sec this turn | 300 sec total\n|\n|t:|1783536299\n|move|p2a: Heatran|Earth Power|p1a: Bellibolt\n|-supereffective|p1a: Bellibolt\n|-damage|p1a: Bellibolt|50/100\n|-start|p1a: Bellibolt|Charge|Earth Power|[from] ability: Electromorphosis\n|move|p1a: Bellibolt|Thunderbolt|p2a: Heatran\n|-damage|p2a: Heatran|0 fnt\n|faint|p2a: Heatran\n|-end|p1a: Bellibolt|Charge|[silent]\n|\n|-heal|p1a: Bellibolt|57/100|[from] item: Leftovers\n|upkeep\n|inactive|Time left: 300 sec this turn | 300 sec total | 5 sec grace\n|\n|t:|1783536300\n|switch|p2a: Regigigas|Regigigas, L84|302/322 tox\n|-start|p2a: Regigigas|ability: Slow Start\n|turn|93\n|inactive|Time left: 300 sec this turn | 300 sec total\n|\n|t:|1783536300\n|move|p1a: Bellibolt|Slack Off|p1a: Bellibolt\n|-heal|p1a: Bellibolt|100/100\n|move|p2a: Regigigas|Knock Off|p1a: Bellibolt\n|-damage|p1a: Bellibolt|85/100\n|-start|p1a: Bellibolt|Charge|Knock Off|[from] ability: Electromorphosis\n|-enditem|p1a: Bellibolt|Leftovers|[from] move: Knock Off|[of] p2a: Regigigas\n|\n|-heal|p2a: Regigigas|322/322 tox|[from] item: Leftovers\n|-damage|p2a: Regigigas|302/322 tox|[from] psn\n|upkeep\n|turn|94\n|inactive|Time left: 300 sec this turn | 300 sec total\n|\n|t:|1783536302\n|switch|p2a: Toedscruel|Toedscruel, L87, F|39/281 tox\n|move|p1a: Bellibolt|Thunderbolt|p2a: Toedscruel\n|-immune|p2a: Toedscruel\n|-end|p1a: Bellibolt|Charge|[silent]\n|\n|-heal|p2a: Toedscruel|56/281 tox|[from] item: Leftovers\n|-damage|p2a: Toedscruel|39/281 tox|[from] psn\n|upkeep\n|turn|95\n|inactive|Time left: 300 sec this turn | 300 sec total\n|\n|t:|1783536303\n|move|p2a: Toedscruel|Rapid Spin|p1a: Bellibolt\n|-damage|p1a: Bellibolt|77/100\n|-boost|p2a: Toedscruel|spe|1\n|-start|p1a: Bellibolt|Charge|Rapid Spin|[from] ability: Electromorphosis\n|move|p1a: Bellibolt|Slack Off|p1a: Bellibolt\n|-heal|p1a: Bellibolt|100/100\n|\n|-heal|p2a: Toedscruel|56/281 tox|[from] item: Leftovers\n|-damage|p2a: Toedscruel|22/281 tox|[from] psn\n|upkeep\n|turn|96\n|inactive|Time left: 300 sec this turn | 300 sec total\n|\n|t:|1783536304\n|move|p2a: Toedscruel|Rapid Spin|p1a: Bellibolt\n|-damage|p1a: Bellibolt|91/100\n|-boost|p2a: Toedscruel|spe|1\n|-start|p1a: Bellibolt|Charge|Rapid Spin|[from] ability: Electromorphosis\n|move|p1a: Bellibolt|Thunderbolt|p2a: Toedscruel\n|-immune|p2a: Toedscruel\n|-end|p1a: Bellibolt|Charge|[silent]\n|\n|-heal|p2a: Toedscruel|39/281 tox|[from] item: Leftovers\n|-damage|p2a: Toedscruel|0 fnt|[from] psn\n|faint|p2a: Toedscruel\n|upkeep\n|inactive|Time left: 300 sec this turn | 300 sec total | 5 sec grace\n|\n|t:|1783536305\n|switch|p2a: Regigigas|Regigigas, L84|302/322 tox\n|-start|p2a: Regigigas|ability: Slow Start\n|turn|97\n|inactive|Time left: 300 sec this turn | 300 sec total\n|\n|t:|1783536305\n|move|p2a: Regigigas|Protect|p2a: Regigigas\n|-singleturn|p2a: Regigigas|Protect\n|move|p1a: Bellibolt|Thunderbolt|p2a: Regigigas\n|-activate|p2a: Regigigas|move: Protect\n|\n|-heal|p2a: Regigigas|322/322 tox|[from] item: Leftovers\n|-damage|p2a: Regigigas|302/322 tox|[from] psn\n|upkeep\n|turn|98\n|inactive|Time left: 300 sec this turn | 300 sec total\n|\n|t:|1783536306\n|move|p2a: Regigigas|Protect||[still]\n|-fail|p2a: Regigigas\n|move|p1a: Bellibolt|Thunderbolt|p2a: Regigigas\n|-damage|p2a: Regigigas|212/322 tox\n|\n|-heal|p2a: Regigigas|232/322 tox|[from] item: Leftovers\n|-damage|p2a: Regigigas|192/322 tox|[from] psn\n|upkeep\n|turn|99\n|inactive|Time left: 300 sec this turn | 300 sec total\n|\n|t:|1783536307\n|move|p1a: Bellibolt|Slack Off|p1a: Bellibolt\n|-heal|p1a: Bellibolt|100/100\n|move|p2a: Regigigas|Knock Off|p1a: Bellibolt\n|-damage|p1a: Bellibolt|90/100\n|-start|p1a: Bellibolt|Charge|Knock Off|[from] ability: Electromorphosis\n|\n|-heal|p2a: Regigigas|212/322 tox|[from] item: Leftovers\n|-damage|p2a: Regigigas|152/322 tox|[from] psn\n|upkeep\n|turn|100\n|inactive|Time left: 300 sec this turn | 300 sec total\n|\n|t:|1783536308\n|move|p1a: Bellibolt|Muddy Water|p2a: Regigigas\n|-crit|p2a: Regigigas\n|-damage|p2a: Regigigas|72/322 tox\n|-unboost|p2a: Regigigas|accuracy|1\n|move|p2a: Regigigas|Body Slam|p1a: Bellibolt\n|-damage|p1a: Bellibolt|68/100\n|-start|p1a: Bellibolt|Charge|Body Slam|[from] ability: Electromorphosis\n|\n|-heal|p2a: Regigigas|92/322 tox|[from] item: Leftovers\n|-damage|p2a: Regigigas|12/322 tox|[from] psn\n|upkeep\n|turn|101\n|inactive|Time left: 300 sec this turn | 300 sec total\n|\n|t:|1783536309\n|move|p1a: Bellibolt|Muddy Water|p2a: Regigigas|[miss]\n|-miss|p1a: Bellibolt|p2a: Regigigas\n|move|p2a: Regigigas|Knock Off|p1a: Bellibolt|[miss]\n|-miss|p2a: Regigigas|p1a: Bellibolt\n|\n|-heal|p2a: Regigigas|32/322 tox|[from] item: Leftovers\n|-damage|p2a: Regigigas|0 fnt|[from] psn\n|faint|p2a: Regigigas\n|-end|p2a: Regigigas|Slow Start|[silent]\n|\n|win|p0x209eecb", "uploadtime": 1783536309, "views": 0, "rating": 0, "private": 0, "password": null, "_winner": "p0x209eecb", "_our_name": "p0y209047f"}