{"id": "battle-gen9randombattle-213", "formatid": "gen9randombattle", "format": "[Gen 9] Random Battle", "players": ["p0x21381de", "p0y2133c08"], "log": "|init|battle\n|title|p0x21381de vs. p0y2133c08\n|j|\u2606p0x21381de\n|j|\u2606p0y2133c08\n|t:|1783542021\n|gametype|singles\n|player|p1|p0x21381de|1|\n|player|p2|p0y2133c08|169|\n|gen|9\n|tier|[Gen 9] Random Battle\n|rule|Species Clause: Limit one of each Pok\u00e9mon\n|rule|HP Percentage Mod: HP is shown in percentages\n|rule|Sleep Clause Mod: Limit one foe put to sleep\n|rule|Illusion Level Mod: Illusion disguises the Pok\u00e9mon's true level\n|\n|t:|1783542021\n|teamsize|p1|6\n|teamsize|p2|6\n|start\n|switch|p1a: Decidueye|Decidueye-Hisui, L87, M|100/100\n|switch|p2a: Trevenant|Trevenant, L89, F|296/296\n|turn|1\n|inactive|Battle timer is ON: inactive players will automatically lose when time's up. (requested by p0y2133c08)\n|\n|t:|1783542022\n|move|p1a: Decidueye|Swords Dance|p1a: Decidueye\n|-boost|p1a: Decidueye|atk|2\n|move|p2a: Trevenant|Poltergeist|p1a: Decidueye\n|-activate|p1a: Decidueye|move: Poltergeist|Leftovers\n|-damage|p1a: Decidueye|49/100\n|\n|-heal|p1a: Decidueye|55/100|[from] item: Leftovers\n|upkeep\n|turn|2\n|inactive|Time left: 300 sec this turn | 300 sec total\n|inactive|p0x21381de also wants the timer to be on.\n|\n|t:|1783542023\n|move|p2a: Trevenant|Protect|p2a: Trevenant\n|-singleturn|p2a: Trevenant|Protect\n|move|p1a: Decidueye|Triple Arrows|p2a: Trevenant\n|-activate|p2a: Trevenant|move: Protect\n|\n|-heal|p1a: Decidueye|62/100|[from] item: Leftovers\n|upkeep\n|turn|3\n|inactive|Time left: 300 sec this turn | 300 sec total\n|\n|t:|1783542025\n|move|p1a: Decidueye|Triple Arrows|p2a: Trevenant\n|-damage|p2a: Trevenant|52/296\n|-enditem|p2a: Trevenant|Sitrus Berry|[eat]\n|-heal|p2a: Trevenant|126/296|[from] item: Sitrus Berry\n|move|p2a: Trevenant|Poltergeist|p1a: Decidueye\n|-activate|p1a: Decidueye|move: Poltergeist|Leftovers\n|-damage|p1a: Decidueye|12/100\n|\n|-heal|p1a: Decidueye|18/100|[from] item: Leftovers\n|upkeep\n|turn|4\n|inactive|Time left: 300 sec this turn | 300 sec total\n|\n|t:|1783542027\n|move|p1a: Decidueye|Triple Arrows|p2a: Trevenant\n|-damage|p2a: Trevenant|0 fnt\n|faint|p2a: Trevenant\n|\n|-heal|p1a: Decidueye|25/100|[from] item: Leftovers\n|upkeep\n|inactive|Time left: 300 sec this turn | 300 sec total | 5 sec grace\n|\n|t:|1783542028\n|switch|p2a: Arceus|Arceus-Ghost, L69|280/280\n|turn|5\n|inactive|Time left: 300 sec this turn | 300 sec total\n|\n|t:|1783542029\n|move|p2a: Arceus|Judgment|p1a: Decidueye\n|-damage|p1a: Decidueye|0 fnt\n|faint|p1a: Decidueye\n|\n|upkeep\n|\n|t:|1783542030\n|switch|p1a: Ting-Lu|Ting-Lu, L78|100/100\n|-ability|p1a: Ting-Lu|Vessel of Ruin\n|turn|6\n|inactive|Time left: 300 sec this turn | 300 sec total\n|\n|t:|1783542032\n|move|p2a: Arceus|Will-O-Wisp|p1a: Ting-Lu\n|-status|p1a: Ting-Lu|brn\n|move|p1a: Ting-Lu|Stealth Rock|p2a: Arceus\n|-sidestart|p2: p0y2133c08|move: Stealth Rock\n|\n|-damage|p1a: Ting-Lu|94/100 brn|[from] brn\n|upkeep\n|turn|7\n|inactive|Time left: 300 sec this turn | 300 sec total\n|\n|t:|1783542033\n|move|p2a: Arceus|Judgment|p1a: Ting-Lu\n|-resisted|p1a: Ting-Lu\n|-damage|p1a: Ting-Lu|83/100 brn\n|move|p1a: Ting-Lu|Earthquake|p2a: Arceus\n|-damage|p2a: Arceus|232/280\n|\n|-heal|p1a: Ting-Lu|89/100 brn|[from] item: Leftovers\n|-damage|p1a: Ting-Lu|83/100 brn|[from] brn\n|upkeep\n|turn|8\n|inactive|Time left: 300 sec this turn | 300 sec total\n|\n|t:|1783542034\n|switch|p2a: Cloyster|Cloyster, L80, F|211/211\n|-damage|p2a: Cloyster|159/211|[from] Stealth Rock\n|move|p1a: Ting-Lu|Earthquake|p2a: Cloyster\n|-damage|p2a: Cloyster|129/211\n|\n|-heal|p1a: Ting-Lu|89/100 brn|[from] item: Leftovers\n|-damage|p1a: Ting-Lu|83/100 brn|[from] brn\n|upkeep\n|turn|9\n|inactive|Time left: 300 sec this turn | 300 sec total\n|\n|t:|1783542035\n|move|p2a: Cloyster|Shell Smash|p2a: Cloyster\n|-unboost|p2a: Cloyster|def|1\n|-unboost|p2a: Cloyster|spd|1\n|-boost|p2a: Cloyster|atk|2\n|-boost|p2a: Cloyster|spa|2\n|-boost|p2a: Cloyster|spe|2\n|-enditem|p2a: Cloyster|White Herb\n|-clearnegativeboost|p2a: Cloyster|[silent]\n|move|p1a: Ting-Lu|Whirlwind|p2a: Cloyster\n|drag|p2a: Arceus|Arceus-Ghost, L69|232/280\n|-damage|p2a: Arceus|197/280|[from] Stealth Rock\n|\n|-heal|p1a: Ting-Lu|89/100 brn|[from] item: Leftovers\n|-damage|p1a: Ting-Lu|83/100 brn|[from] brn\n|upkeep\n|turn|10\n|inactive|Time left: 300 sec this turn | 300 sec total\n|\n|t:|1783542036\n|move|p2a: Arceus|Focus Blast|p1a: Ting-Lu|[miss]\n|-miss|p2a: Arceus|p1a: Ting-Lu\n|move|p1a: Ting-Lu|Throat Chop|p2a: Arceus\n|-supereffective|p2a: Arceus\n|-damage|p2a: Arceus|121/280\n|-start|p2a: Arceus|Throat Chop|[silent]\n|\n|-heal|p1a: Ting-Lu|89/100 brn|[from] item: Leftovers\n|-damage|p1a: Ting-Lu|83/100 brn|[from] brn\n|upkeep\n|turn|11\n|inactive|Time left: 300 sec this turn | 300 sec total\n|\n|t:|1783542037\n|move|p2a: Arceus|Recover|p2a: Arceus\n|-heal|p2a: Arceus|261/280\n|move|p1a: Ting-Lu|Earthquake|p2a: Arceus\n|-damage|p2a: Arceus|212/280\n|\n|-heal|p1a: Ting-Lu|89/100 brn|[from] item: Leftovers\n|-damage|p1a: Ting-Lu|83/100 brn|[from] brn\n|-end|p2a: Arceus|Throat Chop|[silent]\n|upkeep\n|turn|12\n|inactive|Time left: 300 sec this turn | 300 sec total\n|\n|t:|1783542038\n|move|p2a: Arceus|Recover|p2a: Arceus\n|-heal|p2a: Arceus|280/280\n|move|p1a: Ting-Lu|Earthquake|p2a: Arceus\n|-damage|p2a: Arceus|233/280\n|\n|-heal|p1a: Ting-Lu|89/100 brn|[from] item: Leftovers\n|-damage|p1a: Ting-Lu|83/100 brn|[from] brn\n|upkeep\n|turn|13\n|inactive|Time left: 300 sec this turn | 300 sec total\n|\n|t:|1783542039\n|move|p2a: Arceus|Focus Blast|p1a: Ting-Lu\n|-supereffective|p1a: Ting-Lu\n|-damage|p1a: Ting-Lu|49/100 brn\n|move|p1a: Ting-Lu|Earthquake|p2a: Arceus\n|-damage|p2a: Arceus|186/280\n|\n|-heal|p1a: Ting-Lu|55/100 brn|[from] item: Leftovers\n|-damage|p1a: Ting-Lu|49/100 brn|[from] brn\n|upkeep\n|turn|14\n|inactive|Time left: 300 sec this turn | 300 sec total\n|\n|t:|1783542040\n|move|p2a: Arceus|Recover|p2a: Arceus\n|-heal|p2a: Arceus|280/280\n|move|p1a: Ting-Lu|Throat Chop|p2a: Arceus\n|-supereffective|p2a: Arceus\n|-damage|p2a: Arceus|201/280\n|-start|p2a: Arceus|Throat Chop|[silent]\n|\n|-heal|p1a: Ting-Lu|55/100 brn|[from] item: Leftovers\n|-damage|p1a: Ting-Lu|49/100 brn|[from] brn\n|upkeep\n|turn|15\n|inactive|Time left: 300 sec this turn | 300 sec total\n|\n|t:|1783542041\n|move|p2a: Arceus|Recover|p2a: Arceus\n|-heal|p2a: Arceus|280/280\n|move|p1a: Ting-Lu|Earthquake|p2a: Arceus\n|-damage|p2a: Arceus|234/280\n|\n|-heal|p1a: Ting-Lu|55/100 brn|[from] item: Leftovers\n|-damage|p1a: Ting-Lu|49/100 brn|[from] brn\n|-end|p2a: Arceus|Throat Chop|[silent]\n|upkeep\n|turn|16\n|inactive|Time left: 300 sec this turn | 300 sec total\n|\n|t:|1783542042\n|move|p2a: Arceus|Focus Blast|p1a: Ting-Lu\n|-supereffective|p1a: Ting-Lu\n|-damage|p1a: Ting-Lu|16/100 brn\n|move|p1a: Ting-Lu|Earthquake|p2a: Arceus\n|-damage|p2a: Arceus|185/280\n|\n|-heal|p1a: Ting-Lu|22/100 brn|[from] item: Leftovers\n|-damage|p1a: Ting-Lu|16/100 brn|[from] brn\n|upkeep\n|turn|17\n|inactive|Time left: 300 sec this turn | 300 sec total\n|\n|t:|1783542043\n|move|p2a: Arceus|Focus Blast|p1a: Ting-Lu|[miss]\n|-miss|p2a: Arceus|p1a: Ting-Lu\n|move|p1a: Ting-Lu|Throat Chop|p2a: Arceus\n|-supereffective|p2a: Arceus\n|-damage|p2a: Arceus|109/280\n|-start|p2a: Arceus|Throat Chop|[silent]\n|\n|-heal|p1a: Ting-Lu|22/100 brn|[from] item: Leftovers\n|-damage|p1a: Ting-Lu|16/100 brn|[from] brn\n|upkeep\n|turn|18\n|inactive|Time left: 300 sec this turn | 300 sec total\n|\n|t:|1783542044\n|move|p2a: Arceus|Recover|p2a: Arceus\n|-heal|p2a: Arceus|249/280\n|move|p1a: Ting-Lu|Throat Chop|p2a: Arceus\n|-supereffective|p2a: Arceus\n|-damage|p2a: Arceus|171/280\n|\n|-heal|p1a: Ting-Lu|22/100 brn|[from] item: Leftovers\n|-damage|p1a: Ting-Lu|16/100 brn|[from] brn\n|-end|p2a: Arceus|Throat Chop|[silent]\n|upkeep\n|turn|19\n|inactive|Time left: 300 sec this turn | 300 sec total\n|\n|t:|1783542045\n|move|p2a: Arceus|Recover|p2a: Arceus\n|-heal|p2a: Arceus|280/280\n|move|p1a: Ting-Lu|Throat Chop|p2a: Arceus\n|-supereffective|p2a: Arceus\n|-damage|p2a: Arceus|204/280\n|-start|p2a: Arceus|Throat Chop|[silent]\n|\n|-heal|p1a: Ting-Lu|22/100 brn|[from] item: Leftovers\n|-damage|p1a: Ting-Lu|16/100 brn|[from] brn\n|upkeep\n|turn|20\n|inactive|Time left: 300 sec this turn | 300 sec total\n|\n|t:|1783542046\n|move|p2a: Arceus|Judgment|p1a: Ting-Lu\n|-resisted|p1a: Ting-Lu\n|-damage|p1a: Ting-Lu|3/100 brn\n|move|p1a: Ting-Lu|Earthquake|p2a: Arceus\n|-damage|p2a: Arceus|156/280\n|\n|-heal|p1a: Ting-Lu|9/100 brn|[from] item: Leftovers\n|-damage|p1a: Ting-Lu|3/100 brn|[from] brn\n|-end|p2a: Arceus|Throat Chop|[silent]\n|upkeep\n|turn|21\n|inactive|Time left: 300 sec this turn | 300 sec total\n|\n|t:|1783542048\n|switch|p1a: Gouging Fire|Gouging Fire, L74|100/100\n|move|p2a: Arceus|Recover|p2a: Arceus\n|-heal|p2a: Arceus|280/280\n|\n|upkeep\n|turn|22\n|inactive|Time left: 300 sec this turn | 300 sec total\n|\n|t:|1783542049\n|move|p2a: Arceus|Judgment|p1a: Gouging Fire\n|-damage|p1a: Gouging Fire|62/100\n|move|p1a: Gouging Fire|Dragon Dance|p1a: Gouging Fire\n|-boost|p1a: Gouging Fire|atk|1\n|-boost|p1a: Gouging Fire|spe|1\n|\n|upkeep\n|turn|23\n|inactive|Time left: 300 sec this turn | 300 sec total\n|\n|t:|1783542050\n|move|p1a: Gouging Fire|Outrage|p2a: Arceus\n|-damage|p2a: Arceus|127/280\n|move|p2a: Arceus|Judgment|p1a: Gouging Fire\n|-damage|p1a: Gouging Fire|21/100\n|\n|upkeep\n|turn|24\n|inactive|Time left: 300 sec this turn | 300 sec total\n|\n|t:|1783542051\n|switch|p2a: Magearna|Magearna, L77|250/250\n|-damage|p2a: Magearna|235/250|[from] Stealth Rock\n|move|p1a: Gouging Fire|Outrage|p2a: Magearna|[from] lockedmove\n|-immune|p2a: Magearna\n|-start|p1a: Gouging Fire|confusion|[fatigue]\n|\n|upkeep\n|turn|25\n|inactive|Time left: 300 sec this turn | 300 sec total\n|\n|t:|1783542052\n|switch|p2a: Houndoom|Houndoom, L87, M|272/272\n|-activate|p1a: Gouging Fire|confusion\n|-damage|p1a: Gouging Fire|10/100|[from] confusion\n|\n|upkeep\n|turn|26\n|inactive|Time left: 300 sec this turn | 300 sec total\n|\n|t:|1783542053\n|-activate|p1a: Gouging Fire|confusion\n|move|p1a: Gouging Fire|Earthquake|p2a: Houndoom\n|-supereffective|p2a: Houndoom\n|-damage|p2a: Houndoom|8/272\n|move|p2a: Houndoom|Dark Pulse|p1a: Gouging Fire\n|-damage|p1a: Gouging Fire|0 fnt\n|faint|p1a: Gouging Fire\n|-end|p1a: Gouging Fire|Protosynthesis|[silent]\n|\n|upkeep\n|\n|t:|1783542055\n|switch|p1a: Iron Thorns|Iron Thorns, L83|100/100\n|turn|27\n|inactive|Time left: 300 sec this turn | 300 sec total\n|\n|t:|1783542056\n|move|p2a: Houndoom|Dark Pulse|p1a: Iron Thorns\n|-damage|p1a: Iron Thorns|78/100\n|move|p1a: Iron Thorns|Wild Charge|p2a: Houndoom\n|-damage|p2a: Houndoom|0 fnt\n|faint|p2a: Houndoom\n|-damage|p1a: Iron Thorns|78/100|[from] Recoil\n|\n|upkeep\n|inactive|Time left: 300 sec this turn | 300 sec total | 5 sec grace\n|\n|t:|1783542057\n|switch|p2a: Arceus|Arceus-Ghost, L69|127/280\n|-damage|p2a: Arceus|92/280|[from] Stealth Rock\n|turn|28\n|inactive|Time left: 300 sec this turn | 300 sec total\n|\n|t:|1783542058\n|move|p2a: Arceus|Will-O-Wisp|p1a: Iron Thorns\n|-status|p1a: Iron Thorns|brn\n|move|p1a: Iron Thorns|Stone Edge|p2a: Arceus\n|-damage|p2a: Arceus|23/280\n|\n|-damage|p1a: Iron Thorns|72/100 brn|[from] brn\n|upkeep\n|turn|29\n|inactive|Time left: 300 sec this turn | 300 sec total\n|\n|t:|1783542059\n|move|p2a: Arceus|Recover|p2a: Arceus\n|-heal|p2a: Arceus|163/280\n|move|p1a: Iron Thorns|Wild Charge|p2a: Arceus\n|-damage|p2a: Arceus|106/280\n|-damage|p1a: Iron Thorns|67/100 brn|[from] Recoil\n|\n|-damage|p1a: Iron Thorns|61/100 brn|[from] brn\n|upkeep\n|turn|30\n|inactive|Time left: 300 sec this turn | 300 sec total\n|\n|t:|1783542060\n|move|p2a: Arceus|Judgment|p1a: Iron Thorns\n|-damage|p1a: Iron Thorns|37/100 brn\n|move|p1a: Iron Thorns|Volt Switch|p2a: Arceus\n|-damage|p2a: Arceus|51/280\n|\n|t:|1783542061\n|-end|p1a: Iron Thorns|Quark Drive|[silent]\n|switch|p1a: Hawlucha|Hawlucha, L80, M|100/100|[from] Volt Switch\n|\n|upkeep\n|turn|31\n|inactive|Time left: 300 sec this turn | 300 sec total\n|\n|t:|1783542062\n|move|p1a: Hawlucha|Brave Bird|p2a: Arceus\n|-damage|p2a: Arceus|0 fnt\n|faint|p2a: Arceus\n|-damage|p1a: Hawlucha|94/100|[from] Recoil\n|\n|upkeep\n|inactive|Time left: 300 sec this turn | 300 sec total | 5 sec grace\n|\n|t:|1783542063\n|switch|p2a: Cinccino|Cinccino, L83, F|260/260\n|-damage|p2a: Cinccino|228/260|[from] Stealth Rock\n|turn|32\n|inactive|Time left: 300 sec this turn | 300 sec total\n|\n|t:|1783542064\n|switch|p1a: Skeledirge|Skeledirge, L79, F|100/100\n|move|p2a: Cinccino|Triple Axel|p1a: Skeledirge\n|-resisted|p1a: Skeledirge\n|-damage|p1a: Skeledirge|97/100\n|-resisted|p1a: Skeledirge\n|-damage|p1a: Skeledirge|90/100\n|-resisted|p1a: Skeledirge\n|-damage|p1a: Skeledirge|79/100\n|-hitcount|p1a: Skeledirge|3\n|\n|upkeep\n|turn|33\n|inactive|Time left: 300 sec this turn | 300 sec total\n|\n|t:|1783542065\n|move|p2a: Cinccino|Bullet Seed|p1a: Skeledirge\n|-resisted|p1a: Skeledirge\n|-damage|p1a: Skeledirge|75/100\n|-resisted|p1a: Skeledirge\n|-damage|p1a: Skeledirge|72/100\n|-resisted|p1a: Skeledirge\n|-damage|p1a: Skeledirge|67/100\n|-resisted|p1a: Skeledirge\n|-damage|p1a: Skeledirge|63/100\n|-resisted|p1a: Skeledirge\n|-damage|p1a: Skeledirge|59/100\n|-hitcount|p1a: Skeledirge|5\n|move|p1a: Skeledirge|Torch Song|p2a: Cinccino\n|-damage|p2a: Cinccino|114/260\n|-boost|p1a: Skeledirge|spa|1\n|\n|upkeep\n|turn|34\n|inactive|Time left: 300 sec this turn | 300 sec total\n|\n|t:|1783542066\n|move|p2a: Cinccino|Triple Axel|p1a: Skeledirge\n|-resisted|p1a: Skeledirge\n|-crit|p1a: Skeledirge\n|-damage|p1a: Skeledirge|54/100\n|-resisted|p1a: Skeledirge\n|-damage|p1a: Skeledirge|47/100\n|-resisted|p1a: Skeledirge\n|-damage|p1a: Skeledirge|37/100\n|-hitcount|p1a: Skeledirge|3\n|move|p1a: Skeledirge|Torch Song|p2a: Cinccino\n|-damage|p2a: Cinccino|0 fnt\n|-boost|p1a: Skeledirge|spa|1\n|faint|p2a: Cinccino\n|\n|upkeep\n|inactive|Time left: 300 sec this turn | 300 sec total | 5 sec grace\n|\n|t:|1783542067\n|switch|p2a: Cloyster|Cloyster, L80, F|129/211\n|-damage|p2a: Cloyster|77/211|[from] Stealth Rock\n|turn|35\n|inactive|Time left: 300 sec this turn | 300 sec total\n|\n|t:|1783542068\n|-terastallize|p2a: Cloyster|Rock\n|move|p2a: Cloyster|Rock Blast|p1a: Skeledirge\n|-supereffective|p1a: Skeledirge\n|-damage|p1a: Skeledirge|22/100\n|-supereffective|p1a: Skeledirge\n|-damage|p1a: Skeledirge|5/100\n|-supereffective|p1a: Skeledirge\n|-crit|p1a: Skeledirge\n|-damage|p1a: Skeledirge|0 fnt\n|faint|p1a: Skeledirge\n|-hitcount|p1: Skeledirge|3\n|\n|upkeep\n|\n|t:|1783542069\n|switch|p1a: Iron Thorns|Iron Thorns, L83|37/100 brn\n|turn|36\n|inactive|Time left: 300 sec this turn | 300 sec total\n|\n|t:|1783542070\n|move|p1a: Iron Thorns|Volt Switch|p2a: Cloyster\n|-damage|p2a: Cloyster|0 fnt\n|faint|p2a: Cloyster\n|\n|t:|1783542071\n|-end|p1a: Iron Thorns|Quark Drive|[silent]\n|switch|p1a: Hawlucha|Hawlucha, L80, M|94/100|[from] Volt Switch\n|\n|upkeep\n|inactive|Time left: 300 sec this turn | 300 sec total | 10 sec grace\n|\n|t:|1783542072\n|switch|p2a: Magearna|Magearna, L77|235/250\n|-damage|p2a: Magearna|220/250|[from] Stealth Rock\n|turn|37\n|inactive|Time left: 300 sec this turn | 300 sec total\n|\n|t:|1783542073\n|-terastallize|p1a: Hawlucha|Flying\n|move|p1a: Hawlucha|Swords Dance|p1a: Hawlucha\n|-boost|p1a: Hawlucha|atk|2\n|move|p2a: Magearna|Fleur Cannon|p1a: Hawlucha\n|-crit|p1a: Hawlucha\n|-damage|p1a: Hawlucha|0 fnt\n|-unboost|p2a: Magearna|spa|2\n|faint|p1a: Hawlucha\n|-ability|p2a: Magearna|Soul-Heart|boost\n|-boost|p2a: Magearna|spa|1\n|\n|upkeep\n|\n|t:|1783542074\n|switch|p1a: Iron Thorns|Iron Thorns, L83|37/100 brn\n|turn|38\n|inactive|Time left: 300 sec this turn | 300 sec total\n|\n|t:|1783542075\n|move|p2a: Magearna|Fleur Cannon|p1a: Iron Thorns\n|-damage|p1a: Iron Thorns|13/100 brn\n|-unboost|p2a: Magearna|spa|2\n|move|p1a: Iron Thorns|Stone Edge|p2a: Magearna\n|-resisted|p2a: Magearna\n|-damage|p2a: Magearna|193/250\n|\n|-damage|p1a: Iron Thorns|7/100 brn|[from] brn\n|upkeep\n|turn|39\n|inactive|Time left: 300 sec this turn | 300 sec total\n|\n|t:|1783542076\n|move|p2a: Magearna|Fleur Cannon|p1a: Iron Thorns\n|-damage|p1a: Iron Thorns|0 fnt\n|-unboost|p2a: Magearna|spa|2\n|faint|p1a: Iron Thorns\n|-ability|p2a: Magearna|Soul-Heart|boost\n|-boost|p2a: Magearna|spa|1\n|-end|p1a: Iron Thorns|Quark Drive|[silent]\n|\n|upkeep\n|\n|t:|1783542077\n|switch|p1a: Ting-Lu|Ting-Lu, L78|3/100 brn\n|-ability|p1a: Ting-Lu|Vessel of Ruin\n|turn|40\n|inactive|Time left: 300 sec this turn | 300 sec total\n|\n|t:|1783542078\n|move|p2a: Magearna|Fleur Cannon|p1a: Ting-Lu\n|-supereffective|p1a: Ting-Lu\n|-damage|p1a: Ting-Lu|0 fnt\n|-unboost|p2a: Magearna|spa|2\n|faint|p1a: Ting-Lu\n|\n|win|p0y2133c08", "uploadtime": 1783542078, "views": 0, "rating": 0, "private": 0, "password": null, "_winner": "p0y2133c08", "_our_name": "p0y2133c08"}