{"id": "battle-gen9randombattle-597", "formatid": "gen9randombattle", "format": "[Gen 9] Random Battle", "players": ["p0x5970df9", "p0y597b391"], "log": "|init|battle\n|title|p0x5970df9 vs. p0y597b391\n|j|\u2606p0x5970df9\n|j|\u2606p0y597b391\n|t:|1783546760\n|gametype|singles\n|player|p1|p0x5970df9|102|\n|player|p2|p0y597b391|1|\n|gen|9\n|tier|[Gen 9] Random Battle\n|rule|Species Clause: Limit one of each Pok\u00e9mon\n|rule|HP Percentage Mod: HP is shown in percentages\n|rule|Sleep Clause Mod: Limit one foe put to sleep\n|rule|Illusion Level Mod: Illusion disguises the Pok\u00e9mon's true level\n|\n|t:|1783546760\n|teamsize|p1|6\n|teamsize|p2|6\n|start\n|switch|p1a: Crawdaunt|Crawdaunt, L84, M|100/100\n|switch|p2a: Palafin|Palafin, L77, F|281/281\n|turn|1\n|inactive|Battle timer is ON: inactive players will automatically lose when time's up. (requested by p0y597b391)\n|inactive|p0x5970df9 also wants the timer to be on.\n|\n|t:|1783546762\n|move|p2a: Palafin|Flip Turn|p1a: Crawdaunt\n|-resisted|p1a: Crawdaunt\n|-crit|p1a: Crawdaunt\n|-damage|p1a: Crawdaunt|82/100\n|inactive|Time left: 300 sec this turn | 300 sec total | 65 sec grace\n|\n|t:|1783546763\n|detailschange|p2a: Palafin|Palafin-Hero, L77, F\n|switch|p2a: Wo-Chien|Wo-Chien, L83|277/277|[from] Flip Turn\n|-ability|p2a: Wo-Chien|Tablets of Ruin\n|move|p1a: Crawdaunt|Knock Off|p2a: Wo-Chien\n|-resisted|p2a: Wo-Chien\n|-damage|p2a: Wo-Chien|200/277\n|-enditem|p2a: Wo-Chien|Leftovers|[from] move: Knock Off|[of] p1a: Crawdaunt\n|-damage|p1a: Crawdaunt|72/100|[from] item: Life Orb\n|\n|upkeep\n|turn|2\n|inactive|Time left: 300 sec this turn | 300 sec total\n|\n|t:|1783546764\n|switch|p1a: Masquerain|Masquerain, L87, F|100/100\n|-ability|p1a: Masquerain|Intimidate|boost\n|-unboost|p2a: Wo-Chien|atk|1\n|move|p2a: Wo-Chien|Leech Seed|p1a: Masquerain\n|-start|p1a: Masquerain|move: Leech Seed\n|\n|-damage|p1a: Masquerain|88/100|[from] Leech Seed|[of] p2a: Wo-Chien\n|-heal|p2a: Wo-Chien|233/277|[silent]\n|upkeep\n|turn|3\n|inactive|Time left: 300 sec this turn | 300 sec total\n|\n|t:|1783546765\n|switch|p1a: Sunflora|Sunflora, F|100/100\n|switch|p2a: Maushold|Maushold, L76|238/238\n|\n|upkeep\n|turn|4\n|inactive|Time left: 300 sec this turn | 300 sec total\n|\n|t:|1783546766\n|-terastallize|p2a: Maushold|Normal\n|move|p2a: Maushold|Population Bomb|p1a: Sunflora\n|-damage|p1a: Sunflora|88/100\n|-damage|p1a: Sunflora|75/100\n|-damage|p1a: Sunflora|63/100\n|-damage|p1a: Sunflora|52/100\n|-damage|p1a: Sunflora|42/100\n|-damage|p1a: Sunflora|29/100\n|-crit|p1a: Sunflora\n|-damage|p1a: Sunflora|11/100\n|-damage|p1a: Sunflora|0 fnt\n|faint|p1a: Sunflora\n|-hitcount|p1: Sunflora|8\n|\n|upkeep\n|\n|t:|1783546767\n|switch|p1a: Golem|Golem-Alola, L93, F|100/100\n|turn|5\n|inactive|Time left: 300 sec this turn | 300 sec total\n|\n|t:|1783546768\n|switch|p2a: Appletun|Appletun, L92, M|352/352\n|move|p1a: Golem|Stone Edge|p2a: Appletun\n|-damage|p2a: Appletun|152/352\n|-damage|p1a: Golem|90/100|[from] item: Life Orb\n|\n|-heal|p2a: Appletun|174/352|[from] item: Leftovers\n|upkeep\n|turn|6\n|inactive|Time left: 300 sec this turn | 300 sec total\n|\n|t:|1783546769\n|move|p1a: Golem|Stone Edge|p2a: Appletun\n|-damage|p2a: Appletun|0 fnt\n|faint|p2a: Appletun\n|-damage|p1a: Golem|80/100|[from] item: Life Orb\n|\n|upkeep\n|inactive|Time left: 300 sec this turn | 300 sec total | 5 sec grace\n|\n|t:|1783546770\n|switch|p2a: Palafin|Palafin-Hero, L77, F|281/281\n|-activate|p2a: Palafin|ability: Zero to Hero\n|turn|7\n|inactive|Time left: 300 sec this turn | 300 sec total\n|\n|t:|1783546771\n|-terastallize|p1a: Golem|Flying\n|move|p2a: Palafin|Wave Crash|p1a: Golem\n|-damage|p1a: Golem|28/100\n|-damage|p2a: Palafin|229/281|[from] Recoil\n|move|p1a: Golem|Double-Edge|p2a: Palafin\n|-supereffective|p2a: Palafin\n|-damage|p2a: Palafin|0 fnt\n|faint|p2a: Palafin\n|-damage|p1a: Golem|3/100|[from] Recoil\n|-damage|p1a: Golem|0 fnt|[from] item: Life Orb\n|faint|p1a: Golem\n|\n|upkeep\n|inactive|Time left: 300 sec this turn | 300 sec total | 5 sec grace\n|\n|t:|1783546772\n|switch|p2a: Gengar|Gengar, L81, M|230/230\n|switch|p1a: Mesprit|Mesprit, L85|100/100\n|turn|8\n|inactive|Time left: 300 sec this turn | 300 sec total\n|\n|t:|1783546773\n|move|p2a: Gengar|Shadow Ball|p1a: Mesprit\n|-supereffective|p1a: Mesprit\n|-damage|p1a: Mesprit|39/100\n|move|p1a: Mesprit|Knock Off|p2a: Gengar\n|-supereffective|p2a: Gengar\n|-crit|p2a: Gengar\n|-damage|p2a: Gengar|0 fnt\n|-enditem|p2a: Gengar|Choice Specs|[from] move: Knock Off|[of] p1a: Mesprit\n|faint|p2a: Gengar\n|\n|upkeep\n|inactive|Time left: 300 sec this turn | 300 sec total | 5 sec grace\n|\n|t:|1783546774\n|switch|p2a: Maushold|Maushold, L76|235/235\n|turn|9\n|inactive|Time left: 300 sec this turn | 300 sec total\n|\n|t:|1783546775\n|move|p2a: Maushold|Dark Pulse|p1a: Mesprit\n|-supereffective|p1a: Mesprit\n|-damage|p1a: Mesprit|0 fnt\n|faint|p1a: Mesprit\n|\n|upkeep\n|\n|t:|1783546776\n|switch|p1a: Crawdaunt|Crawdaunt, L84, M|72/100\n|turn|10\n|inactive|Time left: 300 sec this turn | 300 sec total\n|\n|t:|1783546777\n|move|p2a: Maushold|Dark Pulse|p1a: Crawdaunt\n|-resisted|p1a: Crawdaunt\n|-damage|p1a: Crawdaunt|29/100\n|move|p1a: Crawdaunt|Close Combat|p2a: Maushold\n|-supereffective|p2a: Maushold\n|-damage|p2a: Maushold|0 fnt\n|-unboost|p1a: Crawdaunt|def|1\n|-unboost|p1a: Crawdaunt|spd|1\n|replace|p2a: Zoroark|Zoroark, L83, M\n|-end|p2a: Zoroark|Illusion\n|-hint|Illusion Level Mod is active, so this Pok\u00e9mon's true level was hidden.\n|faint|p2a: Zoroark\n|-damage|p1a: Crawdaunt|19/100|[from] item: Life Orb\n|\n|upkeep\n|inactive|Time left: 300 sec this turn | 300 sec total | 5 sec grace\n|\n|t:|1783546778\n|switch|p2a: Maushold|Maushold, L76, tera:Normal|238/238\n|turn|11\n|inactive|Time left: 300 sec this turn | 300 sec total\n|\n|t:|1783546779\n|move|p2a: Maushold|Population Bomb|p1a: Crawdaunt\n|-damage|p1a: Crawdaunt|0 fnt\n|faint|p1a: Crawdaunt\n|-hitcount|p1: Crawdaunt|1\n|\n|upkeep\n|\n|t:|1783546780\n|switch|p1a: Arbok|Arbok, L87, F|100/100\n|-ability|p1a: Arbok|Intimidate|boost\n|-unboost|p2a: Maushold|atk|1\n|turn|12\n|inactive|Time left: 300 sec this turn | 300 sec total\n|\n|t:|1783546781\n|move|p2a: Maushold|Population Bomb|p1a: Arbok\n|-damage|p1a: Arbok|91/100\n|-damage|p1a: Arbok|81/100\n|-damage|p1a: Arbok|71/100\n|-damage|p1a: Arbok|61/100\n|-damage|p1a: Arbok|52/100\n|-damage|p1a: Arbok|42/100\n|-damage|p1a: Arbok|32/100\n|-crit|p1a: Arbok\n|-damage|p1a: Arbok|13/100\n|-damage|p1a: Arbok|3/100\n|-damage|p1a: Arbok|0 fnt\n|faint|p1a: Arbok\n|-hitcount|p1: Arbok|10\n|\n|upkeep\n|\n|t:|1783546781\n|switch|p1a: Masquerain|Masquerain, L87, F|88/100\n|-ability|p1a: Masquerain|Intimidate|boost\n|-unboost|p2a: Maushold|atk|1\n|turn|13\n|inactive|Time left: 300 sec this turn | 300 sec total\n|\n|t:|1783546782\n|move|p2a: Maushold|Population Bomb|p1a: Masquerain\n|-damage|p1a: Masquerain|80/100\n|-crit|p1a: Masquerain\n|-damage|p1a: Masquerain|60/100\n|-damage|p1a: Masquerain|52/100\n|-damage|p1a: Masquerain|45/100\n|-damage|p1a: Masquerain|36/100\n|-damage|p1a: Masquerain|29/100\n|-hitcount|p1a: Masquerain|6\n|move|p1a: Masquerain|Quiver Dance|p1a: Masquerain\n|-boost|p1a: Masquerain|spa|1\n|-boost|p1a: Masquerain|spd|1\n|-boost|p1a: Masquerain|spe|1\n|\n|upkeep\n|turn|14\n|inactive|Time left: 300 sec this turn | 300 sec total\n|\n|t:|1783546783\n|move|p1a: Masquerain|Hurricane|p2a: Maushold\n|-damage|p2a: Maushold|0 fnt\n|faint|p2a: Maushold\n|\n|upkeep\n|inactive|Time left: 300 sec this turn | 300 sec total | 5 sec grace\n|\n|t:|1783546784\n|switch|p2a: Wo-Chien|Wo-Chien, L83|233/277\n|-ability|p2a: Wo-Chien|Tablets of Ruin\n|turn|15\n|inactive|Time left: 300 sec this turn | 300 sec total\n|\n|t:|1783546784\n|move|p2a: Wo-Chien|Protect|p2a: Wo-Chien\n|-singleturn|p2a: Wo-Chien|Protect\n|move|p1a: Masquerain|Bug Buzz|p2a: Wo-Chien\n|-activate|p2a: Wo-Chien|move: Protect\n|\n|upkeep\n|turn|16\n|inactive|Time left: 300 sec this turn | 300 sec total\n|\n|t:|1783546785\n|move|p1a: Masquerain|Bug Buzz|p2a: Wo-Chien\n|-supereffective|p2a: Wo-Chien\n|-damage|p2a: Wo-Chien|0 fnt\n|faint|p2a: Wo-Chien\n|\n|win|p0x5970df9", "uploadtime": 1783546785, "views": 0, "rating": 0, "private": 0, "password": null, "_winner": "p0x5970df9", "_our_name": "p0y597b391"}