{"id": "battle-gen9randombattle-178", "formatid": "gen9randombattle", "format": "[Gen 9] Random Battle", "players": ["p0x1781f35", "p0y1785794"], "log": "|init|battle\n|title|p0x1781f35 vs. p0y1785794\n|j|\u2606p0x1781f35\n|j|\u2606p0y1785794\n|t:|1783535301\n|gametype|singles\n|player|p1|p0x1781f35|2|\n|player|p2|p0y1785794|170|\n|gen|9\n|tier|[Gen 9] Random Battle\n|rule|Species Clause: Limit one of each Pok\u00e9mon\n|rule|HP Percentage Mod: HP is shown in percentages\n|rule|Sleep Clause Mod: Limit one foe put to sleep\n|rule|Illusion Level Mod: Illusion disguises the Pok\u00e9mon's true level\n|\n|t:|1783535301\n|teamsize|p1|6\n|teamsize|p2|6\n|start\n|switch|p1a: Scovillain|Scovillain, L91, F|266/266\n|switch|p2a: Quagsire|Quagsire, L84, M|100/100\n|turn|1\n|inactive|Battle timer is ON: inactive players will automatically lose when time's up. (requested by p0y1785794)\n|inactive|Time left: 300 sec this turn | 300 sec total | 60 sec grace\n|inactive|p0x1781f35 also wants the timer to be on.\n|\n|t:|1783535302\n|switch|p2a: Altaria|Altaria, L89, F|100/100\n|move|p1a: Scovillain|Energy Ball|p2a: Altaria\n|-resisted|p2a: Altaria\n|-damage|p2a: Altaria|91/100\n|\n|upkeep\n|turn|2\n|inactive|Time left: 300 sec this turn | 300 sec total\n|\n|t:|1783535303\n|switch|p1a: Granbull|Granbull, L88, M|302/302\n|-ability|p1a: Granbull|Intimidate|boost\n|-unboost|p2a: Altaria|atk|1\n|move|p2a: Altaria|Dragon Dance|p2a: Altaria\n|-boost|p2a: Altaria|atk|1\n|-boost|p2a: Altaria|spe|1\n|\n|upkeep\n|turn|3\n|inactive|Time left: 300 sec this turn | 300 sec total\n|\n|t:|1783535305\n|move|p2a: Altaria|Dragon Dance|p2a: Altaria\n|-boost|p2a: Altaria|atk|1\n|-boost|p2a: Altaria|spe|1\n|move|p1a: Granbull|Play Rough|p2a: Altaria\n|-supereffective|p2a: Altaria\n|-damage|p2a: Altaria|11/100\n|\n|upkeep\n|turn|4\n|inactive|Time left: 300 sec this turn | 300 sec total\n|\n|t:|1783535306\n|move|p2a: Altaria|Roost|p2a: Altaria\n|-heal|p2a: Altaria|61/100\n|-singleturn|p2a: Altaria|move: Roost\n|move|p1a: Granbull|Play Rough|p2a: Altaria\n|-supereffective|p2a: Altaria\n|-damage|p2a: Altaria|0 fnt\n|faint|p2a: Altaria\n|\n|upkeep\n|\n|t:|1783535307\n|switch|p2a: Sawsbuck|Sawsbuck-Summer, L88, M|100/100\n|turn|5\n|inactive|Time left: 300 sec this turn | 300 sec total\n|\n|t:|1783535308\n|move|p2a: Sawsbuck|Swords Dance|p2a: Sawsbuck\n|-boost|p2a: Sawsbuck|atk|2\n|move|p1a: Granbull|Play Rough|p2a: Sawsbuck\n|-damage|p2a: Sawsbuck|52/100\n|\n|upkeep\n|turn|6\n|inactive|Time left: 300 sec this turn | 300 sec total\n|\n|t:|1783535309\n|switch|p1a: Bronzong|Bronzong, L88|261/261\n|move|p2a: Sawsbuck|Horn Leech|p1a: Bronzong\n|-resisted|p1a: Bronzong\n|-damage|p1a: Bronzong|177/261\n|-heal|p2a: Sawsbuck|66/100|[from] drain|[of] p1a: Bronzong\n|-damage|p2a: Sawsbuck|56/100|[from] item: Life Orb\n|\n|upkeep\n|turn|7\n|inactive|Time left: 300 sec this turn | 300 sec total\n|\n|t:|1783535311\n|move|p2a: Sawsbuck|Horn Leech|p1a: Bronzong\n|-resisted|p1a: Bronzong\n|-damage|p1a: Bronzong|95/261\n|-heal|p2a: Sawsbuck|71/100|[from] drain|[of] p1a: Bronzong\n|-damage|p2a: Sawsbuck|61/100|[from] item: Life Orb\n|move|p1a: Bronzong|Body Press|p2a: Sawsbuck\n|-supereffective|p2a: Sawsbuck\n|-damage|p2a: Sawsbuck|9/100\n|\n|upkeep\n|turn|8\n|inactive|Time left: 300 sec this turn | 300 sec total\n|\n|t:|1783535312\n|move|p2a: Sawsbuck|Double-Edge|p1a: Bronzong\n|-resisted|p1a: Bronzong\n|-damage|p1a: Bronzong|0 fnt\n|faint|p1a: Bronzong\n|-damage|p2a: Sawsbuck|0 fnt|[from] Recoil\n|faint|p2a: Sawsbuck\n|\n|upkeep\n|inactive|Time left: 300 sec this turn | 300 sec total | 5 sec grace\n|\n|t:|1783535313\n|switch|p2a: Conkeldurr|Conkeldurr, L80, F|100/100\n|switch|p1a: Scovillain|Scovillain, L91, F|266/266\n|turn|9\n|inactive|Time left: 300 sec this turn | 300 sec total\n|\n|t:|1783535314\n|move|p1a: Scovillain|Energy Ball|p2a: Conkeldurr\n|-damage|p2a: Conkeldurr|49/100\n|move|p2a: Conkeldurr|Close Combat|p1a: Scovillain\n|-damage|p1a: Scovillain|98/266\n|-unboost|p2a: Conkeldurr|def|1\n|-unboost|p2a: Conkeldurr|spd|1\n|\n|-status|p2a: Conkeldurr|brn|[from] item: Flame Orb\n|upkeep\n|turn|10\n|inactive|Time left: 300 sec this turn | 300 sec total\n|\n|t:|1783535315\n|switch|p2a: Misdreavus|Misdreavus, L90, F|100/100\n|move|p1a: Scovillain|Fire Blast|p2a: Misdreavus\n|-damage|p2a: Misdreavus|63/100\n|\n|upkeep\n|turn|11\n|inactive|Time left: 300 sec this turn | 300 sec total\n|\n|t:|1783535316\n|switch|p1a: Komala|Komala, L87, M|255/255\n|-ability|p1a: Komala|Comatose\n|move|p2a: Misdreavus|Shadow Ball|p1a: Komala\n|-immune|p1a: Komala\n|\n|upkeep\n|turn|12\n|inactive|Time left: 300 sec this turn | 300 sec total\n|\n|t:|1783535317\n|move|p2a: Misdreavus|Calm Mind|p2a: Misdreavus\n|-boost|p2a: Misdreavus|spa|1\n|-boost|p2a: Misdreavus|spd|1\n|move|p1a: Komala|Knock Off|p2a: Misdreavus\n|-supereffective|p2a: Misdreavus\n|-damage|p2a: Misdreavus|6/100\n|-enditem|p2a: Misdreavus|Eviolite|[from] move: Knock Off|[of] p1a: Komala\n|\n|upkeep\n|turn|13\n|inactive|Time left: 300 sec this turn | 300 sec total\n|\n|t:|1783535318\n|move|p2a: Misdreavus|Draining Kiss|p1a: Komala\n|-damage|p1a: Komala|221/255\n|-heal|p2a: Misdreavus|16/100|[from] drain|[of] p1a: Komala\n|move|p1a: Komala|Knock Off|p2a: Misdreavus\n|-supereffective|p2a: Misdreavus\n|-damage|p2a: Misdreavus|0 fnt\n|faint|p2a: Misdreavus\n|\n|upkeep\n|\n|t:|1783535319\n|switch|p2a: Electivire|Electivire, L84, M|100/100\n|turn|14\n|inactive|Time left: 300 sec this turn | 300 sec total\n|\n|t:|1783535320\n|switch|p1a: Granbull|Granbull, L88, M|302/302\n|-ability|p1a: Granbull|Intimidate|boost\n|-unboost|p2a: Electivire|atk|1\n|move|p2a: Electivire|Supercell Slam|p1a: Granbull\n|-damage|p1a: Granbull|188/302\n|-damage|p2a: Electivire|91/100|[from] item: Life Orb\n|\n|-heal|p1a: Granbull|206/302|[from] item: Leftovers\n|upkeep\n|turn|15\n|inactive|Time left: 300 sec this turn | 300 sec total\n|\n|t:|1783535321\n|move|p2a: Electivire|Volt Switch|p1a: Granbull\n|-damage|p1a: Granbull|92/302\n|-damage|p2a: Electivire|81/100|[from] item: Life Orb\n|\n|t:|1783535322\n|switch|p2a: Quagsire|Quagsire, L84, M|100/100|[from] Volt Switch\n|move|p1a: Granbull|Play Rough|p2a: Quagsire\n|-damage|p2a: Quagsire|58/100\n|\n|-heal|p1a: Granbull|110/302|[from] item: Leftovers\n|-heal|p2a: Quagsire|64/100|[from] item: Leftovers\n|upkeep\n|turn|16\n|inactive|Time left: 300 sec this turn | 300 sec total\n|\n|t:|1783535323\n|move|p1a: Granbull|Play Rough|p2a: Quagsire\n|-damage|p2a: Quagsire|17/100\n|move|p2a: Quagsire|Earthquake|p1a: Granbull\n|-damage|p1a: Granbull|11/302\n|\n|-heal|p1a: Granbull|29/302|[from] item: Leftovers\n|-heal|p2a: Quagsire|23/100|[from] item: Leftovers\n|upkeep\n|turn|17\n|inactive|Time left: 300 sec this turn | 300 sec total\n|\n|t:|1783535324\n|move|p1a: Granbull|Earthquake|p2a: Quagsire\n|-damage|p2a: Quagsire|0 fnt\n|faint|p2a: Quagsire\n|\n|-heal|p1a: Granbull|47/302|[from] item: Leftovers\n|upkeep\n|\n|t:|1783535325\n|switch|p2a: Electivire|Electivire, L84, M|81/100\n|turn|18\n|inactive|Time left: 300 sec this turn | 300 sec total\n|\n|t:|1783535326\n|switch|p1a: Morpeko|Morpeko, L88, M|245/245\n|move|p2a: Electivire|Knock Off|p1a: Morpeko\n|-resisted|p1a: Morpeko\n|-damage|p1a: Morpeko|172/245\n|-enditem|p1a: Morpeko|Leftovers|[from] move: Knock Off|[of] p2a: Electivire\n|-damage|p2a: Electivire|71/100|[from] item: Life Orb\n|\n|-formechange|p1a: Morpeko|Morpeko-Hangry||[from] ability: Hunger Switch\n|upkeep\n|turn|19\n|inactive|Time left: 300 sec this turn | 300 sec total\n|\n|t:|1783535327\n|-terastallize|p2a: Electivire|Dark\n|move|p1a: Morpeko|Aura Wheel|p2a: Electivire\n|-resisted|p2a: Electivire\n|-damage|p2a: Electivire|42/100\n|-boost|p1a: Morpeko|spe|1\n|move|p2a: Electivire|Ice Punch|p1a: Morpeko\n|-damage|p1a: Morpeko|69/245\n|-damage|p2a: Electivire|32/100|[from] item: Life Orb\n|\n|-formechange|p1a: Morpeko|Morpeko||[from] ability: Hunger Switch\n|upkeep\n|turn|20\n|inactive|Time left: 300 sec this turn | 300 sec total\n|\n|t:|1783535329\n|move|p1a: Morpeko|Rapid Spin|p2a: Electivire\n|-damage|p2a: Electivire|14/100\n|-boost|p1a: Morpeko|spe|1\n|move|p2a: Electivire|Ice Punch|p1a: Morpeko\n|-damage|p1a: Morpeko|0 fnt\n|faint|p1a: Morpeko\n|-damage|p2a: Electivire|4/100|[from] item: Life Orb\n|\n|upkeep\n|inactive|Time left: 300 sec this turn | 300 sec total | 5 sec grace\n|\n|t:|1783535330\n|switch|p1a: Pincurchin|Pincurchin, M|258/258\n|-fieldstart|move: Electric Terrain|[from] ability: Electric Surge|[of] p1a: Pincurchin\n|turn|21\n|inactive|Time left: 300 sec this turn | 300 sec total\n|\n|t:|1783535331\n|move|p2a: Electivire|Knock Off|p1a: Pincurchin\n|-damage|p1a: Pincurchin|132/258\n|-enditem|p1a: Pincurchin|Leftovers|[from] move: Knock Off|[of] p2a: Electivire\n|-damage|p2a: Electivire|0 fnt|[from] item: Life Orb\n|faint|p2a: Electivire\n|move|p1a: Pincurchin|Curse|p1a: Pincurchin\n|-unboost|p1a: Pincurchin|spe|1\n|-boost|p1a: Pincurchin|atk|1\n|-boost|p1a: Pincurchin|def|1\n|\n|upkeep\n|\n|t:|1783535331\n|switch|p2a: Conkeldurr|Conkeldurr, L80, F|49/100 brn\n|turn|22\n|inactive|Time left: 300 sec this turn | 300 sec total\n|\n|t:|1783535332\n|-terastallize|p1a: Pincurchin|Grass\n|move|p2a: Conkeldurr|Facade|p1a: Pincurchin\n|-crit|p1a: Pincurchin\n|-damage|p1a: Pincurchin|0 fnt\n|faint|p1a: Pincurchin\n|\n|-damage|p2a: Conkeldurr|43/100 brn|[from] brn\n|upkeep\n|inactive|Time left: 300 sec this turn | 300 sec total | 5 sec grace\n|\n|t:|1783535333\n|switch|p1a: Komala|Komala, L87, M|221/255\n|-ability|p1a: Komala|Comatose\n|turn|23\n|inactive|Time left: 300 sec this turn | 300 sec total\n|\n|t:|1783535334\n|move|p2a: Conkeldurr|Mach Punch|p1a: Komala\n|-supereffective|p1a: Komala\n|-damage|p1a: Komala|15/255\n|move|p1a: Komala|Body Slam|p2a: Conkeldurr\n|-damage|p2a: Conkeldurr|8/100 brn\n|\n|-damage|p2a: Conkeldurr|2/100 brn|[from] brn\n|upkeep\n|turn|24\n|inactive|Time left: 300 sec this turn | 300 sec total\n|\n|t:|1783535335\n|move|p1a: Komala|Body Slam|p2a: Conkeldurr\n|-damage|p2a: Conkeldurr|0 fnt\n|faint|p2a: Conkeldurr\n|\n|win|p0x1781f35", "uploadtime": 1783535335, "views": 0, "rating": 0, "private": 0, "password": null, "_winner": "p0x1781f35", "_our_name": "p0x1781f35"}