{"id": "battle-gen9randombattle-44", "formatid": "gen9randombattle", "format": "[Gen 9] Random Battle", "players": ["p0x044c90f", "p0y0449945"], "log": "|init|battle\n|title|p0x044c90f vs. p0y0449945\n|j|\u2606p0x044c90f\n|j|\u2606p0y0449945\n|t:|1783539955\n|gametype|singles\n|player|p1|p0x044c90f|2|\n|player|p2|p0y0449945|1|\n|gen|9\n|tier|[Gen 9] Random Battle\n|rule|Species Clause: Limit one of each Pok\u00e9mon\n|rule|HP Percentage Mod: HP is shown in percentages\n|rule|Sleep Clause Mod: Limit one foe put to sleep\n|rule|Illusion Level Mod: Illusion disguises the Pok\u00e9mon's true level\n|\n|t:|1783539955\n|teamsize|p1|6\n|teamsize|p2|6\n|start\n|switch|p1a: Samurott|Samurott, L88, M|310/310\n|switch|p2a: Raikou|Raikou, L81|100/100\n|-ability|p2a: Raikou|Pressure\n|turn|1\n|inactive|Battle timer is ON: inactive players will automatically lose when time's up. (requested by p0y0449945)\n|inactive|Time left: 300 sec this turn | 300 sec total | 60 sec grace\n|inactive|p0x044c90f also wants the timer to be on.\n|\n|t:|1783539956\n|move|p2a: Raikou|Thunderbolt|p1a: Samurott\n|-supereffective|p1a: Samurott\n|-damage|p1a: Samurott|74/310\n|move|p1a: Samurott|Swords Dance|p1a: Samurott\n|-boost|p1a: Samurott|atk|2\n|\n|upkeep\n|turn|2\n|inactive|Time left: 300 sec this turn | 300 sec total\n|\n|t:|1783539958\n|switch|p1a: Lurantis|Lurantis, L87, M|264/264\n|move|p2a: Raikou|Thunderbolt|p1a: Lurantis\n|-resisted|p1a: Lurantis\n|-damage|p1a: Lurantis|213/264\n|\n|-heal|p1a: Lurantis|229/264|[from] item: Leftovers\n|upkeep\n|turn|3\n|inactive|Time left: 300 sec this turn | 300 sec total\n|\n|t:|1783539959\n|switch|p2a: Vikavolt|Vikavolt, L83, M|100/100\n|move|p1a: Lurantis|Leaf Storm|p2a: Vikavolt\n|-resisted|p2a: Vikavolt\n|-damage|p2a: Vikavolt|75/100\n|-boost|p1a: Lurantis|spa|2\n|\n|-heal|p1a: Lurantis|245/264|[from] item: Leftovers\n|upkeep\n|turn|4\n|inactive|Time left: 300 sec this turn | 300 sec total\n|\n|t:|1783539960\n|-terastallize|p1a: Lurantis|Fighting\n|move|p1a: Lurantis|Leaf Storm|p2a: Vikavolt\n|-resisted|p2a: Vikavolt\n|-damage|p2a: Vikavolt|18/100\n|-boost|p1a: Lurantis|spa|2\n|move|p2a: Vikavolt|Sticky Web|p1a: Lurantis\n|-sidestart|p1: p0x044c90f|move: Sticky Web\n|\n|-heal|p1a: Lurantis|261/264|[from] item: Leftovers\n|upkeep\n|turn|5\n|inactive|Time left: 300 sec this turn | 300 sec total\n|\n|t:|1783539961\n|move|p1a: Lurantis|Superpower|p2a: Vikavolt\n|-resisted|p2a: Vikavolt\n|-crit|p2a: Vikavolt\n|-damage|p2a: Vikavolt|0 fnt\n|-boost|p1a: Lurantis|atk|1\n|-boost|p1a: Lurantis|def|1\n|faint|p2a: Vikavolt\n|\n|-heal|p1a: Lurantis|264/264|[from] item: Leftovers\n|upkeep\n|\n|t:|1783539962\n|switch|p2a: Glaceon|Glaceon, L94, F|100/100\n|turn|6\n|inactive|Time left: 300 sec this turn | 300 sec total\n|\n|t:|1783539963\n|move|p2a: Glaceon|Protect|p2a: Glaceon\n|-singleturn|p2a: Glaceon|Protect\n|move|p1a: Lurantis|Defog|p2a: Glaceon\n|-activate|p2a: Glaceon|move: Protect\n|\n|upkeep\n|turn|7\n|inactive|Time left: 300 sec this turn | 300 sec total\n|\n|t:|1783539964\n|move|p2a: Glaceon|Calm Mind|p2a: Glaceon\n|-boost|p2a: Glaceon|spa|1\n|-boost|p2a: Glaceon|spd|1\n|move|p1a: Lurantis|Superpower|p2a: Glaceon\n|-supereffective|p2a: Glaceon\n|-damage|p2a: Glaceon|0 fnt\n|-boost|p1a: Lurantis|atk|1\n|-boost|p1a: Lurantis|def|1\n|faint|p2a: Glaceon\n|\n|upkeep\n|\n|t:|1783539965\n|switch|p2a: Slaking|Slaking, L84, F|100/100\n|turn|8\n|inactive|Time left: 300 sec this turn | 300 sec total\n|\n|t:|1783539966\n|-terastallize|p2a: Slaking|Normal\n|move|p2a: Slaking|Giga Impact|p1a: Lurantis\n|-damage|p1a: Lurantis|120/264\n|-mustrecharge|p2a: Slaking\n|move|p1a: Lurantis|Defog|p2a: Slaking\n|-unboost|p2a: Slaking|evasion|1\n|-sideend|p1: p0x044c90f|Sticky Web|[from] move: Defog|[of] p1a: Lurantis\n|\n|-heal|p1a: Lurantis|136/264|[from] item: Leftovers\n|upkeep\n|turn|9\n|inactive|Time left: 300 sec this turn | 300 sec total\n|\n|t:|1783539967\n|cant|p2a: Slaking|recharge\n|move|p1a: Lurantis|Synthesis|p1a: Lurantis\n|-heal|p1a: Lurantis|264/264\n|\n|upkeep\n|turn|10\n|inactive|Time left: 300 sec this turn | 300 sec total\n|\n|t:|1783539968\n|move|p2a: Slaking|Giga Impact|p1a: Lurantis\n|-damage|p1a: Lurantis|104/264\n|-mustrecharge|p2a: Slaking\n|move|p1a: Lurantis|Synthesis|p1a: Lurantis\n|-heal|p1a: Lurantis|236/264\n|\n|-heal|p1a: Lurantis|252/264|[from] item: Leftovers\n|upkeep\n|turn|11\n|inactive|Time left: 300 sec this turn | 300 sec total\n|\n|t:|1783539969\n|cant|p2a: Slaking|recharge\n|move|p1a: Lurantis|Superpower|p2a: Slaking\n|-supereffective|p2a: Slaking\n|-damage|p2a: Slaking|0 fnt\n|-boost|p1a: Lurantis|atk|1\n|-boost|p1a: Lurantis|def|1\n|faint|p2a: Slaking\n|\n|-heal|p1a: Lurantis|264/264|[from] item: Leftovers\n|upkeep\n|\n|t:|1783539970\n|switch|p2a: Kleavor|Kleavor, L78, M|100/100\n|turn|12\n|inactive|Time left: 300 sec this turn | 300 sec total\n|\n|t:|1783539971\n|switch|p2a: Dugtrio|Dugtrio, L84, M|100/100\n|move|p1a: Lurantis|Leaf Storm|p2a: Dugtrio\n|-supereffective|p2a: Dugtrio\n|-damage|p2a: Dugtrio|0 fnt\n|-boost|p1a: Lurantis|spa|2\n|faint|p2a: Dugtrio\n|\n|upkeep\n|\n|t:|1783539972\n|switch|p2a: Raikou|Raikou, L81|100/100\n|-ability|p2a: Raikou|Pressure\n|turn|13\n|inactive|Time left: 300 sec this turn | 300 sec total\n|\n|t:|1783539973\n|move|p2a: Raikou|Scald|p1a: Lurantis\n|-damage|p1a: Lurantis|210/264\n|-status|p1a: Lurantis|brn\n|move|p1a: Lurantis|Superpower|p2a: Raikou\n|-damage|p2a: Raikou|31/100\n|-boost|p1a: Lurantis|atk|1\n|-boost|p1a: Lurantis|def|1\n|\n|-heal|p2a: Raikou|37/100|[from] item: Leftovers\n|-heal|p1a: Lurantis|226/264 brn|[from] item: Leftovers\n|-damage|p1a: Lurantis|210/264 brn|[from] brn\n|upkeep\n|turn|14\n|inactive|Time left: 300 sec this turn | 300 sec total\n|\n|t:|1783539974\n|move|p2a: Raikou|Thunderbolt|p1a: Lurantis\n|-damage|p1a: Lurantis|119/264 brn\n|move|p1a: Lurantis|Superpower|p2a: Raikou\n|-damage|p2a: Raikou|0 fnt\n|-boost|p1a: Lurantis|atk|1\n|-boost|p1a: Lurantis|def|1\n|faint|p2a: Raikou\n|\n|-heal|p1a: Lurantis|135/264 brn|[from] item: Leftovers\n|-damage|p1a: Lurantis|119/264 brn|[from] brn\n|upkeep\n|\n|t:|1783539975\n|switch|p2a: Kleavor|Kleavor, L78, M|100/100\n|turn|15\n|inactive|Time left: 300 sec this turn | 300 sec total\n|\n|t:|1783539976\n|move|p2a: Kleavor|Swords Dance|p2a: Kleavor\n|-boost|p2a: Kleavor|atk|2\n|move|p1a: Lurantis|Superpower|p2a: Kleavor\n|-damage|p2a: Kleavor|0 fnt\n|-boost|p1a: Lurantis|atk|1\n|-boost|p1a: Lurantis|def|1\n|faint|p2a: Kleavor\n|\n|win|p0x044c90f", "uploadtime": 1783539976, "views": 0, "rating": 0, "private": 0, "password": null, "_winner": "p0x044c90f", "_our_name": "p0x044c90f"}