{"id": "battle-gen9randombattle-2679", "formatid": "gen9randombattle", "format": "[Gen 9] Random Battle", "players": ["p0x26797318", "p0y26790da4"], "log": "|init|battle\n|title|p0x26797318 vs. p0y26790da4\n|j|\u2606p0x26797318\n|j|\u2606p0y26790da4\n|t:|1783569903\n|gametype|singles\n|player|p1|p0x26797318|102|\n|player|p2|p0y26790da4|102|\n|gen|9\n|tier|[Gen 9] Random Battle\n|rule|Species Clause: Limit one of each Pok\u00e9mon\n|rule|HP Percentage Mod: HP is shown in percentages\n|rule|Sleep Clause Mod: Limit one foe put to sleep\n|rule|Illusion Level Mod: Illusion disguises the Pok\u00e9mon's true level\n|\n|t:|1783569903\n|teamsize|p1|6\n|teamsize|p2|6\n|start\n|switch|p1a: Bellossom|Bellossom, L84, M|263/263\n|switch|p2a: Ho-Oh|Ho-Oh, L71|100/100\n|turn|1\n|inactive|Battle timer is ON: inactive players will automatically lose when time's up. (requested by p0y26790da4)\n|inactive|Time left: 300 sec this turn | 300 sec total | 60 sec grace\n|inactive|p0x26797318 also wants the timer to be on.\n|\n|t:|1783569904\n|move|p2a: Ho-Oh|Brave Bird|p1a: Bellossom\n|-supereffective|p1a: Bellossom\n|-damage|p1a: Bellossom|23/263\n|-damage|p2a: Ho-Oh|71/100|[from] Recoil\n|move|p1a: Bellossom|Strength Sap|p2a: Ho-Oh\n|-unboost|p2a: Ho-Oh|atk|1\n|-heal|p1a: Bellossom|249/263\n|\n|-heal|p1a: Bellossom|263/263|[from] item: Leftovers\n|upkeep\n|turn|2\n|inactive|Time left: 300 sec this turn | 300 sec total\n|\n|t:|1783569905\n|move|p2a: Ho-Oh|Sacred Fire|p1a: Bellossom\n|-supereffective|p1a: Bellossom\n|-damage|p1a: Bellossom|143/263\n|-status|p1a: Bellossom|brn\n|move|p1a: Bellossom|Quiver Dance|p1a: Bellossom\n|-boost|p1a: Bellossom|spa|1\n|-boost|p1a: Bellossom|spd|1\n|-boost|p1a: Bellossom|spe|1\n|\n|-heal|p1a: Bellossom|159/263 brn|[from] item: Leftovers\n|-damage|p1a: Bellossom|143/263 brn|[from] brn\n|upkeep\n|turn|3\n|inactive|Time left: 300 sec this turn | 300 sec total\n|\n|t:|1783569906\n|move|p1a: Bellossom|Strength Sap|p2a: Ho-Oh\n|-unboost|p2a: Ho-Oh|atk|1\n|-heal|p1a: Bellossom|263/263 brn\n|move|p2a: Ho-Oh|Brave Bird|p1a: Bellossom\n|-supereffective|p1a: Bellossom\n|-crit|p1a: Bellossom\n|-damage|p1a: Bellossom|0 fnt\n|faint|p1a: Bellossom\n|-damage|p2a: Ho-Oh|39/100|[from] Recoil\n|\n|upkeep\n|inactive|Time left: 300 sec this turn | 300 sec total | 5 sec grace\n|\n|t:|1783569907\n|switch|p1a: Inteleon|Inteleon, L81, F|246/246\n|turn|4\n|inactive|Time left: 300 sec this turn | 300 sec total\n|\n|t:|1783569908\n|switch|p2a: Meloetta|Meloetta, L82|100/100\n|move|p1a: Inteleon|Scald|p2a: Meloetta\n|-damage|p2a: Meloetta|61/100\n|\n|-heal|p2a: Meloetta|67/100|[from] item: Leftovers\n|upkeep\n|turn|5\n|inactive|Time left: 300 sec this turn | 300 sec total\n|\n|t:|1783569910\n|move|p1a: Inteleon|Scald|p2a: Meloetta\n|-damage|p2a: Meloetta|30/100\n|-status|p2a: Meloetta|brn\n|move|p2a: Meloetta|Hyper Voice|p1a: Inteleon\n|-damage|p1a: Inteleon|96/246\n|\n|-heal|p2a: Meloetta|36/100 brn|[from] item: Leftovers\n|-damage|p2a: Meloetta|30/100 brn|[from] brn\n|upkeep\n|turn|6\n|inactive|Time left: 300 sec this turn | 300 sec total\n|\n|t:|1783569911\n|switch|p2a: Hydrapple|Hydrapple, L83, M|100/100\n|move|p1a: Inteleon|Scald|p2a: Hydrapple\n|-resisted|p2a: Hydrapple\n|-damage|p2a: Hydrapple|88/100\n|\n|upkeep\n|turn|7\n|inactive|Time left: 300 sec this turn | 300 sec total\n|\n|t:|1783569912\n|switch|p1a: Slither Wing|Slither Wing, L81|270/270\n|move|p2a: Hydrapple|Fickle Beam|p1a: Slither Wing\n|-damage|p1a: Slither Wing|135/270\n|\n|upkeep\n|turn|8\n|inactive|Time left: 300 sec this turn | 300 sec total\n|\n|t:|1783569913\n|move|p1a: Slither Wing|U-turn|p2a: Hydrapple\n|-supereffective|p2a: Hydrapple\n|-damage|p2a: Hydrapple|17/100\n|inactive|Time left: 300 sec this turn | 300 sec total | 5 sec grace\n|\n|t:|1783569914\n|-end|p1a: Slither Wing|Protosynthesis|[silent]\n|switch|p1a: Scream Tail|Scream Tail, L84|330/330|[from] U-turn\n|move|p2a: Hydrapple|Fickle Beam|p1a: Scream Tail\n|-immune|p1a: Scream Tail\n|\n|upkeep\n|turn|9\n|inactive|Time left: 300 sec this turn | 300 sec total\n|\n|t:|1783569915\n|switch|p2a: Ho-Oh|Ho-Oh, L71|72/100\n|move|p1a: Scream Tail|Play Rough|p2a: Ho-Oh\n|-resisted|p2a: Ho-Oh\n|-crit|p2a: Ho-Oh\n|-damage|p2a: Ho-Oh|50/100\n|\n|upkeep\n|turn|10\n|inactive|Time left: 300 sec this turn | 300 sec total\n|\n|t:|1783569916\n|-end|p1a: Scream Tail|Protosynthesis|[silent]\n|switch|p1a: Inteleon|Inteleon, L81, F|96/246\n|move|p2a: Ho-Oh|Recover|p2a: Ho-Oh\n|-heal|p2a: Ho-Oh|100/100\n|\n|upkeep\n|turn|11\n|inactive|Time left: 300 sec this turn | 300 sec total\n|\n|t:|1783569917\n|switch|p2a: Hydrapple|Hydrapple, L83, M|50/100\n|move|p1a: Inteleon|Hydro Pump|p2a: Hydrapple\n|-resisted|p2a: Hydrapple\n|-damage|p2a: Hydrapple|34/100\n|\n|upkeep\n|turn|12\n|inactive|Time left: 300 sec this turn | 300 sec total\n|\n|t:|1783569918\n|move|p1a: Inteleon|Hydro Pump|p2a: Hydrapple\n|-resisted|p2a: Hydrapple\n|-damage|p2a: Hydrapple|15/100\n|move|p2a: Hydrapple|Fickle Beam|p1a: Inteleon\n|-damage|p1a: Inteleon|0 fnt\n|faint|p1a: Inteleon\n|\n|upkeep\n|inactive|Time left: 300 sec this turn | 300 sec total | 5 sec grace\n|\n|t:|1783569919\n|switch|p1a: Slither Wing|Slither Wing, L81|135/270\n|turn|13\n|inactive|Time left: 300 sec this turn | 300 sec total\n|\n|t:|1783569920\n|switch|p2a: Ho-Oh|Ho-Oh, L71|100/100\n|move|p1a: Slither Wing|Close Combat|p2a: Ho-Oh\n|-resisted|p2a: Ho-Oh\n|-damage|p2a: Ho-Oh|50/100\n|-unboost|p1a: Slither Wing|def|1\n|-unboost|p1a: Slither Wing|spd|1\n|\n|upkeep\n|turn|14\n|inactive|Time left: 300 sec this turn | 300 sec total\n|\n|t:|1783569921\n|move|p1a: Slither Wing|Close Combat|p2a: Ho-Oh\n|-resisted|p2a: Ho-Oh\n|-damage|p2a: Ho-Oh|5/100\n|-unboost|p1a: Slither Wing|def|1\n|-unboost|p1a: Slither Wing|spd|1\n|move|p2a: Ho-Oh|Sacred Fire|p1a: Slither Wing\n|-supereffective|p1a: Slither Wing\n|-damage|p1a: Slither Wing|0 fnt\n|faint|p1a: Slither Wing\n|-end|p1a: Slither Wing|Protosynthesis|[silent]\n|\n|upkeep\n|inactive|Time left: 300 sec this turn | 300 sec total | 5 sec grace\n|\n|t:|1783569922\n|switch|p1a: Haxorus|Haxorus, L77, F|244/244\n|-ability|p1a: Haxorus|Mold Breaker\n|turn|15\n|inactive|Time left: 300 sec this turn | 300 sec total\n|\n|t:|1783569923\n|switch|p2a: Golduck|Golduck, L90, M|100/100\n|-ability|p2a: Golduck|Cloud Nine\n|move|p1a: Haxorus|Swords Dance|p1a: Haxorus\n|-boost|p1a: Haxorus|atk|2\n|\n|upkeep\n|turn|16\n|inactive|Time left: 300 sec this turn | 300 sec total\n|\n|t:|1783569924\n|move|p2a: Golduck|Ice Beam|p1a: Haxorus\n|-supereffective|p1a: Haxorus\n|-damage|p1a: Haxorus|10/244\n|-damage|p2a: Golduck|90/100|[from] item: Life Orb\n|move|p1a: Haxorus|Scale Shot|p2a: Golduck\n|-damage|p2a: Golduck|70/100\n|-damage|p2a: Golduck|49/100\n|-damage|p2a: Golduck|28/100\n|-damage|p2a: Golduck|7/100\n|-hitcount|p2a: Golduck|4\n|-unboost|p1a: Haxorus|def|1\n|-boost|p1a: Haxorus|spe|1\n|\n|upkeep\n|turn|17\n|inactive|Time left: 300 sec this turn | 300 sec total\n|\n|t:|1783569925\n|move|p1a: Haxorus|Scale Shot|p2a: Golduck\n|-damage|p2a: Golduck|0 fnt\n|faint|p2a: Golduck\n|-hitcount|p2: Golduck|1\n|-unboost|p1a: Haxorus|def|1\n|-boost|p1a: Haxorus|spe|1\n|\n|upkeep\n|\n|t:|1783569926\n|switch|p2a: Furret|Furret, L94, F|100/100\n|-item|p1a: Haxorus|Loaded Dice|[from] ability: Frisk|[of] p2a: Furret\n|turn|18\n|inactive|Time left: 300 sec this turn | 300 sec total\n|\n|t:|1783569927\n|move|p1a: Haxorus|Scale Shot|p2a: Furret\n|-damage|p2a: Furret|77/100\n|-damage|p2a: Furret|54/100\n|-damage|p2a: Furret|34/100\n|-damage|p2a: Furret|9/100\n|-hitcount|p2a: Furret|4\n|-unboost|p1a: Haxorus|def|1\n|-boost|p1a: Haxorus|spe|1\n|move|p2a: Furret|Double-Edge|p1a: Haxorus\n|-damage|p1a: Haxorus|0 fnt\n|faint|p1a: Haxorus\n|-damage|p2a: Furret|9/100|[from] Recoil\n|\n|upkeep\n|inactive|Time left: 300 sec this turn | 300 sec total | 5 sec grace\n|\n|t:|1783569928\n|switch|p1a: Flygon|Flygon, L82, F|265/265\n|turn|19\n|inactive|Time left: 300 sec this turn | 300 sec total\n|\n|t:|1783569929\n|move|p1a: Flygon|Outrage|p2a: Furret\n|-damage|p2a: Furret|0 fnt\n|faint|p2a: Furret\n|\n|upkeep\n|\n|t:|1783569930\n|switch|p2a: Hydrapple|Hydrapple, L83, M|49/100\n|turn|20\n|inactive|Time left: 300 sec this turn | 300 sec total\n|\n|t:|1783569931\n|switch|p2a: Meloetta|Meloetta, L82|30/100 brn\n|move|p1a: Flygon|Outrage|p2a: Meloetta|[from] lockedmove\n|-crit|p2a: Meloetta\n|-damage|p2a: Meloetta|0 fnt\n|faint|p2a: Meloetta\n|-start|p1a: Flygon|confusion|[fatigue]\n|\n|upkeep\n|\n|t:|1783569932\n|switch|p2a: Hydrapple|Hydrapple, L83, M|82/100\n|turn|21\n|inactive|Time left: 300 sec this turn | 300 sec total\n|\n|t:|1783569933\n|switch|p1a: Scream Tail|Scream Tail, L84|330/330\n|move|p2a: Hydrapple|Leaf Storm|p1a: Scream Tail\n|-damage|p1a: Scream Tail|122/330\n|-unboost|p2a: Hydrapple|spa|2\n|\n|-heal|p1a: Scream Tail|142/330|[from] item: Leftovers\n|upkeep\n|turn|22\n|inactive|Time left: 300 sec this turn | 300 sec total\n|\n|t:|1783569934\n|switch|p2a: Ho-Oh|Ho-Oh, L71|38/100\n|move|p1a: Scream Tail|Wish|p1a: Scream Tail\n|\n|-heal|p1a: Scream Tail|162/330|[from] item: Leftovers\n|upkeep\n|turn|23\n|inactive|Time left: 300 sec this turn | 300 sec total\n|\n|t:|1783569935\n|move|p1a: Scream Tail|Play Rough|p2a: Ho-Oh\n|-resisted|p2a: Ho-Oh\n|-damage|p2a: Ho-Oh|23/100\n|move|p2a: Ho-Oh|Recover|p2a: Ho-Oh\n|-heal|p2a: Ho-Oh|73/100\n|\n|-heal|p1a: Scream Tail|327/330|[from] move: Wish|[wisher] Scream Tail\n|-heal|p1a: Scream Tail|330/330|[from] item: Leftovers\n|upkeep\n|turn|24\n|inactive|Time left: 300 sec this turn | 300 sec total\n|\n|t:|1783569936\n|move|p1a: Scream Tail|Wish|p1a: Scream Tail\n|move|p2a: Ho-Oh|Sacred Fire|p1a: Scream Tail\n|-crit|p1a: Scream Tail\n|-damage|p1a: Scream Tail|194/330\n|-status|p1a: Scream Tail|brn\n|\n|-heal|p1a: Scream Tail|214/330 brn|[from] item: Leftovers\n|-damage|p1a: Scream Tail|194/330 brn|[from] brn\n|upkeep\n|turn|25\n|inactive|Time left: 300 sec this turn | 300 sec total\n|\n|t:|1783569937\n|move|p1a: Scream Tail|Thunder Wave|p2a: Ho-Oh\n|-status|p2a: Ho-Oh|par\n|move|p2a: Ho-Oh|Earthquake|p1a: Scream Tail\n|-damage|p1a: Scream Tail|135/330 brn\n|\n|-heal|p1a: Scream Tail|300/330 brn|[from] move: Wish|[wisher] Scream Tail\n|-heal|p1a: Scream Tail|320/330 brn|[from] item: Leftovers\n|-damage|p1a: Scream Tail|300/330 brn|[from] brn\n|upkeep\n|turn|26\n|inactive|Time left: 300 sec this turn | 300 sec total\n|\n|t:|1783569938\n|-end|p1a: Scream Tail|Protosynthesis|[silent]\n|switch|p1a: Flygon|Flygon, L82, F|265/265\n|move|p2a: Ho-Oh|Sacred Fire|p1a: Flygon\n|-resisted|p1a: Flygon\n|-damage|p1a: Flygon|213/265\n|-status|p1a: Flygon|brn\n|\n|-damage|p1a: Flygon|197/265 brn|[from] brn\n|upkeep\n|turn|27\n|inactive|Time left: 300 sec this turn | 300 sec total\n|\n|t:|1783569939\n|switch|p2a: Hydrapple|Hydrapple, L83, M|100/100\n|move|p1a: Flygon|Stone Edge|p2a: Hydrapple|[miss]\n|-miss|p1a: Flygon|p2a: Hydrapple\n|\n|-damage|p1a: Flygon|181/265 brn|[from] brn\n|upkeep\n|turn|28\n|inactive|Time left: 300 sec this turn | 300 sec total\n|\n|t:|1783569940\n|move|p1a: Flygon|Stone Edge|p2a: Hydrapple\n|-damage|p2a: Hydrapple|91/100\n|move|p2a: Hydrapple|Fickle Beam|p1a: Flygon|[anim] Fickle Beam All Out\n|-activate|p2a: Hydrapple|move: Fickle Beam\n|-supereffective|p1a: Flygon\n|-damage|p1a: Flygon|0 fnt\n|faint|p1a: Flygon\n|\n|upkeep\n|inactive|Time left: 300 sec this turn | 300 sec total | 5 sec grace\n|\n|t:|1783569941\n|switch|p1a: Scream Tail|Scream Tail, L84|300/330 brn\n|turn|29\n|inactive|Time left: 300 sec this turn | 300 sec total\n|\n|t:|1783569942\n|move|p1a: Scream Tail|Wish|p1a: Scream Tail\n|move|p2a: Hydrapple|Fickle Beam|p1a: Scream Tail\n|-immune|p1a: Scream Tail\n|\n|-heal|p1a: Scream Tail|320/330 brn|[from] item: Leftovers\n|-damage|p1a: Scream Tail|300/330 brn|[from] brn\n|upkeep\n|turn|30\n|inactive|Time left: 300 sec this turn | 300 sec total\n|\n|t:|1783569943\n|move|p1a: Scream Tail|Thunder Wave|p2a: Hydrapple|[miss]\n|-miss|p1a: Scream Tail|p2a: Hydrapple\n|move|p2a: Hydrapple|Fickle Beam|p1a: Scream Tail\n|-immune|p1a: Scream Tail\n|\n|-heal|p1a: Scream Tail|330/330 brn|[from] move: Wish|[wisher] Scream Tail\n|-damage|p1a: Scream Tail|310/330 brn|[from] brn\n|upkeep\n|turn|31\n|inactive|Time left: 300 sec this turn | 300 sec total\n|\n|t:|1783569944\n|move|p1a: Scream Tail|Play Rough|p2a: Hydrapple\n|-supereffective|p2a: Hydrapple\n|-damage|p2a: Hydrapple|72/100\n|move|p2a: Hydrapple|Fickle Beam|p1a: Scream Tail\n|-immune|p1a: Scream Tail\n|\n|-heal|p1a: Scream Tail|330/330 brn|[from] item: Leftovers\n|-damage|p1a: Scream Tail|310/330 brn|[from] brn\n|upkeep\n|turn|32\n|inactive|Time left: 300 sec this turn | 300 sec total\n|\n|t:|1783569945\n|move|p1a: Scream Tail|Play Rough|p2a: Hydrapple\n|-supereffective|p2a: Hydrapple\n|-damage|p2a: Hydrapple|53/100\n|move|p2a: Hydrapple|Fickle Beam|p1a: Scream Tail\n|-immune|p1a: Scream Tail\n|\n|-heal|p1a: Scream Tail|330/330 brn|[from] item: Leftovers\n|-damage|p1a: Scream Tail|310/330 brn|[from] brn\n|upkeep\n|turn|33\n|inactive|Time left: 300 sec this turn | 300 sec total\n|\n|t:|1783569946\n|move|p1a: Scream Tail|Play Rough|p2a: Hydrapple\n|-supereffective|p2a: Hydrapple\n|-damage|p2a: Hydrapple|34/100\n|-activate|p2a: Hydrapple|move: Struggle\n|move|p2a: Hydrapple|Struggle|p1a: Scream Tail\n|-crit|p1a: Scream Tail\n|-damage|p1a: Scream Tail|280/330 brn\n|-damage|p2a: Hydrapple|9/100|[from] recoil\n|\n|-heal|p1a: Scream Tail|300/330 brn|[from] item: Leftovers\n|-damage|p1a: Scream Tail|280/330 brn|[from] brn\n|upkeep\n|turn|34\n|inactive|Time left: 300 sec this turn | 300 sec total\n|\n|t:|1783569947\n|switch|p2a: Ho-Oh|Ho-Oh, L71|100/100 par\n|move|p1a: Scream Tail|Wish|p1a: Scream Tail\n|\n|-heal|p1a: Scream Tail|300/330 brn|[from] item: Leftovers\n|-damage|p1a: Scream Tail|280/330 brn|[from] brn\n|upkeep\n|turn|35\n|inactive|Time left: 300 sec this turn | 300 sec total\n|\n|t:|1783569948\n|move|p1a: Scream Tail|Play Rough|p2a: Ho-Oh\n|-resisted|p2a: Ho-Oh\n|-damage|p2a: Ho-Oh|93/100 par\n|move|p2a: Ho-Oh|Sacred Fire|p1a: Scream Tail\n|-damage|p1a: Scream Tail|187/330 brn\n|\n|-heal|p1a: Scream Tail|330/330 brn|[from] move: Wish|[wisher] Scream Tail\n|-damage|p1a: Scream Tail|310/330 brn|[from] brn\n|upkeep\n|turn|36\n|inactive|Time left: 300 sec this turn | 300 sec total\n|\n|t:|1783569949\n|move|p1a: Scream Tail|Wish|p1a: Scream Tail\n|cant|p2a: Ho-Oh|par\n|\n|-heal|p1a: Scream Tail|330/330 brn|[from] item: Leftovers\n|-damage|p1a: Scream Tail|310/330 brn|[from] brn\n|upkeep\n|turn|37\n|inactive|Time left: 300 sec this turn | 300 sec total\n|\n|t:|1783569950\n|move|p1a: Scream Tail|Play Rough|p2a: Ho-Oh\n|-resisted|p2a: Ho-Oh\n|-damage|p2a: Ho-Oh|85/100 par\n|move|p2a: Ho-Oh|Recover|p2a: Ho-Oh\n|-heal|p2a: Ho-Oh|100/100 par\n|\n|-heal|p1a: Scream Tail|330/330 brn|[from] move: Wish|[wisher] Scream Tail\n|-damage|p1a: Scream Tail|310/330 brn|[from] brn\n|upkeep\n|turn|38\n|inactive|Time left: 300 sec this turn | 300 sec total\n|\n|t:|1783569951\n|move|p1a: Scream Tail|Wish|p1a: Scream Tail\n|move|p2a: Ho-Oh|Brave Bird|p1a: Scream Tail\n|-damage|p1a: Scream Tail|204/330 brn\n|-damage|p2a: Ho-Oh|87/100 par|[from] Recoil\n|\n|-heal|p1a: Scream Tail|224/330 brn|[from] item: Leftovers\n|-damage|p1a: Scream Tail|204/330 brn|[from] brn\n|upkeep\n|turn|39\n|inactive|Time left: 300 sec this turn | 300 sec total\n|\n|t:|1783569952\n|move|p1a: Scream Tail|Protect|p1a: Scream Tail\n|-singleturn|p1a: Scream Tail|Protect\n|move|p2a: Ho-Oh|Sacred Fire|p1a: Scream Tail\n|-activate|p1a: Scream Tail|move: Protect\n|\n|-heal|p1a: Scream Tail|330/330 brn|[from] move: Wish|[wisher] Scream Tail\n|-damage|p1a: Scream Tail|310/330 brn|[from] brn\n|upkeep\n|turn|40\n|inactive|Time left: 300 sec this turn | 300 sec total\n|\n|t:|1783569953\n|move|p1a: Scream Tail|Wish|p1a: Scream Tail\n|move|p2a: Ho-Oh|Sacred Fire|p1a: Scream Tail\n|-damage|p1a: Scream Tail|228/330 brn\n|\n|-heal|p1a: Scream Tail|248/330 brn|[from] item: Leftovers\n|-damage|p1a: Scream Tail|228/330 brn|[from] brn\n|upkeep\n|turn|41\n|inactive|Time left: 300 sec this turn | 300 sec total\n|\n|t:|1783569954\n|switch|p2a: Hydrapple|Hydrapple, L83, M|42/100\n|move|p1a: Scream Tail|Play Rough|p2a: Hydrapple\n|-supereffective|p2a: Hydrapple\n|-damage|p2a: Hydrapple|23/100\n|\n|-heal|p1a: Scream Tail|330/330 brn|[from] move: Wish|[wisher] Scream Tail\n|-damage|p1a: Scream Tail|310/330 brn|[from] brn\n|upkeep\n|turn|42\n|inactive|Time left: 300 sec this turn | 300 sec total\n|\n|t:|1783569955\n|move|p1a: Scream Tail|Wish|p1a: Scream Tail\n|move|p2a: Hydrapple|Earth Power|p1a: Scream Tail\n|-damage|p1a: Scream Tail|212/330 brn\n|\n|-heal|p1a: Scream Tail|232/330 brn|[from] item: Leftovers\n|-damage|p1a: Scream Tail|212/330 brn|[from] brn\n|upkeep\n|turn|43\n|inactive|Time left: 300 sec this turn | 300 sec total\n|\n|t:|1783569956\n|switch|p2a: Ho-Oh|Ho-Oh, L71|100/100 par\n|move|p1a: Scream Tail|Thunder Wave|p2a: Ho-Oh|[miss]\n|-miss|p1a: Scream Tail|p2a: Ho-Oh\n|\n|-heal|p1a: Scream Tail|330/330 brn|[from] move: Wish|[wisher] Scream Tail\n|-damage|p1a: Scream Tail|310/330 brn|[from] brn\n|upkeep\n|turn|44\n|inactive|Time left: 300 sec this turn | 300 sec total\n|\n|t:|1783569957\n|move|p1a: Scream Tail|Wish|p1a: Scream Tail\n|move|p2a: Ho-Oh|Sacred Fire|p1a: Scream Tail\n|-damage|p1a: Scream Tail|214/330 brn\n|\n|-heal|p1a: Scream Tail|234/330 brn|[from] item: Leftovers\n|-damage|p1a: Scream Tail|214/330 brn|[from] brn\n|upkeep\n|turn|45\n|inactive|Time left: 300 sec this turn | 300 sec total\n|\n|t:|1783569958\n|move|p1a: Scream Tail|Thunder Wave|p2a: Ho-Oh\n|-fail|p2a: Ho-Oh|par\n|cant|p2a: Ho-Oh|par\n|\n|-heal|p1a: Scream Tail|330/330 brn|[from] move: Wish|[wisher] Scream Tail\n|-damage|p1a: Scream Tail|310/330 brn|[from] brn\n|upkeep\n|turn|46\n|inactive|Time left: 300 sec this turn | 300 sec total\n|\n|t:|1783569959\n|move|p1a: Scream Tail|Wish|p1a: Scream Tail\n|move|p2a: Ho-Oh|Brave Bird|p1a: Scream Tail\n|-damage|p1a: Scream Tail|213/330 brn\n|-damage|p2a: Ho-Oh|89/100 par|[from] Recoil\n|\n|-heal|p1a: Scream Tail|233/330 brn|[from] item: Leftovers\n|-damage|p1a: Scream Tail|213/330 brn|[from] brn\n|upkeep\n|turn|47\n|inactive|Time left: 300 sec this turn | 300 sec total\n|\n|t:|1783569960\n|move|p1a: Scream Tail|Play Rough|p2a: Ho-Oh\n|-resisted|p2a: Ho-Oh\n|-damage|p2a: Ho-Oh|81/100 par\n|move|p2a: Ho-Oh|Recover|p2a: Ho-Oh\n|-heal|p2a: Ho-Oh|100/100 par\n|\n|-heal|p1a: Scream Tail|330/330 brn|[from] move: Wish|[wisher] Scream Tail\n|-damage|p1a: Scream Tail|310/330 brn|[from] brn\n|upkeep\n|turn|48\n|inactive|Time left: 300 sec this turn | 300 sec total\n|\n|t:|1783569961\n|move|p1a: Scream Tail|Wish|p1a: Scream Tail\n|cant|p2a: Ho-Oh|par\n|\n|-heal|p1a: Scream Tail|330/330 brn|[from] item: Leftovers\n|-damage|p1a: Scream Tail|310/330 brn|[from] brn\n|upkeep\n|turn|49\n|inactive|Time left: 300 sec this turn | 300 sec total\n|\n|t:|1783569962\n|move|p1a: Scream Tail|Thunder Wave|p2a: Ho-Oh\n|-fail|p2a: Ho-Oh|par\n|cant|p2a: Ho-Oh|par\n|\n|-heal|p1a: Scream Tail|330/330 brn|[from] move: Wish|[wisher] Scream Tail\n|-damage|p1a: Scream Tail|310/330 brn|[from] brn\n|upkeep\n|turn|50\n|inactive|Time left: 300 sec this turn | 300 sec total\n|\n|t:|1783569963\n|move|p1a: Scream Tail|Wish|p1a: Scream Tail\n|move|p2a: Ho-Oh|Brave Bird|p1a: Scream Tail\n|-damage|p1a: Scream Tail|201/330 brn\n|-damage|p2a: Ho-Oh|87/100 par|[from] Recoil\n|\n|-heal|p1a: Scream Tail|221/330 brn|[from] item: Leftovers\n|-damage|p1a: Scream Tail|201/330 brn|[from] brn\n|upkeep\n|turn|51\n|inactive|Time left: 300 sec this turn | 300 sec total\n|\n|t:|1783569964\n|move|p1a: Scream Tail|Play Rough|p2a: Ho-Oh\n|-resisted|p2a: Ho-Oh\n|-damage|p2a: Ho-Oh|79/100 par\n|move|p2a: Ho-Oh|Earthquake|p1a: Scream Tail\n|-damage|p1a: Scream Tail|139/330 brn\n|\n|-heal|p1a: Scream Tail|304/330 brn|[from] move: Wish|[wisher] Scream Tail\n|-heal|p1a: Scream Tail|324/330 brn|[from] item: Leftovers\n|-damage|p1a: Scream Tail|304/330 brn|[from] brn\n|upkeep\n|turn|52\n|inactive|Time left: 300 sec this turn | 300 sec total\n|\n|t:|1783569965\n|switch|p2a: Hydrapple|Hydrapple, L83, M|56/100\n|move|p1a: Scream Tail|Wish|p1a: Scream Tail\n|\n|-heal|p1a: Scream Tail|324/330 brn|[from] item: Leftovers\n|-damage|p1a: Scream Tail|304/330 brn|[from] brn\n|upkeep\n|turn|53\n|inactive|Time left: 300 sec this turn | 300 sec total\n|\n|t:|1783569966\n|move|p1a: Scream Tail|Thunder Wave|p2a: Hydrapple\n|-status|p2a: Hydrapple|par\n|move|p2a: Hydrapple|Earth Power|p1a: Scream Tail\n|-damage|p1a: Scream Tail|218/330 brn\n|\n|-heal|p1a: Scream Tail|330/330 brn|[from] move: Wish|[wisher] Scream Tail\n|-damage|p1a: Scream Tail|310/330 brn|[from] brn\n|upkeep\n|turn|54\n|inactive|Time left: 300 sec this turn | 300 sec total\n|\n|t:|1783569967\n|move|p1a: Scream Tail|Wish|p1a: Scream Tail\n|move|p2a: Hydrapple|Earth Power|p1a: Scream Tail\n|-damage|p1a: Scream Tail|212/330 brn\n|\n|-heal|p1a: Scream Tail|232/330 brn|[from] item: Leftovers\n|-damage|p1a: Scream Tail|212/330 brn|[from] brn\n|upkeep\n|turn|55\n|inactive|Time left: 300 sec this turn | 300 sec total\n|\n|t:|1783569967\n|move|p1a: Scream Tail|Play Rough|p2a: Hydrapple\n|-supereffective|p2a: Hydrapple\n|-damage|p2a: Hydrapple|36/100 par\n|move|p2a: Hydrapple|Earth Power|p1a: Scream Tail\n|-damage|p1a: Scream Tail|116/330 brn\n|-unboost|p1a: Scream Tail|spd|1\n|\n|-heal|p1a: Scream Tail|281/330 brn|[from] move: Wish|[wisher] Scream Tail\n|-heal|p1a: Scream Tail|301/330 brn|[from] item: Leftovers\n|-damage|p1a: Scream Tail|281/330 brn|[from] brn\n|upkeep\n|turn|56\n|inactive|Time left: 300 sec this turn | 300 sec total\n|\n|t:|1783569969\n|move|p1a: Scream Tail|Wish|p1a: Scream Tail\n|move|p2a: Hydrapple|Earth Power|p1a: Scream Tail\n|-damage|p1a: Scream Tail|142/330 brn\n|\n|-heal|p1a: Scream Tail|162/330 brn|[from] item: Leftovers\n|-damage|p1a: Scream Tail|142/330 brn|[from] brn\n|upkeep\n|turn|57\n|inactive|Time left: 300 sec this turn | 300 sec total\n|\n|t:|1783569969\n|move|p1a: Scream Tail|Protect|p1a: Scream Tail\n|-singleturn|p1a: Scream Tail|Protect\n|move|p2a: Hydrapple|Earth Power|p1a: Scream Tail\n|-activate|p1a: Scream Tail|move: Protect\n|\n|-heal|p1a: Scream Tail|307/330 brn|[from] move: Wish|[wisher] Scream Tail\n|-heal|p1a: Scream Tail|327/330 brn|[from] item: Leftovers\n|-damage|p1a: Scream Tail|307/330 brn|[from] brn\n|upkeep\n|turn|58\n|inactive|Time left: 300 sec this turn | 300 sec total\n|\n|t:|1783569970\n|move|p1a: Scream Tail|Wish|p1a: Scream Tail\n|move|p2a: Hydrapple|Earth Power|p1a: Scream Tail\n|-damage|p1a: Scream Tail|165/330 brn\n|\n|-heal|p1a: Scream Tail|185/330 brn|[from] item: Leftovers\n|-damage|p1a: Scream Tail|165/330 brn|[from] brn\n|upkeep\n|turn|59\n|inactive|Time left: 300 sec this turn | 300 sec total\n|\n|t:|1783569971\n|move|p1a: Scream Tail|Play Rough|p2a: Hydrapple\n|-supereffective|p2a: Hydrapple\n|-damage|p2a: Hydrapple|17/100 par\n|move|p2a: Hydrapple|Earth Power|p1a: Scream Tail\n|-damage|p1a: Scream Tail|20/330 brn\n|\n|-heal|p1a: Scream Tail|185/330 brn|[from] move: Wish|[wisher] Scream Tail\n|-heal|p1a: Scream Tail|205/330 brn|[from] item: Leftovers\n|-damage|p1a: Scream Tail|185/330 brn|[from] brn\n|upkeep\n|turn|60\n|inactive|Time left: 300 sec this turn | 300 sec total\n|\n|t:|1783569972\n|switch|p2a: Magmortar|Magmortar, L88, M|100/100\n|move|p1a: Scream Tail|Protect||[still]\n|-fail|p1a: Scream Tail\n|\n|-heal|p1a: Scream Tail|205/330 brn|[from] item: Leftovers\n|-damage|p1a: Scream Tail|185/330 brn|[from] brn\n|upkeep\n|turn|61\n|inactive|Time left: 300 sec this turn | 300 sec total\n|\n|t:|1783569973\n|move|p1a: Scream Tail|Protect|p1a: Scream Tail\n|-singleturn|p1a: Scream Tail|Protect\n|move|p2a: Magmortar|Fire Blast|p1a: Scream Tail\n|-activate|p1a: Scream Tail|move: Protect\n|\n|-heal|p1a: Scream Tail|205/330 brn|[from] item: Leftovers\n|-damage|p1a: Scream Tail|185/330 brn|[from] brn\n|upkeep\n|turn|62\n|inactive|Time left: 300 sec this turn | 300 sec total\n|\n|t:|1783569974\n|move|p1a: Scream Tail|Thunder Wave|p2a: Magmortar\n|-status|p2a: Magmortar|par\n|move|p2a: Magmortar|Fire Blast|p1a: Scream Tail\n|-damage|p1a: Scream Tail|0 fnt\n|faint|p1a: Scream Tail\n|-end|p1a: Scream Tail|Protosynthesis|[silent]\n|\n|win|p0y26790da4", "uploadtime": 1783569974, "views": 0, "rating": 0, "private": 0, "password": null, "_winner": "p0y26790da4", "_our_name": "p0x26797318"}