{"id": "battle-gen9randombattle-601", "formatid": "gen9randombattle", "format": "[Gen 9] Random Battle", "players": ["p0x6014948", "p0y601f49d"], "log": "|init|battle\n|title|p0x6014948 vs. p0y601f49d\n|j|\u2606p0x6014948\n|j|\u2606p0y601f49d\n|t:|1783546058\n|gametype|singles\n|player|p1|p0x6014948|2|\n|player|p2|p0y601f49d|1|\n|gen|9\n|tier|[Gen 9] Random Battle\n|rule|Species Clause: Limit one of each Pok\u00e9mon\n|rule|HP Percentage Mod: HP is shown in percentages\n|rule|Sleep Clause Mod: Limit one foe put to sleep\n|rule|Illusion Level Mod: Illusion disguises the Pok\u00e9mon's true level\n|\n|t:|1783546058\n|teamsize|p1|6\n|teamsize|p2|6\n|start\n|switch|p1a: Terapagos|Terapagos, L77, F|100/100\n|switch|p2a: Slowbro|Slowbro-Galar, L87, F|307/307\n|-activate|p1a: Terapagos|ability: Tera Shift\n|detailschange|p1a: Terapagos|Terapagos-Terastal, L77, F\n|-heal|p1a: Terapagos|100/100|[silent]\n|turn|1\n|inactive|Battle timer is ON: inactive players will automatically lose when time's up. (requested by p0x6014948)\n|inactive|Time left: 300 sec this turn | 300 sec total | 60 sec grace\n|inactive|p0y601f49d also wants the timer to be on.\n|\n|t:|1783546060\n|move|p1a: Terapagos|Calm Mind|p1a: Terapagos\n|-boost|p1a: Terapagos|spa|1\n|-boost|p1a: Terapagos|spd|1\n|move|p2a: Slowbro|Shell Side Arm|p1a: Terapagos|[anim] Shell Side Arm Physical\n|-activate|p1a: Terapagos|ability: Tera Shell\n|-resisted|p1a: Terapagos\n|-damage|p1a: Terapagos|83/100\n|-hint|Physical Shell Side Arm\n|\n|upkeep\n|turn|2\n|inactive|Time left: 300 sec this turn | 300 sec total\n|\n|t:|1783546061\n|move|p1a: Terapagos|Calm Mind|p1a: Terapagos\n|-boost|p1a: Terapagos|spa|1\n|-boost|p1a: Terapagos|spd|1\n|move|p2a: Slowbro|Shell Side Arm|p1a: Terapagos|[anim] Shell Side Arm Physical\n|-damage|p1a: Terapagos|46/100\n|-hint|Physical Shell Side Arm\n|\n|upkeep\n|turn|3\n|inactive|Time left: 300 sec this turn | 300 sec total\n|\n|t:|1783546062\n|move|p1a: Terapagos|Tera Starstorm|p2a: Slowbro\n|-damage|p2a: Slowbro|147/307\n|move|p2a: Slowbro|Psychic|p1a: Terapagos\n|-damage|p1a: Terapagos|28/100\n|\n|upkeep\n|turn|4\n|inactive|Time left: 300 sec this turn | 300 sec total\n|\n|t:|1783546063\n|switch|p2a: Blissey|Blissey, L85, F|572/572\n|move|p1a: Terapagos|Tera Starstorm|p2a: Blissey\n|-damage|p2a: Blissey|421/572\n|\n|-heal|p2a: Blissey|456/572|[from] item: Leftovers\n|upkeep\n|turn|5\n|inactive|Time left: 300 sec this turn | 300 sec total\n|\n|t:|1783546064\n|move|p1a: Terapagos|Rest|p1a: Terapagos\n|-status|p1a: Terapagos|slp|[from] move: Rest\n|-heal|p1a: Terapagos|100/100 slp|[silent]\n|-enditem|p1a: Terapagos|Chesto Berry|[eat]\n|-curestatus|p1a: Terapagos|slp|[msg]\n|move|p2a: Blissey|Seismic Toss|p1a: Terapagos\n|-damage|p1a: Terapagos|69/100\n|\n|-heal|p2a: Blissey|491/572|[from] item: Leftovers\n|upkeep\n|turn|6\n|inactive|Time left: 300 sec this turn | 300 sec total\n|\n|t:|1783546065\n|move|p1a: Terapagos|Tera Starstorm|p2a: Blissey\n|-damage|p2a: Blissey|337/572\n|move|p2a: Blissey|Thunder Wave|p1a: Terapagos\n|-status|p1a: Terapagos|par\n|\n|-heal|p2a: Blissey|372/572|[from] item: Leftovers\n|upkeep\n|turn|7\n|inactive|Time left: 300 sec this turn | 300 sec total\n|\n|t:|1783546067\n|move|p2a: Blissey|Seismic Toss|p1a: Terapagos\n|-damage|p1a: Terapagos|38/100 par\n|move|p1a: Terapagos|Tera Starstorm|p2a: Blissey\n|-damage|p2a: Blissey|206/572\n|\n|-heal|p2a: Blissey|241/572|[from] item: Leftovers\n|upkeep\n|turn|8\n|inactive|Time left: 300 sec this turn | 300 sec total\n|\n|t:|1783546068\n|move|p2a: Blissey|Soft-Boiled|p2a: Blissey\n|-heal|p2a: Blissey|527/572\n|move|p1a: Terapagos|Tera Starstorm|p2a: Blissey\n|-damage|p2a: Blissey|376/572\n|\n|-heal|p2a: Blissey|411/572|[from] item: Leftovers\n|upkeep\n|turn|9\n|inactive|Time left: 300 sec this turn | 300 sec total\n|\n|t:|1783546069\n|move|p2a: Blissey|Seismic Toss|p1a: Terapagos\n|-damage|p1a: Terapagos|7/100 par\n|move|p1a: Terapagos|Rest|p1a: Terapagos\n|-status|p1a: Terapagos|slp|[from] move: Rest\n|-heal|p1a: Terapagos|100/100 slp|[silent]\n|\n|-heal|p2a: Blissey|446/572|[from] item: Leftovers\n|upkeep\n|turn|10\n|inactive|Time left: 300 sec this turn | 300 sec total\n|\n|t:|1783546070\n|cant|p1a: Terapagos|slp\n|move|p2a: Blissey|Seismic Toss|p1a: Terapagos\n|-damage|p1a: Terapagos|69/100 slp\n|\n|-heal|p2a: Blissey|481/572|[from] item: Leftovers\n|upkeep\n|turn|11\n|inactive|Time left: 300 sec this turn | 300 sec total\n|\n|t:|1783546071\n|cant|p1a: Terapagos|slp\n|move|p2a: Blissey|Seismic Toss|p1a: Terapagos\n|-damage|p1a: Terapagos|38/100 slp\n|\n|-heal|p2a: Blissey|516/572|[from] item: Leftovers\n|upkeep\n|turn|12\n|inactive|Time left: 300 sec this turn | 300 sec total\n|\n|t:|1783546072\n|-curestatus|p1a: Terapagos|slp|[msg]\n|move|p1a: Terapagos|Tera Starstorm|p2a: Blissey\n|-damage|p2a: Blissey|365/572\n|move|p2a: Blissey|Seismic Toss|p1a: Terapagos\n|-damage|p1a: Terapagos|7/100\n|\n|-heal|p2a: Blissey|400/572|[from] item: Leftovers\n|upkeep\n|turn|13\n|inactive|Time left: 300 sec this turn | 300 sec total\n|\n|t:|1783546073\n|move|p1a: Terapagos|Rest|p1a: Terapagos\n|-status|p1a: Terapagos|slp|[from] move: Rest\n|-heal|p1a: Terapagos|100/100 slp|[silent]\n|move|p2a: Blissey|Seismic Toss|p1a: Terapagos\n|-damage|p1a: Terapagos|69/100 slp\n|\n|-heal|p2a: Blissey|435/572|[from] item: Leftovers\n|upkeep\n|turn|14\n|inactive|Time left: 300 sec this turn | 300 sec total\n|\n|t:|1783546074\n|switch|p2a: Bombirdier|Bombirdier, L85, M|258/258\n|cant|p1a: Terapagos|slp\n|\n|upkeep\n|turn|15\n|inactive|Time left: 300 sec this turn | 300 sec total\n|\n|t:|1783546076\n|move|p2a: Bombirdier|Brave Bird|p1a: Terapagos\n|-damage|p1a: Terapagos|21/100 slp\n|-damage|p2a: Bombirdier|214/258|[from] Recoil\n|cant|p1a: Terapagos|slp\n|\n|upkeep\n|turn|16\n|inactive|Time left: 300 sec this turn | 300 sec total\n|\n|t:|1783546077\n|move|p2a: Bombirdier|Brave Bird|p1a: Terapagos\n|-damage|p1a: Terapagos|0 fnt\n|faint|p1a: Terapagos\n|-damage|p2a: Bombirdier|196/258|[from] Recoil\n|\n|upkeep\n|\n|t:|1783546078\n|switch|p1a: Perrserker|Perrserker, L89, F|100/100\n|turn|17\n|inactive|Time left: 300 sec this turn | 300 sec total\n|\n|t:|1783546079\n|move|p2a: Bombirdier|Knock Off|p1a: Perrserker\n|-damage|p1a: Perrserker|65/100\n|-enditem|p1a: Perrserker|Choice Band|[from] move: Knock Off|[of] p2a: Bombirdier\n|move|p1a: Perrserker|Iron Head|p2a: Bombirdier\n|-damage|p2a: Bombirdier|48/258\n|\n|upkeep\n|turn|18\n|inactive|Time left: 300 sec this turn | 300 sec total\n|\n|t:|1783546080\n|move|p2a: Bombirdier|Stealth Rock|p1a: Perrserker\n|-sidestart|p1: p0x6014948|move: Stealth Rock\n|move|p1a: Perrserker|Knock Off|p2a: Bombirdier\n|-resisted|p2a: Bombirdier\n|-damage|p2a: Bombirdier|0 fnt\n|-enditem|p2a: Bombirdier|Heavy-Duty Boots|[from] move: Knock Off|[of] p1a: Perrserker\n|faint|p2a: Bombirdier\n|\n|upkeep\n|inactive|Time left: 300 sec this turn | 300 sec total | 5 sec grace\n|\n|t:|1783546081\n|switch|p2a: Kyogre|Kyogre, L71|259/259\n|-weather|RainDance|[from] ability: Drizzle|[of] p2a: Kyogre\n|turn|19\n|inactive|Time left: 300 sec this turn | 300 sec total\n|\n|t:|1783546081\n|move|p2a: Kyogre|Origin Pulse|p1a: Perrserker\n|-damage|p1a: Perrserker|0 fnt\n|faint|p1a: Perrserker\n|\n|-weather|RainDance|[upkeep]\n|upkeep\n|\n|t:|1783546082\n|switch|p1a: Serperior|Serperior, L79, M|100/100\n|-damage|p1a: Serperior|88/100|[from] Stealth Rock\n|turn|20\n|inactive|Time left: 300 sec this turn | 300 sec total\n|\n|t:|1783546083\n|move|p1a: Serperior|Leaf Storm|p2a: Kyogre\n|-supereffective|p2a: Kyogre\n|-damage|p2a: Kyogre|107/259\n|-boost|p1a: Serperior|spa|2\n|move|p2a: Kyogre|Ice Beam|p1a: Serperior\n|-supereffective|p1a: Serperior\n|-damage|p1a: Serperior|33/100\n|\n|-weather|RainDance|[upkeep]\n|-heal|p1a: Serperior|39/100|[from] item: Leftovers\n|-heal|p2a: Kyogre|123/259|[from] item: Leftovers\n|upkeep\n|turn|21\n|inactive|Time left: 300 sec this turn | 300 sec total\n|\n|t:|1783546084\n|switch|p2a: Slowbro|Slowbro-Galar, L87, F|249/307\n|move|p1a: Serperior|Leaf Storm|p2a: Slowbro|[miss]\n|-miss|p1a: Serperior|p2a: Slowbro\n|\n|-weather|RainDance|[upkeep]\n|-heal|p1a: Serperior|45/100|[from] item: Leftovers\n|upkeep\n|turn|22\n|inactive|Time left: 300 sec this turn | 300 sec total\n|\n|t:|1783546085\n|move|p1a: Serperior|Substitute|p1a: Serperior\n|-start|p1a: Serperior|Substitute\n|-damage|p1a: Serperior|20/100\n|move|p2a: Slowbro|Shell Side Arm|p1a: Serperior|[anim] Shell Side Arm Physical\n|-supereffective|p1a: Serperior\n|-end|p1a: Serperior|Substitute\n|-hint|Physical Shell Side Arm\n|\n|-weather|RainDance|[upkeep]\n|-heal|p1a: Serperior|26/100|[from] item: Leftovers\n|upkeep\n|turn|23\n|inactive|Time left: 300 sec this turn | 300 sec total\n|\n|t:|1783546086\n|move|p1a: Serperior|Substitute|p1a: Serperior\n|-start|p1a: Serperior|Substitute\n|-damage|p1a: Serperior|1/100\n|move|p2a: Slowbro|Shell Side Arm|p1a: Serperior|[anim] Shell Side Arm Physical\n|-supereffective|p1a: Serperior\n|-end|p1a: Serperior|Substitute\n|-hint|Physical Shell Side Arm\n|\n|-weather|none\n|-heal|p1a: Serperior|7/100|[from] item: Leftovers\n|upkeep\n|turn|24\n|inactive|Time left: 300 sec this turn | 300 sec total\n|\n|t:|1783546087\n|move|p1a: Serperior|Leech Seed|p2a: Slowbro\n|-start|p2a: Slowbro|move: Leech Seed\n|move|p2a: Slowbro|Foul Play|p1a: Serperior\n|-damage|p1a: Serperior|0 fnt\n|faint|p1a: Serperior\n|\n|upkeep\n|\n|t:|1783546088\n|switch|p1a: Vespiquen|Vespiquen, L99, F|100/100\n|-ability|p1a: Vespiquen|Pressure\n|turn|25\n|inactive|Time left: 300 sec this turn | 300 sec total\n|\n|t:|1783546089\n|switch|p2a: Pincurchin|Pincurchin, M|258/258\n|-fieldstart|move: Electric Terrain|[from] ability: Electric Surge|[of] p2a: Pincurchin\n|move|p1a: Vespiquen|Hurricane|p2a: Pincurchin\n|-resisted|p2a: Pincurchin\n|-damage|p2a: Pincurchin|201/258\n|\n|-heal|p2a: Pincurchin|217/258|[from] item: Leftovers\n|upkeep\n|turn|26\n|inactive|Time left: 300 sec this turn | 300 sec total\n|\n|t:|1783546090\n|move|p1a: Vespiquen|Toxic Spikes|p2a: Pincurchin\n|-sidestart|p2: p0y601f49d|move: Toxic Spikes\n|move|p2a: Pincurchin|Thunderbolt|p1a: Vespiquen\n|-supereffective|p1a: Vespiquen\n|-damage|p1a: Vespiquen|8/100\n|\n|-heal|p2a: Pincurchin|233/258|[from] item: Leftovers\n|upkeep\n|turn|27\n|inactive|Time left: 300 sec this turn | 300 sec total\n|\n|t:|1783546091\n|move|p1a: Vespiquen|Roost|p1a: Vespiquen\n|-heal|p1a: Vespiquen|58/100\n|-singleturn|p1a: Vespiquen|move: Roost\n|move|p2a: Pincurchin|Thunderbolt|p1a: Vespiquen\n|-damage|p1a: Vespiquen|15/100\n|\n|-heal|p2a: Pincurchin|249/258|[from] item: Leftovers\n|upkeep\n|turn|28\n|inactive|Time left: 300 sec this turn | 300 sec total\n|\n|t:|1783546092\n|move|p1a: Vespiquen|Roost|p1a: Vespiquen\n|-heal|p1a: Vespiquen|65/100\n|-singleturn|p1a: Vespiquen|move: Roost\n|move|p2a: Pincurchin|Thunderbolt|p1a: Vespiquen\n|-damage|p1a: Vespiquen|26/100\n|\n|-heal|p2a: Pincurchin|258/258|[from] item: Leftovers\n|upkeep\n|turn|29\n|inactive|Time left: 300 sec this turn | 300 sec total\n|\n|t:|1783546093\n|move|p1a: Vespiquen|Roost|p1a: Vespiquen\n|-heal|p1a: Vespiquen|76/100\n|-singleturn|p1a: Vespiquen|move: Roost\n|move|p2a: Pincurchin|Thunderbolt|p1a: Vespiquen\n|-damage|p1a: Vespiquen|32/100\n|\n|-fieldend|move: Electric Terrain\n|upkeep\n|turn|30\n|inactive|Time left: 300 sec this turn | 300 sec total\n|\n|t:|1783546094\n|move|p1a: Vespiquen|Roost|p1a: Vespiquen\n|-heal|p1a: Vespiquen|82/100\n|-singleturn|p1a: Vespiquen|move: Roost\n|move|p2a: Pincurchin|Thunderbolt|p1a: Vespiquen\n|-damage|p1a: Vespiquen|48/100\n|\n|upkeep\n|turn|31\n|inactive|Time left: 300 sec this turn | 300 sec total\n|\n|t:|1783546095\n|move|p1a: Vespiquen|Roost|p1a: Vespiquen\n|-heal|p1a: Vespiquen|98/100\n|-singleturn|p1a: Vespiquen|move: Roost\n|move|p2a: Pincurchin|Thunderbolt|p1a: Vespiquen\n|-damage|p1a: Vespiquen|62/100\n|\n|upkeep\n|turn|32\n|inactive|Time left: 300 sec this turn | 300 sec total\n|\n|t:|1783546096\n|move|p1a: Vespiquen|Roost|p1a: Vespiquen\n|-heal|p1a: Vespiquen|100/100\n|-singleturn|p1a: Vespiquen|move: Roost\n|move|p2a: Pincurchin|Thunderbolt|p1a: Vespiquen\n|-damage|p1a: Vespiquen|67/100\n|\n|upkeep\n|turn|33\n|inactive|Time left: 300 sec this turn | 300 sec total\n|\n|t:|1783546097\n|move|p1a: Vespiquen|Roost|p1a: Vespiquen\n|-heal|p1a: Vespiquen|100/100\n|-singleturn|p1a: Vespiquen|move: Roost\n|move|p2a: Pincurchin|Thunderbolt|p1a: Vespiquen\n|-damage|p1a: Vespiquen|67/100\n|\n|upkeep\n|turn|34\n|inactive|Time left: 300 sec this turn | 300 sec total\n|\n|t:|1783546098\n|move|p1a: Vespiquen|Roost|p1a: Vespiquen\n|-heal|p1a: Vespiquen|100/100\n|-singleturn|p1a: Vespiquen|move: Roost\n|move|p2a: Pincurchin|Thunderbolt|p1a: Vespiquen\n|-damage|p1a: Vespiquen|70/100\n|\n|upkeep\n|turn|35\n|inactive|Time left: 300 sec this turn | 300 sec total\n|\n|t:|1783546099\n|move|p1a: Vespiquen|Hurricane|p2a: Pincurchin|[miss]\n|-miss|p1a: Vespiquen|p2a: Pincurchin\n|move|p2a: Pincurchin|Thunderbolt|p1a: Vespiquen\n|-supereffective|p1a: Vespiquen\n|-damage|p1a: Vespiquen|4/100\n|\n|upkeep\n|turn|36\n|inactive|Time left: 300 sec this turn | 300 sec total\n|\n|t:|1783546101\n|move|p1a: Vespiquen|Hurricane|p2a: Pincurchin\n|-resisted|p2a: Pincurchin\n|-damage|p2a: Pincurchin|197/258\n|move|p2a: Pincurchin|Thunderbolt|p1a: Vespiquen\n|-supereffective|p1a: Vespiquen\n|-damage|p1a: Vespiquen|0 fnt\n|faint|p1a: Vespiquen\n|\n|-heal|p2a: Pincurchin|213/258|[from] item: Leftovers\n|upkeep\n|\n|t:|1783546102\n|switch|p1a: Dachsbun|Dachsbun, L92, M|100/100\n|-damage|p1a: Dachsbun|88/100|[from] Stealth Rock\n|turn|37\n|inactive|Time left: 300 sec this turn | 300 sec total\n|\n|t:|1783546103\n|move|p1a: Dachsbun|Protect|p1a: Dachsbun\n|-singleturn|p1a: Dachsbun|Protect\n|move|p2a: Pincurchin|Thunderbolt|p1a: Dachsbun\n|-activate|p1a: Dachsbun|move: Protect\n|\n|-heal|p1a: Dachsbun|94/100|[from] item: Leftovers\n|-heal|p2a: Pincurchin|229/258|[from] item: Leftovers\n|upkeep\n|turn|38\n|inactive|Time left: 300 sec this turn | 300 sec total\n|\n|t:|1783546104\n|switch|p2a: Slowbro|Slowbro-Galar, L87, F|307/307\n|-sideend|p2: p0y601f49d|move: Toxic Spikes|[of] p2a: Slowbro\n|move|p1a: Dachsbun|Yawn|p2a: Slowbro\n|-start|p2a: Slowbro|move: Yawn|[of] p1a: Dachsbun\n|\n|-heal|p1a: Dachsbun|99/100|[from] item: Leftovers\n|upkeep\n|turn|39\n|inactive|Time left: 300 sec this turn | 300 sec total\n|\n|t:|1783546105\n|switch|p2a: Pincurchin|Pincurchin, M|229/258\n|-fieldstart|move: Electric Terrain|[from] ability: Electric Surge|[of] p2a: Pincurchin\n|move|p1a: Dachsbun|Play Rough|p2a: Pincurchin\n|-damage|p2a: Pincurchin|148/258\n|\n|-heal|p1a: Dachsbun|100/100|[from] item: Leftovers\n|-heal|p2a: Pincurchin|164/258|[from] item: Leftovers\n|upkeep\n|turn|40\n|inactive|Time left: 300 sec this turn | 300 sec total\n|\n|t:|1783546106\n|move|p1a: Dachsbun|Play Rough|p2a: Pincurchin\n|-damage|p2a: Pincurchin|85/258\n|move|p2a: Pincurchin|Thunderbolt|p1a: Dachsbun\n|-damage|p1a: Dachsbun|34/100\n|\n|-heal|p1a: Dachsbun|40/100|[from] item: Leftovers\n|-heal|p2a: Pincurchin|101/258|[from] item: Leftovers\n|upkeep\n|turn|41\n|inactive|Time left: 300 sec this turn | 300 sec total\n|\n|t:|1783546107\n|move|p1a: Dachsbun|Play Rough|p2a: Pincurchin\n|-damage|p2a: Pincurchin|19/258\n|move|p2a: Pincurchin|Recover|p2a: Pincurchin\n|-heal|p2a: Pincurchin|148/258\n|\n|-heal|p1a: Dachsbun|46/100|[from] item: Leftovers\n|-heal|p2a: Pincurchin|164/258|[from] item: Leftovers\n|upkeep\n|turn|42\n|inactive|Time left: 300 sec this turn | 300 sec total\n|\n|t:|1783546108\n|move|p1a: Dachsbun|Wish|p1a: Dachsbun\n|move|p2a: Pincurchin|Scald|p1a: Dachsbun\n|-damage|p1a: Dachsbun|19/100\n|\n|-heal|p1a: Dachsbun|25/100|[from] item: Leftovers\n|-heal|p2a: Pincurchin|180/258|[from] item: Leftovers\n|upkeep\n|turn|43\n|inactive|Time left: 300 sec this turn | 300 sec total\n|\n|t:|1783546109\n|move|p1a: Dachsbun|Protect|p1a: Dachsbun\n|-singleturn|p1a: Dachsbun|Protect\n|move|p2a: Pincurchin|Scald|p1a: Dachsbun\n|-activate|p1a: Dachsbun|move: Protect\n|\n|-heal|p1a: Dachsbun|75/100|[from] move: Wish|[wisher] Dachsbun\n|-heal|p1a: Dachsbun|80/100|[from] item: Leftovers\n|-heal|p2a: Pincurchin|196/258|[from] item: Leftovers\n|-fieldend|move: Electric Terrain\n|upkeep\n|turn|44\n|inactive|Time left: 300 sec this turn | 300 sec total\n|\n|t:|1783546110\n|move|p1a: Dachsbun|Play Rough|p2a: Pincurchin\n|-damage|p2a: Pincurchin|120/258\n|move|p2a: Pincurchin|Scald|p1a: Dachsbun\n|-damage|p1a: Dachsbun|51/100\n|\n|-heal|p1a: Dachsbun|57/100|[from] item: Leftovers\n|-heal|p2a: Pincurchin|136/258|[from] item: Leftovers\n|upkeep\n|turn|45\n|inactive|Time left: 300 sec this turn | 300 sec total\n|\n|t:|1783546112\n|move|p1a: Dachsbun|Play Rough|p2a: Pincurchin\n|-damage|p2a: Pincurchin|61/258\n|move|p2a: Pincurchin|Recover|p2a: Pincurchin\n|-heal|p2a: Pincurchin|190/258\n|\n|-heal|p1a: Dachsbun|63/100|[from] item: Leftovers\n|-heal|p2a: Pincurchin|206/258|[from] item: Leftovers\n|upkeep\n|turn|46\n|inactive|Time left: 300 sec this turn | 300 sec total\n|\n|t:|1783546113\n|move|p1a: Dachsbun|Wish|p1a: Dachsbun\n|move|p2a: Pincurchin|Scald|p1a: Dachsbun\n|-damage|p1a: Dachsbun|32/100\n|\n|-heal|p1a: Dachsbun|38/100|[from] item: Leftovers\n|-heal|p2a: Pincurchin|222/258|[from] item: Leftovers\n|upkeep\n|turn|47\n|inactive|Time left: 300 sec this turn | 300 sec total\n|\n|t:|1783546114\n|move|p1a: Dachsbun|Protect|p1a: Dachsbun\n|-singleturn|p1a: Dachsbun|Protect\n|move|p2a: Pincurchin|Scald|p1a: Dachsbun\n|-activate|p1a: Dachsbun|move: Protect\n|\n|-heal|p1a: Dachsbun|88/100|[from] move: Wish|[wisher] Dachsbun\n|-heal|p1a: Dachsbun|93/100|[from] item: Leftovers\n|-heal|p2a: Pincurchin|238/258|[from] item: Leftovers\n|upkeep\n|turn|48\n|inactive|Time left: 300 sec this turn | 300 sec total\n|\n|t:|1783546115\n|move|p1a: Dachsbun|Play Rough|p2a: Pincurchin\n|-damage|p2a: Pincurchin|160/258\n|move|p2a: Pincurchin|Scald|p1a: Dachsbun\n|-damage|p1a: Dachsbun|66/100\n|\n|-heal|p1a: Dachsbun|72/100|[from] item: Leftovers\n|-heal|p2a: Pincurchin|176/258|[from] item: Leftovers\n|upkeep\n|turn|49\n|inactive|Time left: 300 sec this turn | 300 sec total\n|\n|t:|1783546116\n|move|p1a: Dachsbun|Play Rough|p2a: Pincurchin\n|-damage|p2a: Pincurchin|94/258\n|move|p2a: Pincurchin|Recover|p2a: Pincurchin\n|-heal|p2a: Pincurchin|223/258\n|\n|-heal|p1a: Dachsbun|78/100|[from] item: Leftovers\n|-heal|p2a: Pincurchin|239/258|[from] item: Leftovers\n|upkeep\n|turn|50\n|inactive|Time left: 300 sec this turn | 300 sec total\n|\n|t:|1783546117\n|move|p1a: Dachsbun|Wish|p1a: Dachsbun\n|move|p2a: Pincurchin|Scald|p1a: Dachsbun\n|-damage|p1a: Dachsbun|47/100\n|\n|-heal|p1a: Dachsbun|53/100|[from] item: Leftovers\n|-heal|p2a: Pincurchin|255/258|[from] item: Leftovers\n|upkeep\n|turn|51\n|inactive|Time left: 300 sec this turn | 300 sec total\n|\n|t:|1783546118\n|move|p1a: Dachsbun|Play Rough|p2a: Pincurchin\n|-damage|p2a: Pincurchin|179/258\n|move|p2a: Pincurchin|Scald|p1a: Dachsbun\n|-damage|p1a: Dachsbun|23/100\n|-status|p1a: Dachsbun|brn\n|\n|-heal|p1a: Dachsbun|73/100 brn|[from] move: Wish|[wisher] Dachsbun\n|-heal|p1a: Dachsbun|78/100 brn|[from] item: Leftovers\n|-heal|p2a: Pincurchin|195/258|[from] item: Leftovers\n|-damage|p1a: Dachsbun|73/100 brn|[from] brn\n|upkeep\n|turn|52\n|inactive|Time left: 300 sec this turn | 300 sec total\n|\n|t:|1783546119\n|move|p1a: Dachsbun|Wish|p1a: Dachsbun\n|move|p2a: Pincurchin|Toxic Spikes|p1a: Dachsbun\n|-sidestart|p1: p0x6014948|move: Toxic Spikes\n|\n|-heal|p1a: Dachsbun|78/100 brn|[from] item: Leftovers\n|-heal|p2a: Pincurchin|211/258|[from] item: Leftovers\n|-damage|p1a: Dachsbun|73/100 brn|[from] brn\n|upkeep\n|turn|53\n|inactive|Time left: 300 sec this turn | 300 sec total\n|\n|t:|1783546120\n|move|p1a: Dachsbun|Yawn|p2a: Pincurchin\n|-start|p2a: Pincurchin|move: Yawn|[of] p1a: Dachsbun\n|move|p2a: Pincurchin|Recover|p2a: Pincurchin\n|-heal|p2a: Pincurchin|258/258\n|\n|-heal|p1a: Dachsbun|100/100 brn|[from] move: Wish|[wisher] Dachsbun\n|-damage|p1a: Dachsbun|95/100 brn|[from] brn\n|upkeep\n|turn|54\n|inactive|Time left: 300 sec this turn | 300 sec total\n|\n|t:|1783546121\n|switch|p2a: Kyogre|Kyogre, L71|123/259\n|-weather|RainDance|[from] ability: Drizzle|[of] p2a: Kyogre\n|move|p1a: Dachsbun|Yawn|p2a: Kyogre\n|-start|p2a: Kyogre|move: Yawn|[of] p1a: Dachsbun\n|\n|-weather|RainDance|[upkeep]\n|-heal|p1a: Dachsbun|100/100 brn|[from] item: Leftovers\n|-heal|p2a: Kyogre|139/259|[from] item: Leftovers\n|-damage|p1a: Dachsbun|95/100 brn|[from] brn\n|upkeep\n|turn|55\n|inactive|Time left: 300 sec this turn | 300 sec total\n|\n|t:|1783546122\n|switch|p2a: Blissey|Blissey, L85, F|435/572\n|move|p1a: Dachsbun|Wish|p1a: Dachsbun\n|\n|-weather|RainDance|[upkeep]\n|-heal|p1a: Dachsbun|100/100 brn|[from] item: Leftovers\n|-heal|p2a: Blissey|470/572|[from] item: Leftovers\n|-damage|p1a: Dachsbun|95/100 brn|[from] brn\n|upkeep\n|turn|56\n|inactive|Time left: 300 sec this turn | 300 sec total\n|\n|t:|1783546123\n|move|p1a: Dachsbun|Play Rough|p2a: Blissey\n|-damage|p2a: Blissey|335/572\n|move|p2a: Blissey|Soft-Boiled|p2a: Blissey\n|-heal|p2a: Blissey|572/572\n|\n|-weather|RainDance|[upkeep]\n|-heal|p1a: Dachsbun|100/100 brn|[from] move: Wish|[wisher] Dachsbun\n|-damage|p1a: Dachsbun|95/100 brn|[from] brn\n|upkeep\n|turn|57\n|inactive|Time left: 300 sec this turn | 300 sec total\n|\n|t:|1783546124\n|switch|p2a: Kyogre|Kyogre, L71|139/259\n|move|p1a: Dachsbun|Wish|p1a: Dachsbun\n|\n|-weather|RainDance|[upkeep]\n|-heal|p1a: Dachsbun|100/100 brn|[from] item: Leftovers\n|-heal|p2a: Kyogre|155/259|[from] item: Leftovers\n|-damage|p1a: Dachsbun|95/100 brn|[from] brn\n|upkeep\n|turn|58\n|inactive|Time left: 300 sec this turn | 300 sec total\n|\n|t:|1783546125\n|move|p1a: Dachsbun|Yawn|p2a: Kyogre\n|-start|p2a: Kyogre|move: Yawn|[of] p1a: Dachsbun\n|move|p2a: Kyogre|Calm Mind|p2a: Kyogre\n|-boost|p2a: Kyogre|spa|1\n|-boost|p2a: Kyogre|spd|1\n|\n|-weather|none\n|-heal|p1a: Dachsbun|100/100 brn|[from] move: Wish|[wisher] Dachsbun\n|-heal|p2a: Kyogre|171/259|[from] item: Leftovers\n|-damage|p1a: Dachsbun|95/100 brn|[from] brn\n|upkeep\n|turn|59\n|inactive|Time left: 300 sec this turn | 300 sec total\n|\n|t:|1783546126\n|move|p1a: Dachsbun|Play Rough|p2a: Kyogre\n|-damage|p2a: Kyogre|114/259\n|move|p2a: Kyogre|Origin Pulse|p1a: Dachsbun\n|-damage|p1a: Dachsbun|28/100 brn\n|\n|-heal|p1a: Dachsbun|34/100 brn|[from] item: Leftovers\n|-heal|p2a: Kyogre|130/259|[from] item: Leftovers\n|-damage|p1a: Dachsbun|28/100 brn|[from] brn\n|-end|p2a: Kyogre|move: Yawn|[silent]\n|-status|p2a: Kyogre|slp\n|upkeep\n|turn|60\n|inactive|Time left: 300 sec this turn | 300 sec total\n|\n|t:|1783546127\n|move|p1a: Dachsbun|Wish|p1a: Dachsbun\n|cant|p2a: Kyogre|slp\n|\n|-heal|p1a: Dachsbun|34/100 brn|[from] item: Leftovers\n|-heal|p2a: Kyogre|146/259 slp|[from] item: Leftovers\n|-damage|p1a: Dachsbun|28/100 brn|[from] brn\n|upkeep\n|turn|61\n|inactive|Time left: 300 sec this turn | 300 sec total\n|\n|t:|1783546128\n|move|p1a: Dachsbun|Play Rough|p2a: Kyogre|[miss]\n|-miss|p1a: Dachsbun|p2a: Kyogre\n|cant|p2a: Kyogre|slp\n|\n|-heal|p1a: Dachsbun|78/100 brn|[from] move: Wish|[wisher] Dachsbun\n|-heal|p1a: Dachsbun|84/100 brn|[from] item: Leftovers\n|-heal|p2a: Kyogre|162/259 slp|[from] item: Leftovers\n|-damage|p1a: Dachsbun|78/100 brn|[from] brn\n|upkeep\n|turn|62\n|inactive|Time left: 300 sec this turn | 300 sec total\n|\n|t:|1783546128\n|move|p1a: Dachsbun|Wish|p1a: Dachsbun\n|cant|p2a: Kyogre|slp\n|\n|-heal|p1a: Dachsbun|84/100 brn|[from] item: Leftovers\n|-heal|p2a: Kyogre|178/259 slp|[from] item: Leftovers\n|-damage|p1a: Dachsbun|78/100 brn|[from] brn\n|upkeep\n|turn|63\n|inactive|Time left: 300 sec this turn | 300 sec total\n|\n|t:|1783546129\n|move|p1a: Dachsbun|Play Rough|p2a: Kyogre\n|-damage|p2a: Kyogre|124/259 slp\n|-curestatus|p2a: Kyogre|slp|[msg]\n|move|p2a: Kyogre|Calm Mind|p2a: Kyogre\n|-boost|p2a: Kyogre|spa|1\n|-boost|p2a: Kyogre|spd|1\n|\n|-heal|p1a: Dachsbun|100/100 brn|[from] move: Wish|[wisher] Dachsbun\n|-heal|p2a: Kyogre|140/259|[from] item: Leftovers\n|-damage|p1a: Dachsbun|95/100 brn|[from] brn\n|upkeep\n|turn|64\n|inactive|Time left: 300 sec this turn | 300 sec total\n|\n|t:|1783546130\n|move|p1a: Dachsbun|Play Rough|p2a: Kyogre\n|-damage|p2a: Kyogre|83/259\n|move|p2a: Kyogre|Origin Pulse|p1a: Dachsbun\n|-damage|p1a: Dachsbun|0 fnt\n|faint|p1a: Dachsbun\n|\n|-heal|p2a: Kyogre|99/259|[from] item: Leftovers\n|upkeep\n|\n|t:|1783546131\n|switch|p1a: Greninja|Greninja, L80, M|100/100\n|-damage|p1a: Greninja|88/100|[from] Stealth Rock\n|-status|p1a: Greninja|psn\n|turn|65\n|inactive|Time left: 300 sec this turn | 300 sec total\n|\n|t:|1783546132\n|move|p1a: Greninja|Dark Pulse|p2a: Kyogre\n|-damage|p2a: Kyogre|51/259\n|-damage|p1a: Greninja|79/100 psn|[from] item: Life Orb\n|cant|p2a: Kyogre|flinch\n|\n|-heal|p2a: Kyogre|67/259|[from] item: Leftovers\n|-damage|p1a: Greninja|66/100 psn|[from] psn\n|upkeep\n|turn|66\n|inactive|Time left: 300 sec this turn | 300 sec total\n|\n|t:|1783546133\n|-terastallize|p2a: Kyogre|Electric\n|move|p1a: Greninja|Gunk Shot|p2a: Kyogre|[miss]\n|-miss|p1a: Greninja|p2a: Kyogre\n|move|p2a: Kyogre|Ice Beam|p1a: Greninja\n|-resisted|p1a: Greninja\n|-damage|p1a: Greninja|32/100 psn\n|\n|-heal|p2a: Kyogre|83/259|[from] item: Leftovers\n|-damage|p1a: Greninja|20/100 psn|[from] psn\n|upkeep\n|turn|67\n|inactive|Time left: 300 sec this turn | 300 sec total\n|\n|t:|1783546134\n|-terastallize|p1a: Greninja|Water\n|move|p1a: Greninja|Ice Beam|p2a: Kyogre\n|-damage|p2a: Kyogre|51/259\n|-damage|p1a: Greninja|10/100 psn|[from] item: Life Orb\n|move|p2a: Kyogre|Ice Beam|p1a: Greninja\n|-resisted|p1a: Greninja\n|-damage|p1a: Greninja|0 fnt\n|faint|p1a: Greninja\n|\n|win|p0y601f49d", "uploadtime": 1783546134, "views": 0, "rating": 0, "private": 0, "password": null, "_winner": "p0y601f49d", "_our_name": "p0y601f49d"}