{"id": "battle-gen9randombattle-1147", "formatid": "gen9randombattle", "format": "[Gen 9] Random Battle", "players": ["p0x11479b87", "p0y114734f1"], "log": "|init|battle\n|title|p0x11479b87 vs. p0y114734f1\n|j|\u2606p0x11479b87\n|j|\u2606p0y114734f1\n|t:|1783552429\n|gametype|singles\n|player|p1|p0x11479b87|266|\n|player|p2|p0y114734f1|2|\n|gen|9\n|tier|[Gen 9] Random Battle\n|rule|Species Clause: Limit one of each Pok\u00e9mon\n|rule|HP Percentage Mod: HP is shown in percentages\n|rule|Sleep Clause Mod: Limit one foe put to sleep\n|rule|Illusion Level Mod: Illusion disguises the Pok\u00e9mon's true level\n|\n|t:|1783552429\n|teamsize|p1|6\n|teamsize|p2|6\n|start\n|switch|p1a: Minior|Minior-Blue, L79|224/224\n|switch|p2a: Latios|Latios, L78, M|100/100\n|-formechange|p1a: Minior|Minior-Meteor||[from] ability: Shields Down\n|turn|1\n|inactive|Battle timer is ON: inactive players will automatically lose when time's up. (requested by p0x11479b87)\n|inactive|p0y114734f1 also wants the timer to be on.\n|\n|t:|1783552431\n|move|p2a: Latios|Psyshock|p1a: Minior\n|-damage|p1a: Minior|116/224\n|move|p1a: Minior|Shell Smash|p1a: Minior\n|-unboost|p1a: Minior|def|1\n|-unboost|p1a: Minior|spd|1\n|-boost|p1a: Minior|atk|2\n|-boost|p1a: Minior|spa|2\n|-boost|p1a: Minior|spe|2\n|-enditem|p1a: Minior|White Herb\n|-clearnegativeboost|p1a: Minior|[silent]\n|\n|upkeep\n|turn|2\n|inactive|Time left: 300 sec this turn | 300 sec total\n|\n|t:|1783552432\n|move|p1a: Minior|Acrobatics|p2a: Latios\n|-crit|p2a: Latios\n|-damage|p2a: Latios|0 fnt\n|faint|p2a: Latios\n|\n|upkeep\n|\n|t:|1783552433\n|switch|p2a: Rampardos|Rampardos, L90, F|100/100\n|turn|3\n|inactive|Time left: 300 sec this turn | 300 sec total\n|\n|t:|1783552434\n|-terastallize|p1a: Minior|Ground\n|move|p1a: Minior|Earthquake|p2a: Rampardos\n|-supereffective|p2a: Rampardos\n|-damage|p2a: Rampardos|1/100\n|move|p2a: Rampardos|Head Smash|p1a: Minior\n|-resisted|p1a: Minior\n|-damage|p1a: Minior|0 fnt\n|faint|p1a: Minior\n|-damage|p2a: Rampardos|0 fnt|[from] Recoil\n|faint|p2a: Rampardos\n|\n|upkeep\n|inactive|Time left: 300 sec this turn | 300 sec total | 5 sec grace\n|\n|t:|1783552435\n|switch|p1a: Beartic|Beartic, L91, F|321/321\n|switch|p2a: Virizion|Virizion, L82|100/100\n|turn|4\n|inactive|Time left: 300 sec this turn | 300 sec total\n|\n|t:|1783552437\n|move|p2a: Virizion|Close Combat|p1a: Beartic\n|-supereffective|p1a: Beartic\n|-damage|p1a: Beartic|22/321\n|-unboost|p2a: Virizion|def|1\n|-unboost|p2a: Virizion|spd|1\n|-damage|p2a: Virizion|91/100|[from] item: Life Orb\n|move|p1a: Beartic|Icicle Crash|p2a: Virizion\n|-supereffective|p2a: Virizion\n|-damage|p2a: Virizion|0 fnt\n|faint|p2a: Virizion\n|\n|upkeep\n|\n|t:|1783552438\n|switch|p2a: Stonjourner|Stonjourner, L91, M|100/100\n|turn|5\n|inactive|Time left: 300 sec this turn | 300 sec total\n|\n|t:|1783552439\n|move|p2a: Stonjourner|Heat Crash|p1a: Beartic\n|-supereffective|p1a: Beartic\n|-damage|p1a: Beartic|0 fnt\n|faint|p1a: Beartic\n|-damage|p2a: Stonjourner|90/100|[from] item: Life Orb\n|\n|upkeep\n|inactive|Time left: 300 sec this turn | 300 sec total | 5 sec grace\n|\n|t:|1783552440\n|switch|p1a: Flutter Mane|Flutter Mane, L74|203/203\n|turn|6\n|inactive|Time left: 300 sec this turn | 300 sec total\n|\n|t:|1783552441\n|switch|p2a: Hippowdon|Hippowdon, L82, M|100/100\n|-weather|Sandstorm|[from] ability: Sand Stream|[of] p2a: Hippowdon\n|move|p1a: Flutter Mane|Moonblast|p2a: Hippowdon\n|-damage|p2a: Hippowdon|47/100\n|-damage|p1a: Flutter Mane|183/203|[from] item: Life Orb\n|\n|-weather|Sandstorm|[upkeep]\n|-damage|p1a: Flutter Mane|171/203|[from] Sandstorm\n|-heal|p2a: Hippowdon|54/100|[from] item: Leftovers\n|upkeep\n|turn|7\n|inactive|Time left: 300 sec this turn | 300 sec total\n|\n|t:|1783552442\n|move|p1a: Flutter Mane|Moonblast|p2a: Hippowdon\n|-damage|p2a: Hippowdon|6/100\n|-damage|p1a: Flutter Mane|151/203|[from] item: Life Orb\n|move|p2a: Hippowdon|Earthquake|p1a: Flutter Mane\n|-damage|p1a: Flutter Mane|0 fnt\n|faint|p1a: Flutter Mane\n|-end|p1a: Flutter Mane|Protosynthesis|[silent]\n|\n|-weather|Sandstorm|[upkeep]\n|-heal|p2a: Hippowdon|12/100|[from] item: Leftovers\n|upkeep\n|inactive|Time left: 300 sec this turn | 300 sec total | 5 sec grace\n|\n|t:|1783552443\n|switch|p1a: Barraskewda|Barraskewda, L81, F|231/231\n|turn|8\n|inactive|Time left: 300 sec this turn | 300 sec total\n|\n|t:|1783552444\n|move|p1a: Barraskewda|Waterfall|p2a: Hippowdon\n|-supereffective|p2a: Hippowdon\n|-damage|p2a: Hippowdon|0 fnt\n|faint|p2a: Hippowdon\n|\n|-weather|Sandstorm|[upkeep]\n|-damage|p1a: Barraskewda|217/231|[from] Sandstorm\n|upkeep\n|\n|t:|1783552445\n|switch|p2a: Sableye|Sableye, L88, F|100/100\n|turn|9\n|inactive|Time left: 300 sec this turn | 300 sec total\n|\n|t:|1783552446\n|move|p2a: Sableye|Will-O-Wisp|p1a: Barraskewda\n|-status|p1a: Barraskewda|brn\n|move|p1a: Barraskewda|Waterfall|p2a: Sableye\n|-damage|p2a: Sableye|67/100\n|\n|-weather|Sandstorm|[upkeep]\n|-damage|p1a: Barraskewda|203/231 brn|[from] Sandstorm\n|-damage|p2a: Sableye|61/100|[from] Sandstorm\n|-heal|p2a: Sableye|67/100|[from] item: Leftovers\n|-damage|p1a: Barraskewda|189/231 brn|[from] brn\n|upkeep\n|turn|10\n|inactive|Time left: 300 sec this turn | 300 sec total\n|\n|t:|1783552447\n|move|p2a: Sableye|Recover|p2a: Sableye\n|-heal|p2a: Sableye|100/100\n|move|p1a: Barraskewda|Waterfall|p2a: Sableye\n|-damage|p2a: Sableye|68/100\n|\n|-weather|none\n|-heal|p2a: Sableye|74/100|[from] item: Leftovers\n|-damage|p1a: Barraskewda|175/231 brn|[from] brn\n|upkeep\n|turn|11\n|inactive|Time left: 300 sec this turn | 300 sec total\n|\n|t:|1783552449\n|move|p1a: Barraskewda|Waterfall|p2a: Sableye\n|-damage|p2a: Sableye|42/100\n|cant|p2a: Sableye|flinch\n|\n|-heal|p2a: Sableye|48/100|[from] item: Leftovers\n|-damage|p1a: Barraskewda|161/231 brn|[from] brn\n|upkeep\n|turn|12\n|inactive|Time left: 300 sec this turn | 300 sec total\n|\n|t:|1783552450\n|move|p2a: Sableye|Recover|p2a: Sableye\n|-heal|p2a: Sableye|98/100\n|move|p1a: Barraskewda|Waterfall|p2a: Sableye\n|-damage|p2a: Sableye|62/100\n|\n|-heal|p2a: Sableye|68/100|[from] item: Leftovers\n|-damage|p1a: Barraskewda|147/231 brn|[from] brn\n|upkeep\n|turn|13\n|inactive|Time left: 300 sec this turn | 300 sec total\n|\n|t:|1783552451\n|move|p2a: Sableye|Recover|p2a: Sableye\n|-heal|p2a: Sableye|100/100\n|move|p1a: Barraskewda|Waterfall|p2a: Sableye\n|-damage|p2a: Sableye|65/100\n|\n|-heal|p2a: Sableye|71/100|[from] item: Leftovers\n|-damage|p1a: Barraskewda|133/231 brn|[from] brn\n|upkeep\n|turn|14\n|inactive|Time left: 300 sec this turn | 300 sec total\n|\n|t:|1783552452\n|move|p2a: Sableye|Recover|p2a: Sableye\n|-heal|p2a: Sableye|100/100\n|move|p1a: Barraskewda|Waterfall|p2a: Sableye\n|-damage|p2a: Sableye|67/100\n|\n|-heal|p2a: Sableye|73/100|[from] item: Leftovers\n|-damage|p1a: Barraskewda|119/231 brn|[from] brn\n|upkeep\n|turn|15\n|inactive|Time left: 300 sec this turn | 300 sec total\n|\n|t:|1783552453\n|move|p2a: Sableye|Recover|p2a: Sableye\n|-heal|p2a: Sableye|100/100\n|move|p1a: Barraskewda|Waterfall|p2a: Sableye\n|-damage|p2a: Sableye|65/100\n|\n|-heal|p2a: Sableye|71/100|[from] item: Leftovers\n|-damage|p1a: Barraskewda|105/231 brn|[from] brn\n|upkeep\n|turn|16\n|inactive|Time left: 300 sec this turn | 300 sec total\n|\n|t:|1783552454\n|move|p2a: Sableye|Recover|p2a: Sableye\n|-heal|p2a: Sableye|100/100\n|move|p1a: Barraskewda|Waterfall|p2a: Sableye\n|-damage|p2a: Sableye|69/100\n|\n|-heal|p2a: Sableye|75/100|[from] item: Leftovers\n|-damage|p1a: Barraskewda|91/231 brn|[from] brn\n|upkeep\n|turn|17\n|inactive|Time left: 300 sec this turn | 300 sec total\n|\n|t:|1783552455\n|move|p2a: Sableye|Recover|p2a: Sableye\n|-heal|p2a: Sableye|100/100\n|move|p1a: Barraskewda|Waterfall|p2a: Sableye\n|-damage|p2a: Sableye|64/100\n|\n|-heal|p2a: Sableye|70/100|[from] item: Leftovers\n|-damage|p1a: Barraskewda|77/231 brn|[from] brn\n|upkeep\n|turn|18\n|inactive|Time left: 300 sec this turn | 300 sec total\n|\n|t:|1783552456\n|move|p1a: Barraskewda|Waterfall|p2a: Sableye\n|-damage|p2a: Sableye|35/100\n|move|p2a: Sableye|Knock Off|p1a: Barraskewda\n|-damage|p1a: Barraskewda|0 fnt\n|-enditem|p1a: Barraskewda|Choice Band|[from] move: Knock Off|[of] p2a: Sableye\n|faint|p1a: Barraskewda\n|\n|-heal|p2a: Sableye|41/100|[from] item: Leftovers\n|upkeep\n|inactive|Time left: 300 sec this turn | 300 sec total | 5 sec grace\n|\n|t:|1783552457\n|switch|p1a: Infernape|Infernape, L82, F|259/259\n|turn|19\n|inactive|Time left: 300 sec this turn | 300 sec total\n|\n|t:|1783552458\n|move|p2a: Sableye|Recover|p2a: Sableye\n|-heal|p2a: Sableye|91/100\n|move|p1a: Infernape|Overheat|p2a: Sableye\n|-damage|p2a: Sableye|0 fnt\n|-unboost|p1a: Infernape|spa|2\n|faint|p2a: Sableye\n|-damage|p1a: Infernape|234/259|[from] item: Life Orb\n|\n|upkeep\n|\n|t:|1783552459\n|switch|p2a: Stonjourner|Stonjourner, L91, M|90/100\n|turn|20\n|inactive|Time left: 300 sec this turn | 300 sec total\n|\n|t:|1783552460\n|switch|p1a: Lokix|Lokix, L82, F|251/251\n|move|p2a: Stonjourner|Stone Edge|p1a: Lokix|[miss]\n|-miss|p2a: Stonjourner|p1a: Lokix\n|\n|upkeep\n|turn|21\n|inactive|Time left: 300 sec this turn | 300 sec total\n|\n|t:|1783552461\n|move|p1a: Lokix|First Impression|p2a: Stonjourner\n|-damage|p2a: Stonjourner|66/100\n|move|p2a: Stonjourner|Stealth Rock|p1a: Lokix\n|-sidestart|p1: p0x11479b87|move: Stealth Rock\n|\n|upkeep\n|turn|22\n|inactive|Time left: 300 sec this turn | 300 sec total\n|\n|t:|1783552462\n|move|p1a: Lokix|Sucker Punch||[still]\n|-fail|p1a: Lokix\n|move|p2a: Stonjourner|Stealth Rock||[still]\n|-fail|p2a: Stonjourner\n|\n|upkeep\n|turn|23\n|inactive|Time left: 300 sec this turn | 300 sec total\n|\n|t:|1783552463\n|move|p1a: Lokix|Sucker Punch||[still]\n|-fail|p1a: Lokix\n|move|p2a: Stonjourner|Stealth Rock||[still]\n|-fail|p2a: Stonjourner\n|\n|upkeep\n|turn|24\n|inactive|Time left: 300 sec this turn | 300 sec total\n|\n|t:|1783552464\n|move|p1a: Lokix|Sucker Punch||[still]\n|-fail|p1a: Lokix\n|move|p2a: Stonjourner|Stealth Rock||[still]\n|-fail|p2a: Stonjourner\n|\n|upkeep\n|turn|25\n|inactive|Time left: 300 sec this turn | 300 sec total\n|\n|t:|1783552465\n|move|p1a: Lokix|Sucker Punch||[still]\n|-fail|p1a: Lokix\n|move|p2a: Stonjourner|Stealth Rock||[still]\n|-fail|p2a: Stonjourner\n|\n|upkeep\n|turn|26\n|inactive|Time left: 300 sec this turn | 300 sec total\n|\n|t:|1783552465\n|move|p1a: Lokix|Sucker Punch||[still]\n|-fail|p1a: Lokix\n|move|p2a: Stonjourner|Stealth Rock||[still]\n|-fail|p2a: Stonjourner\n|\n|upkeep\n|turn|27\n|inactive|Time left: 300 sec this turn | 300 sec total\n|\n|t:|1783552466\n|move|p1a: Lokix|Sucker Punch||[still]\n|-fail|p1a: Lokix\n|move|p2a: Stonjourner|Stealth Rock||[still]\n|-fail|p2a: Stonjourner\n|\n|upkeep\n|turn|28\n|inactive|Time left: 300 sec this turn | 300 sec total\n|\n|t:|1783552467\n|move|p1a: Lokix|Sucker Punch||[still]\n|-fail|p1a: Lokix\n|move|p2a: Stonjourner|Stealth Rock||[still]\n|-fail|p2a: Stonjourner\n|\n|upkeep\n|turn|29\n|inactive|Time left: 300 sec this turn | 300 sec total\n|\n|t:|1783552467\n|move|p1a: Lokix|Sucker Punch||[still]\n|-fail|p1a: Lokix\n|move|p2a: Stonjourner|Stealth Rock||[still]\n|-fail|p2a: Stonjourner\n|\n|upkeep\n|turn|30\n|inactive|Time left: 300 sec this turn | 300 sec total\n|\n|t:|1783552468\n|move|p1a: Lokix|Knock Off|p2a: Stonjourner\n|-crit|p2a: Stonjourner\n|-damage|p2a: Stonjourner|36/100\n|-enditem|p2a: Stonjourner|Life Orb|[from] move: Knock Off|[of] p1a: Lokix\n|move|p2a: Stonjourner|Earthquake|p1a: Lokix\n|-resisted|p1a: Lokix\n|-damage|p1a: Lokix|197/251\n|\n|upkeep\n|turn|31\n|inactive|Time left: 300 sec this turn | 300 sec total\n|\n|t:|1783552469\n|-terastallize|p2a: Stonjourner|Ground\n|move|p1a: Lokix|U-turn|p2a: Stonjourner\n|-damage|p2a: Stonjourner|18/100\n|inactive|Time left: 300 sec this turn | 300 sec total | 5 sec grace\n|\n|t:|1783552470\n|switch|p1a: Infernape|Infernape, L82, F|234/259|[from] U-turn\n|-damage|p1a: Infernape|202/259|[from] Stealth Rock\n|move|p2a: Stonjourner|Stealth Rock||[still]\n|-fail|p2a: Stonjourner\n|\n|upkeep\n|turn|32\n|inactive|Time left: 300 sec this turn | 300 sec total\n|\n|t:|1783552470\n|move|p1a: Infernape|Close Combat|p2a: Stonjourner\n|-damage|p2a: Stonjourner|0 fnt\n|-unboost|p1a: Infernape|def|1\n|-unboost|p1a: Infernape|spd|1\n|faint|p2a: Stonjourner\n|-damage|p1a: Infernape|177/259|[from] item: Life Orb\n|\n|win|p0x11479b87", "uploadtime": 1783552470, "views": 0, "rating": 0, "private": 0, "password": null, "_winner": "p0x11479b87", "_our_name": "p0x11479b87"}