{"id": "battle-gen9randombattle-1373", "formatid": "gen9randombattle", "format": "[Gen 9] Random Battle", "players": ["p0x13731d02", "p0y13732462"], "log": "|init|battle\n|title|p0x13731d02 vs. p0y13732462\n|j|\u2606p0x13731d02\n|j|\u2606p0y13732462\n|t:|1783555051\n|gametype|singles\n|player|p1|p0x13731d02|2|\n|player|p2|p0y13732462|170|\n|gen|9\n|tier|[Gen 9] Random Battle\n|rule|Species Clause: Limit one of each Pok\u00e9mon\n|rule|HP Percentage Mod: HP is shown in percentages\n|rule|Sleep Clause Mod: Limit one foe put to sleep\n|rule|Illusion Level Mod: Illusion disguises the Pok\u00e9mon's true level\n|\n|t:|1783555051\n|teamsize|p1|6\n|teamsize|p2|6\n|start\n|switch|p1a: Moltres|Moltres, L81|278/278\n|switch|p2a: Kyurem|Kyurem-White, L73|100/100\n|-ability|p2a: Kyurem|Turboblaze\n|turn|1\n|inactive|Battle timer is ON: inactive players will automatically lose when time's up. (requested by p0y13732462)\n|inactive|Time left: 300 sec this turn | 300 sec total | 60 sec grace\n|inactive|p0x13731d02 also wants the timer to be on.\n|\n|t:|1783555052\n|move|p2a: Kyurem|Ice Beam|p1a: Moltres\n|-damage|p1a: Moltres|160/278\n|move|p1a: Moltres|Fire Blast|p2a: Kyurem\n|-damage|p2a: Kyurem|53/100\n|\n|upkeep\n|turn|2\n|inactive|Time left: 300 sec this turn | 300 sec total\n|\n|t:|1783555054\n|move|p2a: Kyurem|Ice Beam|p1a: Moltres\n|-damage|p1a: Moltres|31/278\n|move|p1a: Moltres|Roost|p1a: Moltres\n|-heal|p1a: Moltres|170/278\n|-singleturn|p1a: Moltres|move: Roost\n|\n|upkeep\n|turn|3\n|inactive|Time left: 300 sec this turn | 300 sec total\n|\n|t:|1783555055\n|move|p2a: Kyurem|Ice Beam|p1a: Moltres\n|-damage|p1a: Moltres|43/278\n|move|p1a: Moltres|Roost|p1a: Moltres\n|-heal|p1a: Moltres|182/278\n|-singleturn|p1a: Moltres|move: Roost\n|\n|upkeep\n|turn|4\n|inactive|Time left: 300 sec this turn | 300 sec total\n|\n|t:|1783555056\n|move|p2a: Kyurem|Ice Beam|p1a: Moltres\n|-damage|p1a: Moltres|52/278\n|move|p1a: Moltres|Roost|p1a: Moltres\n|-heal|p1a: Moltres|191/278\n|-singleturn|p1a: Moltres|move: Roost\n|\n|upkeep\n|turn|5\n|inactive|Time left: 300 sec this turn | 300 sec total\n|\n|t:|1783555057\n|move|p2a: Kyurem|Ice Beam|p1a: Moltres\n|-damage|p1a: Moltres|64/278\n|move|p1a: Moltres|Fire Blast|p2a: Kyurem\n|-damage|p2a: Kyurem|6/100\n|\n|upkeep\n|turn|6\n|inactive|Time left: 300 sec this turn | 300 sec total\n|\n|t:|1783555058\n|switch|p1a: Polteageist|Polteageist-Antique, L78|222/222\n|move|p2a: Kyurem|Ice Beam|p1a: Polteageist\n|-damage|p1a: Polteageist|114/222\n|\n|upkeep\n|turn|7\n|inactive|Time left: 300 sec this turn | 300 sec total\n|\n|t:|1783555059\n|move|p2a: Kyurem|Ice Beam|p1a: Polteageist\n|-damage|p1a: Polteageist|12/222\n|move|p1a: Polteageist|Shell Smash|p1a: Polteageist\n|-unboost|p1a: Polteageist|def|1\n|-unboost|p1a: Polteageist|spd|1\n|-boost|p1a: Polteageist|atk|2\n|-boost|p1a: Polteageist|spa|2\n|-boost|p1a: Polteageist|spe|2\n|-enditem|p1a: Polteageist|White Herb\n|-clearnegativeboost|p1a: Polteageist|[silent]\n|\n|upkeep\n|turn|8\n|inactive|Time left: 300 sec this turn | 300 sec total\n|\n|t:|1783555061\n|move|p1a: Polteageist|Strength Sap|p2a: Kyurem\n|-unboost|p2a: Kyurem|atk|1\n|-heal|p1a: Polteageist|192/222\n|move|p2a: Kyurem|Ice Beam|p1a: Polteageist\n|-damage|p1a: Polteageist|86/222\n|\n|upkeep\n|turn|9\n|inactive|Time left: 300 sec this turn | 300 sec total\n|\n|t:|1783555062\n|move|p1a: Polteageist|Strength Sap|p2a: Kyurem\n|-unboost|p2a: Kyurem|atk|1\n|-heal|p1a: Polteageist|206/222\n|move|p2a: Kyurem|Ice Beam|p1a: Polteageist\n|-damage|p1a: Polteageist|95/222\n|-start|p2a: Kyurem|Disable|Ice Beam|[from] ability: Cursed Body|[of] p1a: Polteageist\n|\n|upkeep\n|turn|10\n|inactive|Time left: 300 sec this turn | 300 sec total\n|\n|t:|1783555063\n|move|p1a: Polteageist|Shadow Ball|p2a: Kyurem\n|-damage|p2a: Kyurem|0 fnt\n|faint|p2a: Kyurem\n|\n|upkeep\n|\n|t:|1783555064\n|switch|p2a: Deoxys|Deoxys-Speed, L82|100/100\n|-ability|p2a: Deoxys|Pressure\n|turn|11\n|inactive|Time left: 300 sec this turn | 300 sec total\n|\n|t:|1783555065\n|-terastallize|p1a: Polteageist|Fighting\n|move|p2a: Deoxys|Knock Off|p1a: Polteageist\n|-resisted|p1a: Polteageist\n|-damage|p1a: Polteageist|56/222\n|-damage|p2a: Deoxys|91/100|[from] item: Life Orb\n|move|p1a: Polteageist|Shadow Ball|p2a: Deoxys\n|-supereffective|p2a: Deoxys\n|-damage|p2a: Deoxys|0 fnt\n|faint|p2a: Deoxys\n|\n|upkeep\n|\n|t:|1783555066\n|switch|p2a: Squawkabilly|Squawkabilly-White, L89, F|100/100\n|turn|12\n|inactive|Time left: 300 sec this turn | 300 sec total\n|\n|t:|1783555067\n|move|p2a: Squawkabilly|Quick Attack|p1a: Polteageist|[miss]\n|-miss|p2a: Squawkabilly|p1a: Polteageist\n|move|p1a: Polteageist|Tera Blast|p2a: Squawkabilly|[anim] Tera Blast Fighting\n|-damage|p2a: Squawkabilly|6/100\n|\n|upkeep\n|turn|13\n|inactive|Time left: 300 sec this turn | 300 sec total\n|\n|t:|1783555068\n|move|p2a: Squawkabilly|Quick Attack|p1a: Polteageist\n|-damage|p1a: Polteageist|0 fnt\n|faint|p1a: Polteageist\n|\n|upkeep\n|inactive|Time left: 300 sec this turn | 300 sec total | 5 sec grace\n|\n|t:|1783555069\n|switch|p1a: Perrserker|Perrserker, L89, M|269/269\n|turn|14\n|inactive|Time left: 300 sec this turn | 300 sec total\n|\n|t:|1783555070\n|switch|p2a: Keldeo|Keldeo-Resolute, L79|100/100\n|move|p1a: Perrserker|Iron Head|p2a: Keldeo\n|-resisted|p2a: Keldeo\n|-damage|p2a: Keldeo|61/100\n|\n|upkeep\n|turn|15\n|inactive|Time left: 300 sec this turn | 300 sec total\n|\n|t:|1783555071\n|switch|p1a: Leavanny|Leavanny, L86, F|269/269\n|move|p2a: Keldeo|Calm Mind|p2a: Keldeo\n|-boost|p2a: Keldeo|spa|1\n|-boost|p2a: Keldeo|spd|1\n|\n|upkeep\n|turn|16\n|inactive|Time left: 300 sec this turn | 300 sec total\n|\n|t:|1783555072\n|move|p2a: Keldeo|Air Slash|p1a: Leavanny\n|-supereffective|p1a: Leavanny\n|-damage|p1a: Leavanny|0 fnt\n|faint|p1a: Leavanny\n|-damage|p2a: Keldeo|51/100|[from] item: Life Orb\n|\n|upkeep\n|inactive|Time left: 300 sec this turn | 300 sec total | 5 sec grace\n|\n|t:|1783555073\n|switch|p1a: Gastrodon|Gastrodon, L86, F|331/331\n|turn|17\n|inactive|Time left: 300 sec this turn | 300 sec total\n|\n|t:|1783555074\n|move|p2a: Keldeo|Secret Sword|p1a: Gastrodon\n|-damage|p1a: Gastrodon|117/331\n|-damage|p2a: Keldeo|41/100|[from] item: Life Orb\n|move|p1a: Gastrodon|Earthquake|p2a: Keldeo\n|-damage|p2a: Keldeo|5/100\n|\n|-heal|p1a: Gastrodon|137/331|[from] item: Leftovers\n|upkeep\n|turn|18\n|inactive|Time left: 300 sec this turn | 300 sec total\n|\n|t:|1783555075\n|move|p2a: Keldeo|Secret Sword|p1a: Gastrodon\n|-damage|p1a: Gastrodon|0 fnt\n|faint|p1a: Gastrodon\n|-damage|p2a: Keldeo|0 fnt|[from] item: Life Orb\n|faint|p2a: Keldeo\n|\n|upkeep\n|inactive|Time left: 300 sec this turn | 300 sec total | 5 sec grace\n|\n|t:|1783555076\n|switch|p2a: Squawkabilly|Squawkabilly-White, L89, F|6/100\n|switch|p1a: Perrserker|Perrserker, L89, M|269/269\n|turn|19\n|inactive|Time left: 300 sec this turn | 300 sec total\n|\n|t:|1783555077\n|move|p2a: Squawkabilly|Foul Play|p1a: Perrserker\n|-damage|p1a: Perrserker|99/269\n|move|p1a: Perrserker|Knock Off|p2a: Squawkabilly\n|-damage|p2a: Squawkabilly|0 fnt\n|-enditem|p2a: Squawkabilly|Choice Band|[from] move: Knock Off|[of] p1a: Perrserker\n|faint|p2a: Squawkabilly\n|\n|upkeep\n|\n|t:|1783555078\n|switch|p2a: Pecharunt|Pecharunt, L77|100/100\n|turn|20\n|inactive|Time left: 300 sec this turn | 300 sec total\n|\n|t:|1783555079\n|-terastallize|p2a: Pecharunt|Dark\n|move|p2a: Pecharunt|Nasty Plot|p2a: Pecharunt\n|-boost|p2a: Pecharunt|spa|2\n|move|p1a: Perrserker|Knock Off|p2a: Pecharunt\n|-resisted|p2a: Pecharunt\n|-damage|p2a: Pecharunt|80/100\n|-enditem|p2a: Pecharunt|Leftovers|[from] move: Knock Off|[of] p1a: Perrserker\n|\n|upkeep\n|turn|21\n|inactive|Time left: 300 sec this turn | 300 sec total\n|\n|t:|1783555080\n|switch|p1a: Toucannon|Toucannon, L88, F|284/284\n|move|p2a: Pecharunt|Shadow Ball|p1a: Toucannon\n|-immune|p1a: Toucannon\n|\n|upkeep\n|turn|22\n|inactive|Time left: 300 sec this turn | 300 sec total\n|\n|t:|1783555081\n|move|p2a: Pecharunt|Malignant Chain|p1a: Toucannon\n|-damage|p1a: Toucannon|110/284\n|-status|p1a: Toucannon|tox\n|-start|p1a: Toucannon|confusion|[from] ability: Poison Puppeteer|[of] p2a: Pecharunt\n|-activate|p1a: Toucannon|confusion\n|move|p1a: Toucannon|Boomburst|p2a: Pecharunt\n|-damage|p2a: Pecharunt|19/100\n|\n|-damage|p1a: Toucannon|93/284 tox|[from] psn\n|upkeep\n|turn|23\n|inactive|Time left: 300 sec this turn | 300 sec total\n|\n|t:|1783555082\n|move|p2a: Pecharunt|Recover|p2a: Pecharunt\n|-heal|p2a: Pecharunt|69/100\n|-activate|p1a: Toucannon|confusion\n|-damage|p1a: Toucannon|50/284 tox|[from] confusion\n|\n|-damage|p1a: Toucannon|16/284 tox|[from] psn\n|upkeep\n|turn|24\n|inactive|Time left: 300 sec this turn | 300 sec total\n|\n|t:|1783555083\n|move|p2a: Pecharunt|Malignant Chain|p1a: Toucannon\n|-damage|p1a: Toucannon|0 fnt\n|faint|p1a: Toucannon\n|\n|upkeep\n|inactive|Time left: 300 sec this turn | 300 sec total | 5 sec grace\n|\n|t:|1783555084\n|switch|p1a: Moltres|Moltres, L81|64/278\n|turn|25\n|inactive|Time left: 300 sec this turn | 300 sec total\n|\n|t:|1783555085\n|move|p1a: Moltres|Roost|p1a: Moltres\n|-heal|p1a: Moltres|203/278\n|-singleturn|p1a: Moltres|move: Roost\n|move|p2a: Pecharunt|Malignant Chain|p1a: Moltres\n|-damage|p1a: Moltres|23/278\n|-status|p1a: Moltres|tox\n|-start|p1a: Moltres|confusion|[from] ability: Poison Puppeteer|[of] p2a: Pecharunt\n|\n|-damage|p1a: Moltres|6/278 tox|[from] psn\n|upkeep\n|turn|26\n|inactive|Time left: 300 sec this turn | 300 sec total\n|\n|t:|1783555085\n|-activate|p1a: Moltres|confusion\n|move|p1a: Moltres|Roost|p1a: Moltres\n|-heal|p1a: Moltres|145/278 tox\n|-singleturn|p1a: Moltres|move: Roost\n|move|p2a: Pecharunt|Shadow Ball|p1a: Moltres\n|-damage|p1a: Moltres|6/278 tox\n|\n|-damage|p1a: Moltres|0 fnt|[from] psn\n|faint|p1a: Moltres\n|upkeep\n|inactive|Time left: 300 sec this turn | 300 sec total | 5 sec grace\n|\n|t:|1783555086\n|switch|p1a: Perrserker|Perrserker, L89, M|99/269\n|turn|27\n|inactive|Time left: 300 sec this turn | 300 sec total\n|\n|t:|1783555087\n|move|p2a: Pecharunt|Shadow Ball|p1a: Perrserker\n|-damage|p1a: Perrserker|0 fnt\n|faint|p1a: Perrserker\n|\n|win|p0y13732462", "uploadtime": 1783555087, "views": 0, "rating": 0, "private": 0, "password": null, "_winner": "p0y13732462", "_our_name": "p0x13731d02"}