{"id": "battle-gen9randombattle-1103", "formatid": "gen9randombattle", "format": "[Gen 9] Random Battle", "players": ["p0x1103d0c7", "p0y11031845"], "log": "|init|battle\n|title|p0x1103d0c7 vs. p0y11031845\n|j|\u2606p0x1103d0c7\n|j|\u2606p0y11031845\n|t:|1783551963\n|gametype|singles\n|player|p1|p0x1103d0c7|266|\n|player|p2|p0y11031845|265|\n|gen|9\n|tier|[Gen 9] Random Battle\n|rule|Species Clause: Limit one of each Pok\u00e9mon\n|rule|HP Percentage Mod: HP is shown in percentages\n|rule|Sleep Clause Mod: Limit one foe put to sleep\n|rule|Illusion Level Mod: Illusion disguises the Pok\u00e9mon's true level\n|\n|t:|1783551963\n|teamsize|p1|6\n|teamsize|p2|6\n|start\n|switch|p1a: Cinderace|Cinderace, L77, F|100/100\n|switch|p2a: Delphox|Delphox, L84, M|263/263\n|turn|1\n|inactive|Battle timer is ON: inactive players will automatically lose when time's up. (requested by p0x1103d0c7)\n|inactive|Time left: 300 sec this turn | 300 sec total | 60 sec grace\n|inactive|p0y11031845 also wants the timer to be on.\n|\n|t:|1783551964\n|move|p2a: Delphox|Psyshock|p1a: Cinderace\n|-damage|p1a: Cinderace|50/100\n|move|p1a: Cinderace|U-turn|p2a: Delphox\n|-start|p1a: Cinderace|typechange|Bug|[from] ability: Libero\n|-damage|p2a: Delphox|179/263\n|\n|t:|1783551966\n|switch|p1a: Muk|Muk, L86, M|100/100|[from] U-turn\n|\n|upkeep\n|turn|2\n|inactive|Time left: 300 sec this turn | 300 sec total\n|\n|t:|1783551967\n|move|p2a: Delphox|Psyshock|p1a: Muk\n|-supereffective|p1a: Muk\n|-damage|p1a: Muk|34/100\n|move|p1a: Muk|Knock Off|p2a: Delphox\n|-supereffective|p2a: Delphox\n|-damage|p2a: Delphox|0 fnt\n|-enditem|p2a: Delphox|Choice Scarf|[from] move: Knock Off|[of] p1a: Muk\n|faint|p2a: Delphox\n|\n|upkeep\n|inactive|Time left: 300 sec this turn | 300 sec total | 5 sec grace\n|\n|t:|1783551968\n|switch|p2a: Barraskewda|Barraskewda, L81, F|231/231\n|turn|3\n|inactive|Time left: 300 sec this turn | 300 sec total\n|\n|t:|1783551969\n|switch|p1a: Venusaur|Venusaur, L84, M|100/100\n|move|p2a: Barraskewda|Waterfall|p1a: Venusaur\n|-resisted|p1a: Venusaur\n|-damage|p1a: Venusaur|74/100\n|\n|-heal|p1a: Venusaur|80/100|[from] item: Leftovers\n|upkeep\n|turn|4\n|inactive|Time left: 300 sec this turn | 300 sec total\n|\n|t:|1783551970\n|move|p2a: Barraskewda|Waterfall|p1a: Venusaur\n|-resisted|p1a: Venusaur\n|-damage|p1a: Venusaur|52/100\n|move|p1a: Venusaur|Sludge Bomb|p2a: Barraskewda\n|-damage|p2a: Barraskewda|87/231\n|\n|-heal|p1a: Venusaur|59/100|[from] item: Leftovers\n|upkeep\n|turn|5\n|inactive|Time left: 300 sec this turn | 300 sec total\n|\n|t:|1783551972\n|move|p2a: Barraskewda|Waterfall|p1a: Venusaur\n|-resisted|p1a: Venusaur\n|-damage|p1a: Venusaur|33/100\n|move|p1a: Venusaur|Sludge Bomb|p2a: Barraskewda\n|-damage|p2a: Barraskewda|0 fnt\n|faint|p2a: Barraskewda\n|\n|-heal|p1a: Venusaur|39/100|[from] item: Leftovers\n|upkeep\n|inactive|Time left: 300 sec this turn | 300 sec total | 5 sec grace\n|\n|t:|1783551973\n|switch|p2a: Stantler|Stantler, L92, M|284/284\n|-ability|p2a: Stantler|Intimidate|boost\n|-unboost|p1a: Venusaur|atk|1\n|turn|6\n|inactive|Time left: 300 sec this turn | 300 sec total\n|\n|t:|1783551974\n|move|p2a: Stantler|Body Slam|p1a: Venusaur\n|-damage|p1a: Venusaur|2/100\n|move|p1a: Venusaur|Synthesis|p1a: Venusaur\n|-heal|p1a: Venusaur|52/100\n|\n|-heal|p1a: Venusaur|58/100|[from] item: Leftovers\n|upkeep\n|turn|7\n|inactive|Time left: 300 sec this turn | 300 sec total\n|\n|t:|1783551975\n|move|p2a: Stantler|Body Slam|p1a: Venusaur\n|-damage|p1a: Venusaur|14/100\n|-status|p1a: Venusaur|par\n|cant|p1a: Venusaur|par\n|\n|-heal|p1a: Venusaur|20/100 par|[from] item: Leftovers\n|upkeep\n|turn|8\n|inactive|Time left: 300 sec this turn | 300 sec total\n|\n|t:|1783551977\n|move|p2a: Stantler|Body Slam|p1a: Venusaur\n|-damage|p1a: Venusaur|0 fnt\n|faint|p1a: Venusaur\n|\n|upkeep\n|\n|t:|1783551978\n|switch|p1a: Sceptile|Sceptile, L87, M|100/100\n|turn|9\n|inactive|Time left: 300 sec this turn | 300 sec total\n|\n|t:|1783551979\n|move|p1a: Sceptile|Focus Blast|p2a: Stantler|[miss]\n|-miss|p1a: Sceptile|p2a: Stantler\n|move|p2a: Stantler|Body Slam|p1a: Sceptile\n|-damage|p1a: Sceptile|49/100\n|\n|upkeep\n|turn|10\n|inactive|Time left: 300 sec this turn | 300 sec total\n|\n|t:|1783551980\n|move|p1a: Sceptile|Giga Drain|p2a: Stantler\n|-damage|p2a: Stantler|197/284\n|-heal|p1a: Sceptile|66/100|[from] drain|[of] p2a: Stantler\n|-damage|p1a: Sceptile|56/100|[from] item: Life Orb\n|move|p2a: Stantler|Body Slam|p1a: Sceptile\n|-damage|p1a: Sceptile|9/100\n|\n|upkeep\n|turn|11\n|inactive|Time left: 300 sec this turn | 300 sec total\n|\n|t:|1783551981\n|move|p1a: Sceptile|Giga Drain|p2a: Stantler\n|-damage|p2a: Stantler|55/284\n|-heal|p1a: Sceptile|36/100|[from] drain|[of] p2a: Stantler\n|-damage|p1a: Sceptile|26/100|[from] item: Life Orb\n|move|p2a: Stantler|Throat Chop|p1a: Sceptile\n|-damage|p1a: Sceptile|0 fnt\n|faint|p1a: Sceptile\n|\n|upkeep\n|\n|t:|1783551982\n|switch|p1a: Cinderace|Cinderace, L77, F|50/100\n|turn|12\n|inactive|Time left: 300 sec this turn | 300 sec total\n|\n|t:|1783551983\n|switch|p2a: Emboar|Emboar, L84, M|322/322\n|move|p1a: Cinderace|U-turn|p2a: Emboar\n|-start|p1a: Cinderace|typechange|Bug|[from] ability: Libero\n|-resisted|p2a: Emboar\n|-damage|p2a: Emboar|298/322\n|\n|t:|1783551985\n|switch|p1a: Rotom|Rotom-Heat, L83|100/100|[from] U-turn\n|\n|-heal|p2a: Emboar|318/322|[from] item: Leftovers\n|upkeep\n|turn|13\n|inactive|Time left: 300 sec this turn | 300 sec total\n|\n|t:|1783551986\n|move|p1a: Rotom|Discharge|p2a: Emboar\n|-crit|p2a: Emboar\n|-damage|p2a: Emboar|149/322\n|move|p2a: Emboar|Bulk Up|p2a: Emboar\n|-boost|p2a: Emboar|atk|1\n|-boost|p2a: Emboar|def|1\n|\n|-heal|p2a: Emboar|169/322|[from] item: Leftovers\n|upkeep\n|turn|14\n|inactive|Time left: 300 sec this turn | 300 sec total\n|\n|t:|1783551987\n|move|p1a: Rotom|Discharge|p2a: Emboar\n|-damage|p2a: Emboar|54/322\n|move|p2a: Emboar|Drain Punch|p1a: Rotom\n|-damage|p1a: Rotom|41/100\n|-heal|p2a: Emboar|119/322|[from] drain|[of] p1a: Rotom\n|\n|-heal|p2a: Emboar|139/322|[from] item: Leftovers\n|upkeep\n|turn|15\n|inactive|Time left: 300 sec this turn | 300 sec total\n|\n|t:|1783551988\n|move|p1a: Rotom|Discharge|p2a: Emboar\n|-damage|p2a: Emboar|24/322\n|-status|p2a: Emboar|par\n|move|p2a: Emboar|Drain Punch|p1a: Rotom\n|-damage|p1a: Rotom|0 fnt\n|-heal|p2a: Emboar|69/322 par|[from] drain|[of] p1a: Rotom\n|faint|p1a: Rotom\n|\n|-heal|p2a: Emboar|89/322 par|[from] item: Leftovers\n|upkeep\n|\n|t:|1783551989\n|switch|p1a: Muk|Muk, L86, M|34/100\n|turn|16\n|inactive|Time left: 300 sec this turn | 300 sec total\n|\n|t:|1783551990\n|move|p1a: Muk|Gunk Shot|p2a: Emboar\n|-crit|p2a: Emboar\n|-damage|p2a: Emboar|0 fnt\n|faint|p2a: Emboar\n|\n|upkeep\n|inactive|Time left: 300 sec this turn | 300 sec total | 5 sec grace\n|\n|t:|1783551991\n|switch|p2a: Zamazenta|Zamazenta-Crowned, L68|238/238\n|-ability|p2a: Zamazenta|Dauntless Shield|boost\n|-boost|p2a: Zamazenta|def|1\n|turn|17\n|inactive|Time left: 300 sec this turn | 300 sec total\n|\n|t:|1783551992\n|move|p2a: Zamazenta|Heavy Slam|p1a: Muk\n|-damage|p1a: Muk|0 fnt\n|faint|p1a: Muk\n|\n|upkeep\n|\n|t:|1783551992\n|switch|p1a: Cinderace|Cinderace, L77, F|50/100\n|turn|18\n|inactive|Time left: 300 sec this turn | 300 sec total\n|\n|t:|1783551993\n|move|p1a: Cinderace|Will-O-Wisp|p2a: Zamazenta\n|-status|p2a: Zamazenta|brn\n|move|p2a: Zamazenta|Body Press|p1a: Cinderace\n|-damage|p1a: Cinderace|20/100\n|\n|-damage|p2a: Zamazenta|224/238 brn|[from] brn\n|upkeep\n|turn|19\n|inactive|Time left: 300 sec this turn | 300 sec total\n|\n|t:|1783551994\n|move|p1a: Cinderace|U-turn|p2a: Zamazenta\n|-start|p1a: Cinderace|typechange|Bug|[from] ability: Libero\n|-resisted|p2a: Zamazenta\n|-damage|p2a: Zamazenta|214/238 brn\n|\n|t:|1783551995\n|switch|p1a: Snorlax|Snorlax, L82, M|100/100|[from] U-turn\n|move|p2a: Zamazenta|Body Press|p1a: Snorlax\n|-supereffective|p1a: Snorlax\n|-damage|p1a: Snorlax|64/100\n|\n|-heal|p1a: Snorlax|70/100|[from] item: Leftovers\n|-damage|p2a: Zamazenta|200/238 brn|[from] brn\n|upkeep\n|turn|20\n|inactive|Time left: 300 sec this turn | 300 sec total\n|\n|t:|1783551996\n|move|p2a: Zamazenta|Body Press|p1a: Snorlax\n|-supereffective|p1a: Snorlax\n|-damage|p1a: Snorlax|35/100\n|move|p1a: Snorlax|Curse|p1a: Snorlax\n|-unboost|p1a: Snorlax|spe|1\n|-boost|p1a: Snorlax|atk|1\n|-boost|p1a: Snorlax|def|1\n|\n|-heal|p1a: Snorlax|41/100|[from] item: Leftovers\n|-damage|p2a: Zamazenta|186/238 brn|[from] brn\n|upkeep\n|turn|21\n|inactive|Time left: 300 sec this turn | 300 sec total\n|\n|t:|1783551996\n|move|p2a: Zamazenta|Body Press|p1a: Snorlax\n|-supereffective|p1a: Snorlax\n|-damage|p1a: Snorlax|17/100\n|move|p1a: Snorlax|Rest|p1a: Snorlax\n|-status|p1a: Snorlax|slp|[from] move: Rest\n|-heal|p1a: Snorlax|100/100 slp|[silent]\n|\n|-damage|p2a: Zamazenta|172/238 brn|[from] brn\n|upkeep\n|turn|22\n|inactive|Time left: 300 sec this turn | 300 sec total\n|\n|t:|1783551997\n|switch|p2a: Meowstic|Meowstic, L89, M|277/277\n|cant|p1a: Snorlax|slp\n|\n|upkeep\n|turn|23\n|inactive|Time left: 300 sec this turn | 300 sec total\n|\n|t:|1783551998\n|move|p2a: Meowstic|Light Screen|p2a: Meowstic\n|-sidestart|p2: p0y11031845|move: Light Screen\n|cant|p1a: Snorlax|slp\n|move|p1a: Snorlax|Sleep Talk|p1a: Snorlax\n|move|p1a: Snorlax|Body Slam|p2a: Meowstic|[from] move: Sleep Talk\n|-damage|p2a: Meowstic|141/277\n|\n|upkeep\n|turn|24\n|inactive|Time left: 300 sec this turn | 300 sec total\n|\n|t:|1783551999\n|move|p2a: Meowstic|Reflect|p2a: Meowstic\n|-sidestart|p2: p0y11031845|Reflect\n|-curestatus|p1a: Snorlax|slp|[msg]\n|move|p1a: Snorlax|Body Slam|p2a: Meowstic\n|-damage|p2a: Meowstic|63/277\n|-status|p2a: Meowstic|par\n|\n|upkeep\n|turn|25\n|inactive|Time left: 300 sec this turn | 300 sec total\n|\n|t:|1783552000\n|switch|p2a: Stantler|Stantler, L92, M|55/284\n|-ability|p2a: Stantler|Intimidate|boost\n|-unboost|p1a: Snorlax|atk|1\n|move|p1a: Snorlax|Curse|p1a: Snorlax\n|-unboost|p1a: Snorlax|spe|1\n|-boost|p1a: Snorlax|atk|1\n|-boost|p1a: Snorlax|def|1\n|\n|upkeep\n|turn|26\n|inactive|Time left: 300 sec this turn | 300 sec total\n|\n|t:|1783552001\n|switch|p2a: Zamazenta|Zamazenta-Crowned, L68|172/238 brn\n|move|p1a: Snorlax|Curse|p1a: Snorlax\n|-unboost|p1a: Snorlax|spe|1\n|-boost|p1a: Snorlax|atk|1\n|-boost|p1a: Snorlax|def|1\n|\n|-damage|p2a: Zamazenta|158/238 brn|[from] brn\n|upkeep\n|turn|27\n|inactive|Time left: 300 sec this turn | 300 sec total\n|\n|t:|1783552002\n|move|p2a: Zamazenta|Iron Defense|p2a: Zamazenta\n|-boost|p2a: Zamazenta|def|2\n|move|p1a: Snorlax|Body Slam|p2a: Zamazenta\n|-resisted|p2a: Zamazenta\n|-damage|p2a: Zamazenta|137/238 brn\n|\n|-damage|p2a: Zamazenta|123/238 brn|[from] brn\n|upkeep\n|turn|28\n|inactive|Time left: 300 sec this turn | 300 sec total\n|\n|t:|1783552003\n|move|p2a: Zamazenta|Heavy Slam|p1a: Snorlax\n|-damage|p1a: Snorlax|98/100\n|move|p1a: Snorlax|Curse|p1a: Snorlax\n|-unboost|p1a: Snorlax|spe|1\n|-boost|p1a: Snorlax|atk|1\n|-boost|p1a: Snorlax|def|1\n|\n|-heal|p1a: Snorlax|100/100|[from] item: Leftovers\n|-damage|p2a: Zamazenta|109/238 brn|[from] brn\n|upkeep\n|turn|29\n|inactive|Time left: 300 sec this turn | 300 sec total\n|\n|t:|1783552004\n|move|p2a: Zamazenta|Iron Defense|p2a: Zamazenta\n|-boost|p2a: Zamazenta|def|2\n|move|p1a: Snorlax|Body Slam|p2a: Zamazenta\n|-resisted|p2a: Zamazenta\n|-damage|p2a: Zamazenta|93/238 brn\n|\n|-damage|p2a: Zamazenta|79/238 brn|[from] brn\n|upkeep\n|turn|30\n|inactive|Time left: 300 sec this turn | 300 sec total\n|\n|t:|1783552005\n|move|p2a: Zamazenta|Body Press|p1a: Snorlax\n|-supereffective|p1a: Snorlax\n|-damage|p1a: Snorlax|75/100\n|move|p1a: Snorlax|Curse|p1a: Snorlax\n|-unboost|p1a: Snorlax|spe|1\n|-boost|p1a: Snorlax|atk|1\n|-boost|p1a: Snorlax|def|1\n|\n|-heal|p1a: Snorlax|81/100|[from] item: Leftovers\n|-damage|p2a: Zamazenta|65/238 brn|[from] brn\n|-sideend|p2: p0y11031845|move: Light Screen\n|upkeep\n|turn|31\n|inactive|Time left: 300 sec this turn | 300 sec total\n|\n|t:|1783552006\n|move|p2a: Zamazenta|Body Press|p1a: Snorlax\n|-supereffective|p1a: Snorlax\n|-crit|p1a: Snorlax\n|-damage|p1a: Snorlax|0 fnt\n|faint|p1a: Snorlax\n|\n|-damage|p2a: Zamazenta|51/238 brn|[from] brn\n|-sideend|p2: p0y11031845|Reflect\n|upkeep\n|\n|t:|1783552007\n|switch|p1a: Cinderace|Cinderace, L77, F|20/100\n|turn|32\n|inactive|Time left: 300 sec this turn | 300 sec total\n|\n|t:|1783552008\n|-terastallize|p2a: Zamazenta|Fighting\n|move|p1a: Cinderace|Pyro Ball|p2a: Zamazenta|[miss]\n|-miss|p1a: Cinderace|p2a: Zamazenta\n|move|p2a: Zamazenta|Body Press|p1a: Cinderace\n|-damage|p1a: Cinderace|0 fnt\n|faint|p1a: Cinderace\n|\n|win|p0y11031845", "uploadtime": 1783552008, "views": 0, "rating": 0, "private": 0, "password": null, "_winner": "p0y11031845", "_our_name": "p0y11031845"}