{"id": "battle-gen9randombattle-177", "formatid": "gen9randombattle", "format": "[Gen 9] Random Battle", "players": ["p0x177c0b9", "p0y177fa74"], "log": "|init|battle\n|title|p0x177c0b9 vs. p0y177fa74\n|j|\u2606p0x177c0b9\n|j|\u2606p0y177fa74\n|t:|1783535285\n|gametype|singles\n|player|p1|p0x177c0b9|266|\n|player|p2|p0y177fa74|169|\n|gen|9\n|tier|[Gen 9] Random Battle\n|rule|Species Clause: Limit one of each Pok\u00e9mon\n|rule|HP Percentage Mod: HP is shown in percentages\n|rule|Sleep Clause Mod: Limit one foe put to sleep\n|rule|Illusion Level Mod: Illusion disguises the Pok\u00e9mon's true level\n|\n|t:|1783535285\n|teamsize|p1|6\n|teamsize|p2|6\n|start\n|switch|p1a: Tinkaton|Tinkaton, L82, F|274/274\n|switch|p2a: Oinkologne|Oinkologne-F, L92, F|100/100\n|-ability|p1a: Tinkaton|Mold Breaker\n|turn|1\n|inactive|Battle timer is ON: inactive players will automatically lose when time's up. (requested by p0y177fa74)\n|inactive|Time left: 300 sec this turn | 300 sec total | 60 sec grace\n|inactive|p0x177c0b9 also wants the timer to be on.\n|\n|t:|1783535287\n|switch|p2a: Mightyena|Mightyena, L96, F|100/100\n|-ability|p2a: Mightyena|Intimidate|boost\n|-unboost|p1a: Tinkaton|atk|1\n|move|p1a: Tinkaton|Swords Dance|p1a: Tinkaton\n|-boost|p1a: Tinkaton|atk|2\n|\n|upkeep\n|turn|2\n|inactive|Time left: 300 sec this turn | 300 sec total\n|\n|t:|1783535288\n|move|p1a: Tinkaton|Gigaton Hammer|p2a: Mightyena\n|-damage|p2a: Mightyena|25/100\n|move|p2a: Mightyena|Super Fang|p1a: Tinkaton\n|-damage|p1a: Tinkaton|137/274\n|\n|-heal|p1a: Tinkaton|154/274|[from] item: Leftovers\n|upkeep\n|turn|3\n|inactive|Time left: 300 sec this turn | 300 sec total\n|\n|t:|1783535289\n|switch|p2a: Zacian|Zacian-Crowned, L64|100/100\n|-ability|p2a: Zacian|Intrepid Sword|boost\n|-boost|p2a: Zacian|atk|1\n|move|p1a: Tinkaton|Play Rough|p2a: Zacian\n|-resisted|p2a: Zacian\n|-damage|p2a: Zacian|72/100\n|\n|-heal|p1a: Tinkaton|171/274|[from] item: Leftovers\n|upkeep\n|turn|4\n|inactive|Time left: 300 sec this turn | 300 sec total\n|\n|t:|1783535291\n|-terastallize|p2a: Zacian|Fighting\n|move|p2a: Zacian|Close Combat|p1a: Tinkaton\n|-damage|p1a: Tinkaton|0 fnt\n|-unboost|p2a: Zacian|def|1\n|-unboost|p2a: Zacian|spd|1\n|faint|p1a: Tinkaton\n|\n|upkeep\n|inactive|Time left: 300 sec this turn | 300 sec total | 5 sec grace\n|\n|t:|1783535292\n|switch|p1a: Dugtrio|Dugtrio-Alola, L84, F|196/196\n|turn|5\n|inactive|Time left: 300 sec this turn | 300 sec total\n|\n|t:|1783535293\n|switch|p2a: Mightyena|Mightyena, L96, F|25/100\n|-ability|p2a: Mightyena|Intimidate|boost\n|-unboost|p1a: Dugtrio|atk|1\n|move|p1a: Dugtrio|Earthquake|p2a: Mightyena\n|-damage|p2a: Mightyena|0 fnt\n|faint|p2a: Mightyena\n|\n|upkeep\n|\n|t:|1783535294\n|switch|p2a: Quaquaval|Quaquaval, L79, F|100/100\n|turn|6\n|inactive|Time left: 300 sec this turn | 300 sec total\n|\n|t:|1783535295\n|switch|p1a: Tauros|Tauros-Paldea-Aqua, L81, M|254/254\n|-ability|p1a: Tauros|Intimidate|boost\n|-unboost|p2a: Quaquaval|atk|1\n|move|p2a: Quaquaval|Close Combat|p1a: Tauros\n|-damage|p1a: Tauros|130/254\n|-unboost|p2a: Quaquaval|def|1\n|-unboost|p2a: Quaquaval|spd|1\n|\n|upkeep\n|turn|7\n|inactive|Time left: 300 sec this turn | 300 sec total\n|\n|t:|1783535296\n|switch|p2a: Espathra|Espathra, L80, F|100/100\n|move|p1a: Tauros|Close Combat|p2a: Espathra\n|-resisted|p2a: Espathra\n|-damage|p2a: Espathra|57/100\n|-unboost|p1a: Tauros|def|1\n|-unboost|p1a: Tauros|spd|1\n|-damage|p1a: Tauros|105/254|[from] item: Life Orb\n|\n|-heal|p2a: Espathra|63/100|[from] item: Leftovers\n|upkeep\n|turn|8\n|inactive|Time left: 300 sec this turn | 300 sec total\n|\n|t:|1783535296\n|switch|p1a: Dugtrio|Dugtrio-Alola, L84, F|196/196\n|move|p2a: Espathra|Roost|p2a: Espathra\n|-heal|p2a: Espathra|100/100\n|-singleturn|p2a: Espathra|move: Roost\n|\n|-ability|p2a: Espathra|Speed Boost|boost\n|-boost|p2a: Espathra|spe|1\n|upkeep\n|turn|9\n|inactive|Time left: 300 sec this turn | 300 sec total\n|\n|t:|1783535297\n|move|p2a: Espathra|Calm Mind|p2a: Espathra\n|-boost|p2a: Espathra|spa|1\n|-boost|p2a: Espathra|spd|1\n|move|p1a: Dugtrio|Earthquake|p2a: Espathra\n|-damage|p2a: Espathra|24/100\n|\n|-heal|p2a: Espathra|30/100|[from] item: Leftovers\n|-ability|p2a: Espathra|Speed Boost|boost\n|-boost|p2a: Espathra|spe|1\n|upkeep\n|turn|10\n|inactive|Time left: 300 sec this turn | 300 sec total\n|\n|t:|1783535298\n|move|p2a: Espathra|Stored Power|p1a: Dugtrio\n|-resisted|p1a: Dugtrio\n|-damage|p1a: Dugtrio|109/196\n|move|p1a: Dugtrio|Earthquake|p2a: Espathra\n|-damage|p2a: Espathra|0 fnt\n|faint|p2a: Espathra\n|\n|upkeep\n|\n|t:|1783535299\n|switch|p2a: Quaquaval|Quaquaval, L79, F|100/100\n|turn|11\n|inactive|Time left: 300 sec this turn | 300 sec total\n|\n|t:|1783535300\n|move|p1a: Dugtrio|Earthquake|p2a: Quaquaval\n|-damage|p2a: Quaquaval|36/100\n|move|p2a: Quaquaval|Aqua Step|p1a: Dugtrio\n|-supereffective|p1a: Dugtrio\n|-damage|p1a: Dugtrio|0 fnt\n|-boost|p2a: Quaquaval|spe|1\n|-ability|p1a: Dugtrio|Tangling Hair\n|-unboost|p2a: Quaquaval|spe|1\n|faint|p1a: Dugtrio\n|-ability|p2a: Quaquaval|Moxie|boost\n|-boost|p2a: Quaquaval|atk|1\n|\n|upkeep\n|inactive|Time left: 300 sec this turn | 300 sec total | 5 sec grace\n|\n|t:|1783535301\n|switch|p1a: Tauros|Tauros-Paldea-Aqua, L81, M|105/254\n|-ability|p1a: Tauros|Intimidate|boost\n|-unboost|p2a: Quaquaval|atk|1\n|turn|12\n|inactive|Time left: 300 sec this turn | 300 sec total\n|\n|t:|1783535302\n|move|p1a: Tauros|Close Combat|p2a: Quaquaval\n|-crit|p2a: Quaquaval\n|-damage|p2a: Quaquaval|0 fnt\n|-unboost|p1a: Tauros|def|1\n|-unboost|p1a: Tauros|spd|1\n|faint|p2a: Quaquaval\n|-damage|p1a: Tauros|80/254|[from] item: Life Orb\n|\n|upkeep\n|\n|t:|1783535303\n|switch|p2a: Zacian|Zacian-Crowned, L64, tera:Fighting|72/100\n|turn|13\n|inactive|Time left: 300 sec this turn | 300 sec total\n|\n|t:|1783535304\n|switch|p1a: Sunflora|Sunflora, F|312/312\n|move|p2a: Zacian|Play Rough|p1a: Sunflora\n|-damage|p1a: Sunflora|224/312\n|\n|upkeep\n|turn|14\n|inactive|Time left: 300 sec this turn | 300 sec total\n|\n|t:|1783535305\n|switch|p2a: Oinkologne|Oinkologne-F, L92, F|100/100\n|move|p1a: Sunflora|Sunny Day|p1a: Sunflora\n|-weather|SunnyDay\n|\n|-weather|SunnyDay|[upkeep]\n|upkeep\n|turn|15\n|inactive|Time left: 300 sec this turn | 300 sec total\n|\n|t:|1783535306\n|move|p1a: Sunflora|Solar Beam||[still]\n|-prepare|p1a: Sunflora|Solar Beam\n|-anim|p1a: Sunflora|Solar Beam|p2a: Oinkologne\n|-damage|p2a: Oinkologne|40/100\n|-damage|p1a: Sunflora|193/312|[from] item: Life Orb\n|move|p2a: Oinkologne|Body Slam|p1a: Sunflora\n|-damage|p1a: Sunflora|66/312\n|\n|-weather|SunnyDay|[upkeep]\n|-heal|p2a: Oinkologne|46/100|[from] item: Leftovers\n|upkeep\n|turn|16\n|inactive|Time left: 300 sec this turn | 300 sec total\n|\n|t:|1783535307\n|move|p1a: Sunflora|Solar Beam||[still]\n|-prepare|p1a: Sunflora|Solar Beam\n|-anim|p1a: Sunflora|Solar Beam|p2a: Oinkologne\n|-damage|p2a: Oinkologne|0 fnt\n|faint|p2a: Oinkologne\n|-damage|p1a: Sunflora|35/312|[from] item: Life Orb\n|\n|-weather|SunnyDay|[upkeep]\n|upkeep\n|\n|t:|1783535308\n|switch|p2a: Sudowoodo|Sudowoodo, L94, F|100/100\n|turn|17\n|inactive|Time left: 300 sec this turn | 300 sec total\n|\n|t:|1783535309\n|switch|p2a: Zacian|Zacian-Crowned, L64, tera:Fighting|72/100\n|move|p1a: Sunflora|Solar Beam||[still]\n|-prepare|p1a: Sunflora|Solar Beam\n|-anim|p1a: Sunflora|Solar Beam|p2a: Zacian\n|-damage|p2a: Zacian|0 fnt\n|faint|p2a: Zacian\n|-damage|p1a: Sunflora|4/312|[from] item: Life Orb\n|\n|-weather|SunnyDay|[upkeep]\n|upkeep\n|\n|t:|1783535310\n|switch|p2a: Sudowoodo|Sudowoodo, L94, F|100/100\n|turn|18\n|inactive|Time left: 300 sec this turn | 300 sec total\n|\n|t:|1783535311\n|move|p1a: Sunflora|Solar Beam||[still]\n|-prepare|p1a: Sunflora|Solar Beam\n|-anim|p1a: Sunflora|Solar Beam|p2a: Sudowoodo\n|-supereffective|p2a: Sudowoodo\n|-damage|p2a: Sudowoodo|0 fnt\n|faint|p2a: Sudowoodo\n|-damage|p1a: Sunflora|0 fnt|[from] item: Life Orb\n|faint|p1a: Sunflora\n|\n|win|p0x177c0b9", "uploadtime": 1783535311, "views": 0, "rating": 0, "private": 0, "password": null, "_winner": "p0x177c0b9", "_our_name": "p0x177c0b9"}