{"id": "battle-gen9randombattle-1412", "formatid": "gen9randombattle", "format": "[Gen 9] Random Battle", "players": ["p0x14126417", "p0y14122e9c"], "log": "|init|battle\n|title|p0x14126417 vs. p0y14122e9c\n|j|\u2606p0x14126417\n|j|\u2606p0y14122e9c\n|t:|1783555471\n|gametype|singles\n|player|p1|p0x14126417|169|\n|player|p2|p0y14122e9c|102|\n|gen|9\n|tier|[Gen 9] Random Battle\n|rule|Species Clause: Limit one of each Pok\u00e9mon\n|rule|HP Percentage Mod: HP is shown in percentages\n|rule|Sleep Clause Mod: Limit one foe put to sleep\n|rule|Illusion Level Mod: Illusion disguises the Pok\u00e9mon's true level\n|\n|t:|1783555471\n|teamsize|p1|6\n|teamsize|p2|6\n|start\n|switch|p1a: Persian|Persian, L92, F|100/100\n|switch|p2a: Delphox|Delphox, L84, M|263/263\n|turn|1\n|inactive|Battle timer is ON: inactive players will automatically lose when time's up. (requested by p0x14126417)\n|inactive|Time left: 300 sec this turn | 300 sec total | 60 sec grace\n|inactive|p0y14122e9c also wants the timer to be on.\n|\n|t:|1783555473\n|switch|p2a: Overqwil|Overqwil, L82, M|274/274\n|-ability|p2a: Overqwil|Intimidate|boost\n|-unboost|p1a: Persian|atk|1\n|move|p1a: Persian|Knock Off|p2a: Overqwil\n|-resisted|p2a: Overqwil\n|-crit|p2a: Overqwil\n|-damage|p2a: Overqwil|207/274\n|-enditem|p2a: Overqwil|Choice Band|[from] move: Knock Off|[of] p1a: Persian\n|\n|upkeep\n|turn|2\n|inactive|Time left: 300 sec this turn | 300 sec total\n|\n|t:|1783555474\n|switch|p1a: Vespiquen|Vespiquen, L99, F|100/100\n|-ability|p1a: Vespiquen|Pressure\n|move|p2a: Overqwil|Crunch|p1a: Vespiquen\n|-damage|p1a: Vespiquen|77/100\n|\n|upkeep\n|turn|3\n|inactive|Time left: 300 sec this turn | 300 sec total\n|\n|t:|1783555476\n|move|p2a: Overqwil|Gunk Shot|p1a: Vespiquen\n|-damage|p1a: Vespiquen|43/100\n|move|p1a: Vespiquen|Air Slash|p2a: Overqwil\n|-damage|p2a: Overqwil|87/274\n|\n|upkeep\n|turn|4\n|inactive|Time left: 300 sec this turn | 300 sec total\n|\n|t:|1783555477\n|move|p2a: Overqwil|Gunk Shot|p1a: Vespiquen\n|-damage|p1a: Vespiquen|10/100\n|-status|p1a: Vespiquen|psn\n|move|p1a: Vespiquen|Roost|p1a: Vespiquen\n|-heal|p1a: Vespiquen|60/100 psn\n|-singleturn|p1a: Vespiquen|move: Roost\n|\n|-damage|p1a: Vespiquen|48/100 psn|[from] psn\n|upkeep\n|turn|5\n|inactive|Time left: 300 sec this turn | 300 sec total\n|\n|t:|1783555478\n|move|p2a: Overqwil|Crunch|p1a: Vespiquen\n|-damage|p1a: Vespiquen|26/100 psn\n|move|p1a: Vespiquen|Roost|p1a: Vespiquen\n|-heal|p1a: Vespiquen|76/100 psn\n|-singleturn|p1a: Vespiquen|move: Roost\n|\n|-damage|p1a: Vespiquen|64/100 psn|[from] psn\n|upkeep\n|turn|6\n|inactive|Time left: 300 sec this turn | 300 sec total\n|\n|t:|1783555479\n|move|p2a: Overqwil|Gunk Shot|p1a: Vespiquen\n|-damage|p1a: Vespiquen|28/100 psn\n|move|p1a: Vespiquen|U-turn|p2a: Overqwil\n|-damage|p2a: Overqwil|9/274\n|\n|t:|1783555480\n|switch|p1a: Shiftry|Shiftry, L89, M|100/100|[from] U-turn\n|\n|upkeep\n|turn|7\n|inactive|Time left: 300 sec this turn | 300 sec total\n|\n|t:|1783555481\n|move|p1a: Shiftry|Knock Off|p2a: Overqwil\n|-resisted|p2a: Overqwil\n|-damage|p2a: Overqwil|0 fnt\n|faint|p2a: Overqwil\n|-damage|p1a: Shiftry|91/100|[from] item: Life Orb\n|\n|upkeep\n|inactive|Time left: 300 sec this turn | 300 sec total | 5 sec grace\n|\n|t:|1783555482\n|switch|p2a: Falinks|Falinks, L84|246/246\n|turn|8\n|inactive|Time left: 300 sec this turn | 300 sec total\n|\n|t:|1783555483\n|move|p1a: Shiftry|Leaf Blade|p2a: Falinks\n|-damage|p2a: Falinks|117/246\n|-damage|p1a: Shiftry|81/100|[from] item: Life Orb\n|move|p2a: Falinks|No Retreat|p2a: Falinks\n|-boost|p2a: Falinks|atk|1\n|-boost|p2a: Falinks|def|1\n|-boost|p2a: Falinks|spa|1\n|-boost|p2a: Falinks|spd|1\n|-boost|p2a: Falinks|spe|1\n|-start|p2a: Falinks|move: No Retreat\n|\n|upkeep\n|turn|9\n|inactive|Time left: 300 sec this turn | 300 sec total\n|\n|t:|1783555484\n|move|p2a: Falinks|Close Combat|p1a: Shiftry\n|-supereffective|p1a: Shiftry\n|-damage|p1a: Shiftry|0 fnt\n|-unboost|p2a: Falinks|def|1\n|-unboost|p2a: Falinks|spd|1\n|faint|p1a: Shiftry\n|-damage|p2a: Falinks|93/246|[from] item: Life Orb\n|\n|upkeep\n|\n|t:|1783555485\n|switch|p1a: Persian|Persian, L92, F|100/100\n|turn|10\n|inactive|Time left: 300 sec this turn | 300 sec total\n|\n|t:|1783555486\n|move|p1a: Persian|Double-Edge|p2a: Falinks\n|-damage|p2a: Falinks|0 fnt\n|faint|p2a: Falinks\n|-damage|p1a: Persian|89/100|[from] Recoil\n|\n|upkeep\n|inactive|Time left: 300 sec this turn | 300 sec total | 5 sec grace\n|\n|t:|1783555487\n|switch|p2a: Ceruledge|Ceruledge, L78, F|245/245\n|turn|11\n|inactive|Time left: 300 sec this turn | 300 sec total\n|\n|t:|1783555488\n|switch|p1a: Milotic|Milotic, L83, F|100/100\n|move|p2a: Ceruledge|Swords Dance|p2a: Ceruledge\n|-boost|p2a: Ceruledge|atk|2\n|\n|upkeep\n|turn|12\n|inactive|Time left: 300 sec this turn | 300 sec total\n|\n|t:|1783555489\n|move|p1a: Milotic|Scald|p2a: Ceruledge\n|-supereffective|p2a: Ceruledge\n|-damage|p2a: Ceruledge|77/245\n|move|p2a: Ceruledge|Poltergeist|p1a: Milotic\n|-activate|p1a: Milotic|move: Poltergeist|Leftovers\n|-damage|p1a: Milotic|12/100\n|\n|-heal|p1a: Milotic|19/100|[from] item: Leftovers\n|upkeep\n|turn|13\n|inactive|Time left: 300 sec this turn | 300 sec total\n|\n|t:|1783555490\n|switch|p2a: Manaphy|Manaphy, L78|284/284\n|move|p1a: Milotic|Scald|p2a: Manaphy\n|-resisted|p2a: Manaphy\n|-damage|p2a: Manaphy|245/284\n|\n|-heal|p2a: Manaphy|262/284|[from] item: Leftovers\n|-heal|p1a: Milotic|25/100|[from] item: Leftovers\n|upkeep\n|turn|14\n|inactive|Time left: 300 sec this turn | 300 sec total\n|\n|t:|1783555491\n|move|p2a: Manaphy|Energy Ball|p1a: Milotic\n|-supereffective|p1a: Milotic\n|-damage|p1a: Milotic|0 fnt\n|faint|p1a: Milotic\n|\n|-heal|p2a: Manaphy|279/284|[from] item: Leftovers\n|upkeep\n|\n|t:|1783555491\n|switch|p1a: Exeggutor|Exeggutor-Alola, L89, M|100/100\n|turn|15\n|inactive|Time left: 300 sec this turn | 300 sec total\n|\n|t:|1783555492\n|-terastallize|p2a: Manaphy|Grass\n|move|p2a: Manaphy|Tail Glow|p2a: Manaphy\n|-boost|p2a: Manaphy|spa|3\n|move|p1a: Exeggutor|Wood Hammer|p2a: Manaphy\n|-resisted|p2a: Manaphy\n|-damage|p2a: Manaphy|212/284\n|-damage|p1a: Exeggutor|93/100|[from] Recoil\n|\n|-heal|p2a: Manaphy|229/284|[from] item: Leftovers\n|upkeep\n|turn|16\n|inactive|Time left: 300 sec this turn | 300 sec total\n|\n|t:|1783555493\n|-terastallize|p1a: Exeggutor|Fire\n|move|p2a: Manaphy|Surf|p1a: Exeggutor\n|-supereffective|p1a: Exeggutor\n|-damage|p1a: Exeggutor|0 fnt\n|faint|p1a: Exeggutor\n|\n|-heal|p2a: Manaphy|246/284|[from] item: Leftovers\n|upkeep\n|\n|t:|1783555493\n|switch|p1a: Persian|Persian, L92, F|89/100\n|turn|17\n|inactive|Time left: 300 sec this turn | 300 sec total\n|\n|t:|1783555494\n|move|p1a: Persian|U-turn|p2a: Manaphy\n|-supereffective|p2a: Manaphy\n|-damage|p2a: Manaphy|118/284\n|\n|t:|1783555495\n|switch|p1a: Vespiquen|Vespiquen, L99, F|28/100 psn|[from] U-turn\n|-ability|p1a: Vespiquen|Pressure\n|move|p2a: Manaphy|Energy Ball|p1a: Vespiquen\n|-resisted|p1a: Vespiquen\n|-damage|p1a: Vespiquen|15/100 psn\n|\n|-heal|p2a: Manaphy|135/284|[from] item: Leftovers\n|-damage|p1a: Vespiquen|3/100 psn|[from] psn\n|upkeep\n|turn|18\n|inactive|Time left: 300 sec this turn | 300 sec total\n|\n|t:|1783555496\n|move|p2a: Manaphy|Energy Ball|p1a: Vespiquen\n|-resisted|p1a: Vespiquen\n|-damage|p1a: Vespiquen|0 fnt\n|faint|p1a: Vespiquen\n|\n|-heal|p2a: Manaphy|152/284|[from] item: Leftovers\n|upkeep\n|\n|t:|1783555497\n|switch|p1a: Persian|Persian, L92, F|89/100\n|turn|19\n|inactive|Time left: 300 sec this turn | 300 sec total\n|\n|t:|1783555498\n|switch|p2a: Mudsdale|Mudsdale, L83, F|302/302\n|move|p1a: Persian|U-turn|p2a: Mudsdale\n|-damage|p2a: Mudsdale|236/302\n|-ability|p2a: Mudsdale|Stamina|boost\n|-boost|p2a: Mudsdale|def|1\n|\n|t:|1783555499\n|switch|p1a: Bronzong|Bronzong, L88|100/100|[from] U-turn\n|\n|-heal|p2a: Mudsdale|254/302|[from] item: Leftovers\n|upkeep\n|turn|20\n|inactive|Time left: 300 sec this turn | 300 sec total\n|\n|t:|1783555500\n|move|p1a: Bronzong|Psychic Noise|p2a: Mudsdale\n|-damage|p2a: Mudsdale|173/302\n|-start|p2a: Mudsdale|move: Heal Block\n|-ability|p2a: Mudsdale|Stamina|boost\n|-boost|p2a: Mudsdale|def|1\n|move|p2a: Mudsdale|Roar|p1a: Bronzong\n|drag|p1a: Persian|Persian, L92, F|89/100\n|\n|upkeep\n|turn|21\n|inactive|Time left: 300 sec this turn | 300 sec total\n|\n|t:|1783555501\n|move|p1a: Persian|U-turn|p2a: Mudsdale\n|-damage|p2a: Mudsdale|142/302\n|-ability|p2a: Mudsdale|Stamina|boost\n|-boost|p2a: Mudsdale|def|1\n|\n|t:|1783555502\n|switch|p1a: Bronzong|Bronzong, L88|100/100|[from] U-turn\n|move|p2a: Mudsdale|Stone Edge|p1a: Bronzong\n|-resisted|p1a: Bronzong\n|-damage|p1a: Bronzong|87/100\n|\n|-heal|p1a: Bronzong|93/100|[from] item: Leftovers\n|-end|p2a: Mudsdale|move: Heal Block\n|upkeep\n|turn|22\n|inactive|Time left: 300 sec this turn | 300 sec total\n|\n|t:|1783555503\n|move|p1a: Bronzong|Psychic Noise|p2a: Mudsdale\n|-damage|p2a: Mudsdale|67/302\n|-start|p2a: Mudsdale|move: Heal Block\n|-ability|p2a: Mudsdale|Stamina|boost\n|-boost|p2a: Mudsdale|def|1\n|move|p2a: Mudsdale|Roar|p1a: Bronzong\n|drag|p1a: Persian|Persian, L92, F|89/100\n|\n|upkeep\n|turn|23\n|inactive|Time left: 300 sec this turn | 300 sec total\n|\n|t:|1783555504\n|move|p1a: Persian|U-turn|p2a: Mudsdale\n|-damage|p2a: Mudsdale|45/302\n|-ability|p2a: Mudsdale|Stamina|boost\n|-boost|p2a: Mudsdale|def|1\n|\n|t:|1783555505\n|switch|p1a: Bronzong|Bronzong, L88|93/100|[from] U-turn\n|move|p2a: Mudsdale|Heavy Slam|p1a: Bronzong\n|-resisted|p1a: Bronzong\n|-damage|p1a: Bronzong|81/100\n|\n|-heal|p1a: Bronzong|87/100|[from] item: Leftovers\n|-end|p2a: Mudsdale|move: Heal Block\n|upkeep\n|turn|24\n|inactive|Time left: 300 sec this turn | 300 sec total\n|\n|t:|1783555507\n|move|p1a: Bronzong|Psychic Noise|p2a: Mudsdale\n|-damage|p2a: Mudsdale|0 fnt\n|faint|p2a: Mudsdale\n|\n|-heal|p1a: Bronzong|93/100|[from] item: Leftovers\n|upkeep\n|inactive|Time left: 300 sec this turn | 300 sec total | 5 sec grace\n|\n|t:|1783555508\n|switch|p2a: Delphox|Delphox, L84, M|263/263\n|turn|25\n|inactive|Time left: 300 sec this turn | 300 sec total\n|\n|t:|1783555509\n|switch|p1a: Persian|Persian, L92, F|89/100\n|move|p2a: Delphox|Fire Blast|p1a: Persian\n|-damage|p1a: Persian|38/100\n|\n|upkeep\n|turn|26\n|inactive|Time left: 300 sec this turn | 300 sec total\n|\n|t:|1783555510\n|move|p1a: Persian|U-turn|p2a: Delphox\n|-damage|p2a: Delphox|179/263\n|\n|t:|1783555511\n|switch|p1a: Bronzong|Bronzong, L88|93/100|[from] U-turn\n|move|p2a: Delphox|Fire Blast|p1a: Bronzong\n|-supereffective|p1a: Bronzong\n|-damage|p1a: Bronzong|14/100\n|\n|-heal|p1a: Bronzong|20/100|[from] item: Leftovers\n|upkeep\n|turn|27\n|inactive|Time left: 300 sec this turn | 300 sec total\n|\n|t:|1783555512\n|move|p2a: Delphox|Fire Blast|p1a: Bronzong\n|-supereffective|p1a: Bronzong\n|-damage|p1a: Bronzong|0 fnt\n|faint|p1a: Bronzong\n|\n|upkeep\n|\n|t:|1783555513\n|switch|p1a: Persian|Persian, L92, F|38/100\n|turn|28\n|inactive|Time left: 300 sec this turn | 300 sec total\n|\n|t:|1783555514\n|switch|p2a: Ceruledge|Ceruledge, L78, F|77/245\n|move|p1a: Persian|Knock Off|p2a: Ceruledge\n|-supereffective|p2a: Ceruledge\n|-damage|p2a: Ceruledge|0 fnt\n|-enditem|p2a: Ceruledge|Heavy-Duty Boots|[from] move: Knock Off|[of] p1a: Persian\n|faint|p2a: Ceruledge\n|\n|upkeep\n|inactive|Time left: 300 sec this turn | 300 sec total | 5 sec grace\n|\n|t:|1783555515\n|switch|p2a: Manaphy|Manaphy, L78, tera:Grass|152/284\n|turn|29\n|inactive|Time left: 300 sec this turn | 300 sec total\n|\n|t:|1783555516\n|move|p1a: Persian|Knock Off|p2a: Manaphy\n|-damage|p2a: Manaphy|55/284\n|-enditem|p2a: Manaphy|Leftovers|[from] move: Knock Off|[of] p1a: Persian\n|move|p2a: Manaphy|Surf|p1a: Persian\n|-damage|p1a: Persian|0 fnt\n|faint|p1a: Persian\n|\n|win|p0y14122e9c", "uploadtime": 1783555516, "views": 0, "rating": 0, "private": 0, "password": null, "_winner": "p0y14122e9c", "_our_name": "p0y14122e9c"}