{"id": "battle-gen9randombattle-1974", "formatid": "gen9randombattle", "format": "[Gen 9] Random Battle", "players": ["p0x1974725f", "p0y1974ae3d"], "log": "|init|battle\n|title|p0x1974725f vs. p0y1974ae3d\n|j|\u2606p0x1974725f\n|j|\u2606p0y1974ae3d\n|t:|1783562118\n|gametype|singles\n|player|p1|p0x1974725f|101|\n|player|p2|p0y1974ae3d|265|\n|gen|9\n|tier|[Gen 9] Random Battle\n|rule|Species Clause: Limit one of each Pok\u00e9mon\n|rule|HP Percentage Mod: HP is shown in percentages\n|rule|Sleep Clause Mod: Limit one foe put to sleep\n|rule|Illusion Level Mod: Illusion disguises the Pok\u00e9mon's true level\n|\n|t:|1783562118\n|teamsize|p1|6\n|teamsize|p2|6\n|start\n|switch|p1a: Blaziken|Blaziken, L76, M|247/247\n|switch|p2a: Rhyperior|Rhyperior, L82, F|100/100\n|turn|1\n|inactive|Battle timer is ON: inactive players will automatically lose when time's up. (requested by p0y1974ae3d)\n|inactive|Time left: 300 sec this turn | 300 sec total | 60 sec grace\n|inactive|p0x1974725f also wants the timer to be on.\n|\n|t:|1783562119\n|switch|p1a: Noctowl|Noctowl, L95, F|344/344\n|move|p2a: Rhyperior|Earthquake|p1a: Noctowl\n|-immune|p1a: Noctowl\n|\n|upkeep\n|turn|2\n|inactive|Time left: 300 sec this turn | 300 sec total\n|\n|t:|1783562120\n|move|p1a: Noctowl|Hurricane|p2a: Rhyperior\n|-resisted|p2a: Rhyperior\n|-damage|p2a: Rhyperior|45/100\n|-start|p2a: Rhyperior|confusion\n|-activate|p2a: Rhyperior|confusion\n|-damage|p2a: Rhyperior|36/100|[from] confusion\n|\n|upkeep\n|turn|3\n|inactive|Time left: 300 sec this turn | 300 sec total\n|\n|t:|1783562121\n|switch|p2a: Regidrago|Regidrago, L77|100/100\n|move|p1a: Noctowl|Hurricane|p2a: Regidrago\n|-crit|p2a: Regidrago\n|-damage|p2a: Regidrago|26/100\n|-start|p2a: Regidrago|confusion\n|\n|upkeep\n|turn|4\n|inactive|Time left: 300 sec this turn | 300 sec total\n|\n|t:|1783562122\n|switch|p1a: Luxray|Luxray, L88, M|283/283\n|-activate|p2a: Regidrago|confusion\n|move|p2a: Regidrago|Outrage|p1a: Luxray\n|-damage|p1a: Luxray|106/283\n|\n|-status|p1a: Luxray|brn|[from] item: Flame Orb\n|upkeep\n|turn|5\n|inactive|Time left: 300 sec this turn | 300 sec total\n|\n|t:|1783562123\n|switch|p1a: Sylveon|Sylveon, L85, M|300/300\n|-activate|p2a: Regidrago|confusion\n|-damage|p2a: Regidrago|17/100|[from] confusion\n|\n|upkeep\n|turn|6\n|inactive|Time left: 300 sec this turn | 300 sec total\n|\n|t:|1783562124\n|-end|p2a: Regidrago|confusion\n|move|p2a: Regidrago|Outrage|p1a: Sylveon\n|-immune|p1a: Sylveon\n|move|p1a: Sylveon|Hyper Voice|p2a: Regidrago\n|-supereffective|p2a: Regidrago\n|-damage|p2a: Regidrago|0 fnt\n|faint|p2a: Regidrago\n|\n|upkeep\n|\n|t:|1783562125\n|switch|p2a: Overqwil|Overqwil, L82, M|100/100\n|-ability|p2a: Overqwil|Intimidate|boost\n|-unboost|p1a: Sylveon|atk|1\n|turn|7\n|inactive|Time left: 300 sec this turn | 300 sec total\n|\n|t:|1783562126\n|-terastallize|p1a: Sylveon|Steel\n|move|p2a: Overqwil|Gunk Shot|p1a: Sylveon\n|-immune|p1a: Sylveon\n|move|p1a: Sylveon|Hyper Voice|p2a: Overqwil\n|-damage|p2a: Overqwil|37/100\n|\n|upkeep\n|turn|8\n|inactive|Time left: 300 sec this turn | 300 sec total\n|\n|t:|1783562127\n|switch|p2a: Articuno|Articuno, L86|100/100\n|-ability|p2a: Articuno|Pressure\n|move|p1a: Sylveon|Hyper Voice|p2a: Articuno\n|-damage|p2a: Articuno|68/100\n|\n|upkeep\n|turn|9\n|inactive|Time left: 300 sec this turn | 300 sec total\n|\n|t:|1783562127\n|move|p2a: Articuno|Roost|p2a: Articuno\n|-heal|p2a: Articuno|100/100\n|-singleturn|p2a: Articuno|move: Roost\n|move|p1a: Sylveon|Hyper Voice|p2a: Articuno\n|-damage|p2a: Articuno|69/100\n|\n|upkeep\n|turn|10\n|inactive|Time left: 300 sec this turn | 300 sec total\n|\n|t:|1783562128\n|move|p2a: Articuno|Roost|p2a: Articuno\n|-heal|p2a: Articuno|100/100\n|-singleturn|p2a: Articuno|move: Roost\n|move|p1a: Sylveon|Hyper Voice|p2a: Articuno\n|-damage|p2a: Articuno|70/100\n|\n|upkeep\n|turn|11\n|inactive|Time left: 300 sec this turn | 300 sec total\n|\n|t:|1783562129\n|move|p2a: Articuno|Brave Bird|p1a: Sylveon\n|-resisted|p1a: Sylveon\n|-damage|p1a: Sylveon|228/300\n|-damage|p2a: Articuno|62/100|[from] Recoil\n|move|p1a: Sylveon|Hyper Voice|p2a: Articuno\n|-damage|p2a: Articuno|29/100\n|\n|-heal|p1a: Sylveon|246/300|[from] item: Leftovers\n|upkeep\n|turn|12\n|inactive|Time left: 300 sec this turn | 300 sec total\n|\n|t:|1783562130\n|move|p2a: Articuno|Roost|p2a: Articuno\n|-heal|p2a: Articuno|79/100\n|-singleturn|p2a: Articuno|move: Roost\n|move|p1a: Sylveon|Hyper Voice|p2a: Articuno\n|-damage|p2a: Articuno|44/100\n|\n|-heal|p1a: Sylveon|264/300|[from] item: Leftovers\n|upkeep\n|turn|13\n|inactive|Time left: 300 sec this turn | 300 sec total\n|\n|t:|1783562131\n|move|p2a: Articuno|Roost|p2a: Articuno\n|-heal|p2a: Articuno|94/100\n|-singleturn|p2a: Articuno|move: Roost\n|move|p1a: Sylveon|Hyper Voice|p2a: Articuno\n|-damage|p2a: Articuno|61/100\n|\n|-heal|p1a: Sylveon|282/300|[from] item: Leftovers\n|upkeep\n|turn|14\n|inactive|Time left: 300 sec this turn | 300 sec total\n|\n|t:|1783562132\n|move|p2a: Articuno|Roost|p2a: Articuno\n|-heal|p2a: Articuno|100/100\n|-singleturn|p2a: Articuno|move: Roost\n|move|p1a: Sylveon|Hyper Voice|p2a: Articuno\n|-damage|p2a: Articuno|69/100\n|\n|-heal|p1a: Sylveon|300/300|[from] item: Leftovers\n|upkeep\n|turn|15\n|inactive|Time left: 300 sec this turn | 300 sec total\n|\n|t:|1783562133\n|move|p2a: Articuno|Brave Bird|p1a: Sylveon\n|-resisted|p1a: Sylveon\n|-damage|p1a: Sylveon|227/300\n|-damage|p2a: Articuno|60/100|[from] Recoil\n|move|p1a: Sylveon|Calm Mind|p1a: Sylveon\n|-boost|p1a: Sylveon|spa|1\n|-boost|p1a: Sylveon|spd|1\n|\n|-heal|p1a: Sylveon|245/300|[from] item: Leftovers\n|upkeep\n|turn|16\n|inactive|Time left: 300 sec this turn | 300 sec total\n|\n|t:|1783562134\n|move|p2a: Articuno|Roost|p2a: Articuno\n|-heal|p2a: Articuno|100/100\n|-singleturn|p2a: Articuno|move: Roost\n|move|p1a: Sylveon|Calm Mind|p1a: Sylveon\n|-boost|p1a: Sylveon|spa|1\n|-boost|p1a: Sylveon|spd|1\n|\n|-heal|p1a: Sylveon|263/300|[from] item: Leftovers\n|upkeep\n|turn|17\n|inactive|Time left: 300 sec this turn | 300 sec total\n|\n|t:|1783562135\n|switch|p2a: Rhyperior|Rhyperior, L82, F|36/100\n|move|p1a: Sylveon|Wish|p1a: Sylveon\n|\n|-heal|p1a: Sylveon|281/300|[from] item: Leftovers\n|upkeep\n|turn|18\n|inactive|Time left: 300 sec this turn | 300 sec total\n|\n|t:|1783562137\n|move|p1a: Sylveon|Protect|p1a: Sylveon\n|-singleturn|p1a: Sylveon|Protect\n|move|p2a: Rhyperior|Earthquake|p1a: Sylveon\n|-activate|p1a: Sylveon|move: Protect\n|\n|-heal|p1a: Sylveon|300/300|[from] move: Wish|[wisher] Sylveon\n|upkeep\n|turn|19\n|inactive|Time left: 300 sec this turn | 300 sec total\n|\n|t:|1783562138\n|switch|p1a: Noctowl|Noctowl, L95, F|344/344\n|move|p2a: Rhyperior|Earthquake|p1a: Noctowl\n|-immune|p1a: Noctowl\n|\n|upkeep\n|turn|20\n|inactive|Time left: 300 sec this turn | 300 sec total\n|\n|t:|1783562139\n|switch|p2a: Articuno|Articuno, L86|100/100\n|-ability|p2a: Articuno|Pressure\n|move|p1a: Noctowl|Hyper Voice|p2a: Articuno\n|-damage|p2a: Articuno|71/100\n|\n|upkeep\n|turn|21\n|inactive|Time left: 300 sec this turn | 300 sec total\n|\n|t:|1783562140\n|move|p2a: Articuno|Freeze-Dry|p1a: Noctowl\n|-supereffective|p1a: Noctowl\n|-damage|p1a: Noctowl|204/344\n|move|p1a: Noctowl|Hyper Voice|p2a: Articuno\n|-damage|p2a: Articuno|41/100\n|\n|upkeep\n|turn|22\n|inactive|Time left: 300 sec this turn | 300 sec total\n|\n|t:|1783562141\n|move|p2a: Articuno|Freeze-Dry|p1a: Noctowl\n|-supereffective|p1a: Noctowl\n|-damage|p1a: Noctowl|82/344\n|move|p1a: Noctowl|Roost|p1a: Noctowl\n|-heal|p1a: Noctowl|254/344\n|-singleturn|p1a: Noctowl|move: Roost\n|\n|upkeep\n|turn|23\n|inactive|Time left: 300 sec this turn | 300 sec total\n|\n|t:|1783562142\n|move|p2a: Articuno|Freeze-Dry|p1a: Noctowl\n|-supereffective|p1a: Noctowl\n|-damage|p1a: Noctowl|134/344\n|move|p1a: Noctowl|Hyper Voice|p2a: Articuno\n|-damage|p2a: Articuno|12/100\n|\n|upkeep\n|turn|24\n|inactive|Time left: 300 sec this turn | 300 sec total\n|\n|t:|1783562143\n|move|p2a: Articuno|Brave Bird|p1a: Noctowl\n|-damage|p1a: Noctowl|0 fnt\n|faint|p1a: Noctowl\n|-damage|p2a: Articuno|0 fnt|[from] Recoil\n|faint|p2a: Articuno\n|\n|upkeep\n|inactive|Time left: 300 sec this turn | 300 sec total | 5 sec grace\n|\n|t:|1783562144\n|switch|p2a: Overqwil|Overqwil, L82, M|37/100\n|switch|p1a: Blaziken|Blaziken, L76, M|247/247\n|-ability|p2a: Overqwil|Intimidate|boost\n|-unboost|p1a: Blaziken|atk|1\n|turn|25\n|inactive|Time left: 300 sec this turn | 300 sec total\n|\n|t:|1783562145\n|switch|p1a: Sylveon|Sylveon, L85, M, tera:Steel|300/300\n|move|p2a: Overqwil|Gunk Shot|p1a: Sylveon\n|-immune|p1a: Sylveon\n|\n|upkeep\n|turn|26\n|inactive|Time left: 300 sec this turn | 300 sec total\n|\n|t:|1783562146\n|switch|p1a: Blaziken|Blaziken, L76, M|247/247\n|move|p2a: Overqwil|Swords Dance|p2a: Overqwil\n|-boost|p2a: Overqwil|atk|2\n|\n|upkeep\n|turn|27\n|inactive|Time left: 300 sec this turn | 300 sec total\n|\n|t:|1783562147\n|switch|p1a: Sylveon|Sylveon, L85, M, tera:Steel|300/300\n|move|p2a: Overqwil|Gunk Shot|p1a: Sylveon\n|-immune|p1a: Sylveon\n|\n|upkeep\n|turn|28\n|inactive|Time left: 300 sec this turn | 300 sec total\n|\n|t:|1783562148\n|switch|p1a: Blaziken|Blaziken, L76, M|247/247\n|move|p2a: Overqwil|Crunch|p1a: Blaziken\n|-resisted|p1a: Blaziken\n|-damage|p1a: Blaziken|133/247\n|-unboost|p1a: Blaziken|def|1\n|\n|upkeep\n|turn|29\n|inactive|Time left: 300 sec this turn | 300 sec total\n|\n|t:|1783562150\n|switch|p1a: Sylveon|Sylveon, L85, M, tera:Steel|300/300\n|move|p2a: Overqwil|Crunch|p1a: Sylveon\n|-damage|p1a: Sylveon|71/300\n|\n|-heal|p1a: Sylveon|89/300|[from] item: Leftovers\n|upkeep\n|turn|30\n|inactive|Time left: 300 sec this turn | 300 sec total\n|\n|t:|1783562151\n|move|p1a: Sylveon|Protect|p1a: Sylveon\n|-singleturn|p1a: Sylveon|Protect\n|move|p2a: Overqwil|Scale Shot|p1a: Sylveon\n|-activate|p1a: Sylveon|move: Protect\n|\n|-heal|p1a: Sylveon|107/300|[from] item: Leftovers\n|upkeep\n|turn|31\n|inactive|Time left: 300 sec this turn | 300 sec total\n|\n|t:|1783562152\n|switch|p1a: Blaziken|Blaziken, L76, M|133/247\n|move|p2a: Overqwil|Crunch|p1a: Blaziken\n|-resisted|p1a: Blaziken\n|-damage|p1a: Blaziken|14/247\n|\n|upkeep\n|turn|32\n|inactive|Time left: 300 sec this turn | 300 sec total\n|\n|t:|1783562153\n|move|p2a: Overqwil|Crunch|p1a: Blaziken\n|-resisted|p1a: Blaziken\n|-damage|p1a: Blaziken|0 fnt\n|faint|p1a: Blaziken\n|\n|upkeep\n|inactive|Time left: 300 sec this turn | 300 sec total | 5 sec grace\n|\n|t:|1783562154\n|switch|p1a: Sylveon|Sylveon, L85, M, tera:Steel|107/300\n|turn|33\n|inactive|Time left: 300 sec this turn | 300 sec total\n|\n|t:|1783562155\n|move|p1a: Sylveon|Protect|p1a: Sylveon\n|-singleturn|p1a: Sylveon|Protect\n|move|p2a: Overqwil|Crunch|p1a: Sylveon\n|-activate|p1a: Sylveon|move: Protect\n|\n|-heal|p1a: Sylveon|125/300|[from] item: Leftovers\n|upkeep\n|turn|34\n|inactive|Time left: 300 sec this turn | 300 sec total\n|\n|t:|1783562156\n|move|p1a: Sylveon|Protect|p1a: Sylveon\n|-singleturn|p1a: Sylveon|Protect\n|move|p2a: Overqwil|Crunch|p1a: Sylveon\n|-activate|p1a: Sylveon|move: Protect\n|\n|-heal|p1a: Sylveon|143/300|[from] item: Leftovers\n|upkeep\n|turn|35\n|inactive|Time left: 300 sec this turn | 300 sec total\n|\n|t:|1783562157\n|move|p1a: Sylveon|Protect|p1a: Sylveon\n|-singleturn|p1a: Sylveon|Protect\n|move|p2a: Overqwil|Crunch|p1a: Sylveon\n|-activate|p1a: Sylveon|move: Protect\n|\n|-heal|p1a: Sylveon|161/300|[from] item: Leftovers\n|upkeep\n|turn|36\n|inactive|Time left: 300 sec this turn | 300 sec total\n|\n|t:|1783562158\n|move|p2a: Overqwil|Crunch|p1a: Sylveon\n|-damage|p1a: Sylveon|0 fnt\n|faint|p1a: Sylveon\n|\n|upkeep\n|inactive|Time left: 300 sec this turn | 300 sec total | 5 sec grace\n|\n|t:|1783562159\n|switch|p1a: Blissey|Blissey, L85, F|572/572\n|turn|37\n|inactive|Time left: 300 sec this turn | 300 sec total\n|\n|t:|1783562160\n|move|p2a: Overqwil|Gunk Shot|p1a: Blissey\n|-damage|p1a: Blissey|0 fnt\n|faint|p1a: Blissey\n|\n|upkeep\n|inactive|Time left: 300 sec this turn | 300 sec total | 5 sec grace\n|\n|t:|1783562161\n|switch|p1a: Luxray|Luxray, L88, M|106/283 brn\n|turn|38\n|inactive|Time left: 300 sec this turn | 300 sec total\n|\n|t:|1783562162\n|move|p2a: Overqwil|Scale Shot|p1a: Luxray\n|-damage|p1a: Luxray|65/283 brn\n|-damage|p1a: Luxray|25/283 brn\n|-damage|p1a: Luxray|0 fnt\n|faint|p1a: Luxray\n|-hitcount|p1: Luxray|3\n|-unboost|p2a: Overqwil|def|1\n|-boost|p2a: Overqwil|spe|1\n|\n|upkeep\n|inactive|Time left: 300 sec this turn | 300 sec total | 5 sec grace\n|\n|t:|1783562163\n|switch|p1a: Polteageist|Polteageist-Antique, L78|222/222\n|turn|39\n|inactive|Time left: 300 sec this turn | 300 sec total\n|\n|t:|1783562163\n|move|p2a: Overqwil|Crunch|p1a: Polteageist\n|-supereffective|p1a: Polteageist\n|-damage|p1a: Polteageist|0 fnt\n|faint|p1a: Polteageist\n|\n|win|p0y1974ae3d", "uploadtime": 1783562163, "views": 0, "rating": 0, "private": 0, "password": null, "_winner": "p0y1974ae3d", "_our_name": "p0x1974725f"}