{"id": "battle-gen9randombattle-8", "formatid": "gen9randombattle", "format": "[Gen 9] Random Battle", "players": ["p0x008d621", "p0y0083739"], "log": "|init|battle\n|title|p0x008d621 vs. p0y0083739\n|j|\u2606p0x008d621\n|j|\u2606p0y0083739\n|t:|1783533319\n|gametype|singles\n|player|p1|p0x008d621|266|\n|player|p2|p0y0083739|265|\n|gen|9\n|tier|[Gen 9] Random Battle\n|rule|Species Clause: Limit one of each Pok\u00e9mon\n|rule|HP Percentage Mod: HP is shown in percentages\n|rule|Sleep Clause Mod: Limit one foe put to sleep\n|rule|Illusion Level Mod: Illusion disguises the Pok\u00e9mon's true level\n|\n|t:|1783533319\n|teamsize|p1|6\n|teamsize|p2|6\n|start\n|switch|p1a: Golduck|Golduck, L90, F|290/290\n|switch|p2a: Oricorio|Oricorio-Sensu, L85, F|100/100\n|-ability|p1a: Golduck|Cloud Nine\n|turn|1\n|inactive|Battle timer is ON: inactive players will automatically lose when time's up. (requested by p0x008d621)\n|inactive|p0y0083739 also wants the timer to be on.\n|\n|t:|1783533320\n|move|p2a: Oricorio|Quiver Dance|p2a: Oricorio\n|-boost|p2a: Oricorio|spa|1\n|-boost|p2a: Oricorio|spd|1\n|-boost|p2a: Oricorio|spe|1\n|move|p1a: Golduck|Nasty Plot|p1a: Golduck\n|-boost|p1a: Golduck|spa|2\n|\n|upkeep\n|turn|2\n|inactive|Time left: 300 sec this turn | 300 sec total\n|\n|t:|1783533321\n|move|p2a: Oricorio|Quiver Dance|p2a: Oricorio\n|-boost|p2a: Oricorio|spa|1\n|-boost|p2a: Oricorio|spd|1\n|-boost|p2a: Oricorio|spe|1\n|move|p1a: Golduck|Ice Beam|p2a: Oricorio\n|-supereffective|p2a: Oricorio\n|-damage|p2a: Oricorio|20/100\n|-damage|p1a: Golduck|261/290|[from] item: Life Orb\n|\n|upkeep\n|turn|3\n|inactive|Time left: 300 sec this turn | 300 sec total\n|\n|t:|1783533323\n|move|p2a: Oricorio|Hurricane|p1a: Golduck\n|-damage|p1a: Golduck|30/290\n|move|p1a: Golduck|Hydro Pump|p2a: Oricorio\n|-damage|p2a: Oricorio|0 fnt\n|faint|p2a: Oricorio\n|-damage|p1a: Golduck|1/290|[from] item: Life Orb\n|\n|upkeep\n|\n|t:|1783533324\n|switch|p2a: Mimikyu|Mimikyu, L79, M|100/100\n|turn|4\n|inactive|Time left: 300 sec this turn | 300 sec total\n|\n|t:|1783533325\n|move|p1a: Golduck|Ice Beam|p2a: Mimikyu\n|-activate|p2a: Mimikyu|ability: Disguise\n|-damage|p2a: Mimikyu|100/100\n|-status|p2a: Mimikyu|frz\n|detailschange|p2a: Mimikyu|Mimikyu-Busted, L79, M\n|-damage|p2a: Mimikyu|88/100 frz|[from] pokemon: Mimikyu-Busted\n|-damage|p1a: Golduck|0 fnt|[from] item: Life Orb\n|faint|p1a: Golduck\n|cant|p2a: Mimikyu|frz\n|\n|upkeep\n|inactive|Time left: 300 sec this turn | 300 sec total | 5 sec grace\n|\n|t:|1783533326\n|switch|p1a: Araquanid|Araquanid, L82, F|246/246\n|turn|5\n|inactive|Time left: 300 sec this turn | 300 sec total\n|\n|t:|1783533327\n|switch|p2a: Rayquaza|Rayquaza, L72|100/100\n|-ability|p2a: Rayquaza|Air Lock\n|move|p1a: Araquanid|Sticky Web|p2a: Rayquaza\n|-sidestart|p2: p0y0083739|move: Sticky Web\n|\n|upkeep\n|turn|6\n|inactive|Time left: 300 sec this turn | 300 sec total\n|\n|t:|1783533328\n|switch|p1a: Jirachi|Jirachi, L80|291/291\n|move|p2a: Rayquaza|Dragon Dance|p2a: Rayquaza\n|-boost|p2a: Rayquaza|atk|1\n|-boost|p2a: Rayquaza|spe|1\n|\n|upkeep\n|turn|7\n|inactive|Time left: 300 sec this turn | 300 sec total\n|\n|t:|1783533330\n|move|p2a: Rayquaza|Dragon Dance|p2a: Rayquaza\n|-boost|p2a: Rayquaza|atk|1\n|-boost|p2a: Rayquaza|spe|1\n|move|p1a: Jirachi|Iron Head|p2a: Rayquaza\n|-damage|p2a: Rayquaza|64/100\n|\n|upkeep\n|turn|8\n|inactive|Time left: 300 sec this turn | 300 sec total\n|\n|t:|1783533331\n|move|p2a: Rayquaza|Earthquake|p1a: Jirachi\n|-supereffective|p1a: Jirachi\n|-damage|p1a: Jirachi|33/291\n|move|p1a: Jirachi|Iron Head|p2a: Rayquaza\n|-damage|p2a: Rayquaza|32/100\n|\n|-heal|p1a: Jirachi|51/291|[from] item: Leftovers\n|upkeep\n|turn|9\n|inactive|Time left: 300 sec this turn | 300 sec total\n|\n|t:|1783533332\n|move|p2a: Rayquaza|Outrage|p1a: Jirachi\n|-resisted|p1a: Jirachi\n|-damage|p1a: Jirachi|0 fnt\n|faint|p1a: Jirachi\n|\n|upkeep\n|inactive|Time left: 300 sec this turn | 300 sec total | 5 sec grace\n|\n|t:|1783533333\n|switch|p1a: Skeledirge|Skeledirge, L79, M|294/294\n|turn|10\n|inactive|Time left: 300 sec this turn | 300 sec total\n|\n|t:|1783533334\n|move|p2a: Rayquaza|Outrage|p1a: Skeledirge|[from] lockedmove\n|-damage|p1a: Skeledirge|155/294\n|move|p1a: Skeledirge|Torch Song|p2a: Rayquaza\n|-resisted|p2a: Rayquaza\n|-damage|p2a: Rayquaza|16/100\n|-boost|p1a: Skeledirge|spa|1\n|\n|upkeep\n|turn|11\n|inactive|Time left: 300 sec this turn | 300 sec total\n|\n|t:|1783533335\n|move|p2a: Rayquaza|Outrage|p1a: Skeledirge|[from] lockedmove\n|-damage|p1a: Skeledirge|31/294\n|-start|p2a: Rayquaza|confusion|[fatigue]\n|move|p1a: Skeledirge|Torch Song|p2a: Rayquaza\n|-resisted|p2a: Rayquaza\n|-damage|p2a: Rayquaza|0 fnt\n|-boost|p1a: Skeledirge|spa|1\n|faint|p2a: Rayquaza\n|\n|upkeep\n|\n|t:|1783533336\n|switch|p2a: Glaceon|Glaceon, L94, M|100/100\n|turn|12\n|inactive|Time left: 300 sec this turn | 300 sec total\n|\n|t:|1783533337\n|move|p2a: Glaceon|Freeze-Dry|p1a: Skeledirge\n|-resisted|p1a: Skeledirge\n|-damage|p1a: Skeledirge|0 fnt\n|faint|p1a: Skeledirge\n|\n|upkeep\n|inactive|Time left: 300 sec this turn | 300 sec total | 5 sec grace\n|\n|t:|1783533338\n|switch|p1a: Jumpluff|Jumpluff, L87, F|271/271\n|turn|13\n|inactive|Time left: 300 sec this turn | 300 sec total\n|\n|t:|1783533339\n|move|p1a: Jumpluff|Sleep Powder|p2a: Glaceon\n|-status|p2a: Glaceon|slp|[from] move: Sleep Powder\n|cant|p2a: Glaceon|slp\n|\n|upkeep\n|turn|14\n|inactive|Time left: 300 sec this turn | 300 sec total\n|\n|t:|1783533340\n|move|p1a: Jumpluff|Acrobatics|p2a: Glaceon\n|-damage|p2a: Glaceon|78/100 slp\n|-curestatus|p2a: Glaceon|slp|[msg]\n|move|p2a: Glaceon|Freeze-Dry|p1a: Jumpluff\n|-supereffective|p1a: Jumpluff\n|-damage|p1a: Jumpluff|0 fnt\n|faint|p1a: Jumpluff\n|\n|upkeep\n|inactive|Time left: 300 sec this turn | 300 sec total | 5 sec grace\n|\n|t:|1783533341\n|switch|p1a: Rotom|Rotom-Mow, L87|229/229\n|turn|15\n|inactive|Time left: 300 sec this turn | 300 sec total\n|\n|t:|1783533342\n|move|p1a: Rotom|Nasty Plot|p1a: Rotom\n|-boost|p1a: Rotom|spa|2\n|move|p2a: Glaceon|Freeze-Dry|p1a: Rotom\n|-supereffective|p1a: Rotom\n|-damage|p1a: Rotom|43/229\n|\n|-heal|p1a: Rotom|57/229|[from] item: Leftovers\n|upkeep\n|turn|16\n|inactive|Time left: 300 sec this turn | 300 sec total\n|\n|t:|1783533343\n|move|p1a: Rotom|Leaf Storm|p2a: Glaceon\n|-damage|p2a: Glaceon|0 fnt\n|-unboost|p1a: Rotom|spa|2\n|faint|p2a: Glaceon\n|\n|-heal|p1a: Rotom|71/229|[from] item: Leftovers\n|upkeep\n|\n|t:|1783533344\n|switch|p2a: Azelf|Azelf, L82|100/100\n|turn|17\n|inactive|Time left: 300 sec this turn | 300 sec total\n|\n|t:|1783533345\n|move|p2a: Azelf|Psyshock|p1a: Rotom\n|-damage|p1a: Rotom|0 fnt\n|faint|p1a: Rotom\n|-damage|p2a: Azelf|91/100|[from] item: Life Orb\n|\n|upkeep\n|inactive|Time left: 300 sec this turn | 300 sec total | 5 sec grace\n|\n|t:|1783533346\n|switch|p1a: Araquanid|Araquanid, L82, F|246/246\n|turn|18\n|inactive|Time left: 300 sec this turn | 300 sec total\n|\n|t:|1783533347\n|move|p2a: Azelf|Nasty Plot|p2a: Azelf\n|-boost|p2a: Azelf|spa|2\n|move|p1a: Araquanid|Leech Life|p2a: Azelf\n|-supereffective|p2a: Azelf\n|-damage|p2a: Azelf|32/100\n|\n|upkeep\n|turn|19\n|inactive|Time left: 300 sec this turn | 300 sec total\n|\n|t:|1783533348\n|-terastallize|p1a: Araquanid|Water\n|move|p2a: Azelf|Psyshock|p1a: Araquanid\n|-damage|p1a: Araquanid|0 fnt\n|faint|p1a: Araquanid\n|-damage|p2a: Azelf|23/100|[from] item: Life Orb\n|\n|win|p0y0083739", "uploadtime": 1783533348, "views": 0, "rating": 0, "private": 0, "password": null, "_winner": "p0y0083739", "_our_name": "p0x008d621"}