{"id": "battle-gen9randombattle-402", "formatid": "gen9randombattle", "format": "[Gen 9] Random Battle", "players": ["p0x40236e4", "p0y4023098"], "log": "|init|battle\n|title|p0x40236e4 vs. p0y4023098\n|j|\u2606p0x40236e4\n|j|\u2606p0y4023098\n|t:|1783544342\n|gametype|singles\n|player|p1|p0x40236e4|169|\n|player|p2|p0y4023098|2|\n|gen|9\n|tier|[Gen 9] Random Battle\n|rule|Species Clause: Limit one of each Pok\u00e9mon\n|rule|HP Percentage Mod: HP is shown in percentages\n|rule|Sleep Clause Mod: Limit one foe put to sleep\n|rule|Illusion Level Mod: Illusion disguises the Pok\u00e9mon's true level\n|\n|t:|1783544342\n|teamsize|p1|6\n|teamsize|p2|6\n|start\n|switch|p1a: Iron Treads|Iron Treads, L77|100/100\n|switch|p2a: Gastrodon|Gastrodon-East, L86, M|331/331\n|turn|1\n|inactive|Battle timer is ON: inactive players will automatically lose when time's up. (requested by p0y4023098)\n|inactive|p0x40236e4 also wants the timer to be on.\n|\n|t:|1783544344\n|-end|p1a: Iron Treads|Quark Drive|[silent]\n|switch|p1a: Blastoise|Blastoise, L80, F|100/100\n|move|p2a: Gastrodon|Earthquake|p1a: Blastoise\n|-damage|p1a: Blastoise|61/100\n|\n|upkeep\n|turn|2\n|inactive|Time left: 300 sec this turn | 300 sec total\n|\n|t:|1783544345\n|move|p1a: Blastoise|Shell Smash|p1a: Blastoise\n|-unboost|p1a: Blastoise|def|1\n|-unboost|p1a: Blastoise|spd|1\n|-boost|p1a: Blastoise|atk|2\n|-boost|p1a: Blastoise|spa|2\n|-boost|p1a: Blastoise|spe|2\n|-enditem|p1a: Blastoise|White Herb\n|-clearnegativeboost|p1a: Blastoise|[silent]\n|move|p2a: Gastrodon|Earthquake|p1a: Blastoise\n|-damage|p1a: Blastoise|25/100\n|\n|upkeep\n|turn|3\n|inactive|Time left: 300 sec this turn | 300 sec total\n|\n|t:|1783544346\n|move|p1a: Blastoise|Earthquake|p2a: Gastrodon\n|-damage|p2a: Gastrodon|198/331\n|move|p2a: Gastrodon|Earthquake|p1a: Blastoise\n|-damage|p1a: Blastoise|0 fnt\n|faint|p1a: Blastoise\n|\n|-heal|p2a: Gastrodon|218/331|[from] item: Leftovers\n|upkeep\n|\n|t:|1783544347\n|switch|p1a: Bellossom|Bellossom, L84, F|100/100\n|turn|4\n|inactive|Time left: 300 sec this turn | 300 sec total\n|\n|t:|1783544349\n|switch|p2a: Pelipper|Pelipper, L86, F|243/243\n|-weather|RainDance|[from] ability: Drizzle|[of] p2a: Pelipper\n|move|p1a: Bellossom|Quiver Dance|p1a: Bellossom\n|-boost|p1a: Bellossom|spa|1\n|-boost|p1a: Bellossom|spd|1\n|-boost|p1a: Bellossom|spe|1\n|\n|-weather|RainDance|[upkeep]\n|upkeep\n|turn|5\n|inactive|Time left: 300 sec this turn | 300 sec total\n|\n|t:|1783544350\n|move|p1a: Bellossom|Quiver Dance|p1a: Bellossom\n|-boost|p1a: Bellossom|spa|1\n|-boost|p1a: Bellossom|spd|1\n|-boost|p1a: Bellossom|spe|1\n|move|p2a: Pelipper|Hurricane|p1a: Bellossom\n|-supereffective|p1a: Bellossom\n|-damage|p1a: Bellossom|43/100\n|\n|-weather|RainDance|[upkeep]\n|-heal|p1a: Bellossom|49/100|[from] item: Leftovers\n|upkeep\n|turn|6\n|inactive|Time left: 300 sec this turn | 300 sec total\n|\n|t:|1783544351\n|move|p1a: Bellossom|Giga Drain|p2a: Pelipper\n|-damage|p2a: Pelipper|68/243\n|-heal|p1a: Bellossom|82/100|[from] drain|[of] p2a: Pelipper\n|move|p2a: Pelipper|Hurricane|p1a: Bellossom\n|-supereffective|p1a: Bellossom\n|-damage|p1a: Bellossom|23/100\n|\n|-weather|RainDance|[upkeep]\n|-heal|p1a: Bellossom|29/100|[from] item: Leftovers\n|upkeep\n|turn|7\n|inactive|Time left: 300 sec this turn | 300 sec total\n|\n|t:|1783544352\n|switch|p2a: Dialga|Dialga-Origin, L73|266/266\n|-ability|p2a: Dialga|Pressure\n|move|p1a: Bellossom|Giga Drain|p2a: Dialga\n|-resisted|p2a: Dialga\n|-damage|p2a: Dialga|233/266\n|-heal|p1a: Bellossom|35/100|[from] drain|[of] p2a: Dialga\n|\n|-weather|RainDance|[upkeep]\n|-heal|p1a: Bellossom|42/100|[from] item: Leftovers\n|upkeep\n|turn|8\n|inactive|Time left: 300 sec this turn | 300 sec total\n|\n|t:|1783544354\n|move|p1a: Bellossom|Strength Sap|p2a: Dialga\n|-unboost|p2a: Dialga|atk|1\n|-heal|p1a: Bellossom|100/100\n|move|p2a: Dialga|Dragon Tail|p1a: Bellossom\n|-damage|p1a: Bellossom|87/100\n|drag|p1a: Arceus|Arceus-Ice, L72|100/100\n|\n|-weather|none\n|upkeep\n|turn|9\n|inactive|Time left: 300 sec this turn | 300 sec total\n|\n|t:|1783544355\n|switch|p2a: Gastrodon|Gastrodon-East, L86, M|218/331\n|move|p1a: Arceus|Judgment|p2a: Gastrodon\n|-damage|p2a: Gastrodon|101/331\n|\n|-heal|p2a: Gastrodon|121/331|[from] item: Leftovers\n|upkeep\n|turn|10\n|inactive|Time left: 300 sec this turn | 300 sec total\n|\n|t:|1783544356\n|move|p1a: Arceus|Calm Mind|p1a: Arceus\n|-boost|p1a: Arceus|spa|1\n|-boost|p1a: Arceus|spd|1\n|move|p2a: Gastrodon|Recover|p2a: Gastrodon\n|-heal|p2a: Gastrodon|287/331\n|\n|-heal|p2a: Gastrodon|307/331|[from] item: Leftovers\n|upkeep\n|turn|11\n|inactive|Time left: 300 sec this turn | 300 sec total\n|\n|t:|1783544357\n|move|p1a: Arceus|Judgment|p2a: Gastrodon\n|-damage|p2a: Gastrodon|150/331\n|move|p2a: Gastrodon|Stealth Rock|p1a: Arceus\n|-sidestart|p1: p0x40236e4|move: Stealth Rock\n|\n|-heal|p2a: Gastrodon|170/331|[from] item: Leftovers\n|upkeep\n|turn|12\n|inactive|Time left: 300 sec this turn | 300 sec total\n|\n|t:|1783544358\n|switch|p2a: Blissey|Blissey, L85, F|572/572\n|move|p1a: Arceus|Judgment|p2a: Blissey\n|-damage|p2a: Blissey|446/572\n|\n|-heal|p2a: Blissey|481/572|[from] item: Leftovers\n|upkeep\n|turn|13\n|inactive|Time left: 300 sec this turn | 300 sec total\n|\n|t:|1783544359\n|move|p1a: Arceus|Calm Mind|p1a: Arceus\n|-boost|p1a: Arceus|spa|1\n|-boost|p1a: Arceus|spd|1\n|move|p2a: Blissey|Seismic Toss|p1a: Arceus\n|-damage|p1a: Arceus|71/100\n|\n|-heal|p2a: Blissey|516/572|[from] item: Leftovers\n|upkeep\n|turn|14\n|inactive|Time left: 300 sec this turn | 300 sec total\n|\n|t:|1783544360\n|move|p1a: Arceus|Calm Mind|p1a: Arceus\n|-boost|p1a: Arceus|spa|1\n|-boost|p1a: Arceus|spd|1\n|move|p2a: Blissey|Thunder Wave|p1a: Arceus\n|-status|p1a: Arceus|par\n|\n|-heal|p2a: Blissey|551/572|[from] item: Leftovers\n|upkeep\n|turn|15\n|inactive|Time left: 300 sec this turn | 300 sec total\n|\n|t:|1783544361\n|move|p2a: Blissey|Seismic Toss|p1a: Arceus\n|-damage|p1a: Arceus|42/100 par\n|move|p1a: Arceus|Judgment|p2a: Blissey\n|-damage|p2a: Blissey|355/572\n|\n|-heal|p2a: Blissey|390/572|[from] item: Leftovers\n|upkeep\n|turn|16\n|inactive|Time left: 300 sec this turn | 300 sec total\n|\n|t:|1783544363\n|move|p2a: Blissey|Seismic Toss|p1a: Arceus\n|-damage|p1a: Arceus|13/100 par\n|cant|p1a: Arceus|par\n|\n|-heal|p2a: Blissey|425/572|[from] item: Leftovers\n|upkeep\n|turn|17\n|inactive|Time left: 300 sec this turn | 300 sec total\n|\n|t:|1783544364\n|move|p2a: Blissey|Seismic Toss|p1a: Arceus\n|-damage|p1a: Arceus|0 fnt\n|faint|p1a: Arceus\n|\n|-heal|p2a: Blissey|460/572|[from] item: Leftovers\n|upkeep\n|\n|t:|1783544365\n|switch|p1a: Iron Treads|Iron Treads, L77|100/100\n|-damage|p1a: Iron Treads|97/100|[from] Stealth Rock\n|turn|18\n|inactive|Time left: 300 sec this turn | 300 sec total\n|\n|t:|1783544366\n|switch|p2a: Landorus|Landorus-Therian, L76, M|260/260\n|-ability|p2a: Landorus|Intimidate|boost\n|-unboost|p1a: Iron Treads|atk|1\n|move|p1a: Iron Treads|Rapid Spin|p2a: Landorus\n|-damage|p2a: Landorus|236/260\n|-boost|p1a: Iron Treads|spe|1\n|-sideend|p1: p0x40236e4|Stealth Rock|[from] move: Rapid Spin|[of] p1a: Iron Treads\n|\n|-heal|p2a: Landorus|252/260|[from] item: Leftovers\n|upkeep\n|turn|19\n|inactive|Time left: 300 sec this turn | 300 sec total\n|\n|t:|1783544367\n|-end|p1a: Iron Treads|Quark Drive|[silent]\n|switch|p1a: Oricorio|Oricorio-Pa'u, L87, M|100/100\n|move|p2a: Landorus|Earthquake|p1a: Oricorio\n|-immune|p1a: Oricorio\n|\n|-heal|p2a: Landorus|260/260|[from] item: Leftovers\n|upkeep\n|turn|20\n|inactive|Time left: 300 sec this turn | 300 sec total\n|\n|t:|1783544368\n|move|p1a: Oricorio|Quiver Dance|p1a: Oricorio\n|-boost|p1a: Oricorio|spa|1\n|-boost|p1a: Oricorio|spd|1\n|-boost|p1a: Oricorio|spe|1\n|move|p2a: Landorus|Stone Edge|p1a: Oricorio\n|-supereffective|p1a: Oricorio\n|-damage|p1a: Oricorio|28/100\n|\n|upkeep\n|turn|21\n|inactive|Time left: 300 sec this turn | 300 sec total\n|\n|t:|1783544369\n|move|p1a: Oricorio|Roost|p1a: Oricorio\n|-heal|p1a: Oricorio|78/100\n|-singleturn|p1a: Oricorio|move: Roost\n|move|p2a: Landorus|Stone Edge|p1a: Oricorio\n|-damage|p1a: Oricorio|45/100\n|\n|upkeep\n|turn|22\n|inactive|Time left: 300 sec this turn | 300 sec total\n|\n|t:|1783544370\n|move|p1a: Oricorio|Roost|p1a: Oricorio\n|-heal|p1a: Oricorio|95/100\n|-singleturn|p1a: Oricorio|move: Roost\n|move|p2a: Landorus|Stone Edge|p1a: Oricorio\n|-damage|p1a: Oricorio|62/100\n|\n|upkeep\n|turn|23\n|inactive|Time left: 300 sec this turn | 300 sec total\n|\n|t:|1783544371\n|move|p1a: Oricorio|Roost|p1a: Oricorio\n|-heal|p1a: Oricorio|100/100\n|-singleturn|p1a: Oricorio|move: Roost\n|move|p2a: Landorus|Stone Edge|p1a: Oricorio\n|-damage|p1a: Oricorio|69/100\n|\n|upkeep\n|turn|24\n|inactive|Time left: 300 sec this turn | 300 sec total\n|\n|t:|1783544372\n|move|p1a: Oricorio|Revelation Dance|p2a: Landorus\n|-crit|p2a: Landorus\n|-damage|p2a: Landorus|0 fnt\n|faint|p2a: Landorus\n|\n|upkeep\n|inactive|Time left: 300 sec this turn | 300 sec total | 5 sec grace\n|\n|t:|1783544373\n|switch|p2a: Dialga|Dialga-Origin, L73|233/266\n|-ability|p2a: Dialga|Pressure\n|turn|25\n|inactive|Time left: 300 sec this turn | 300 sec total\n|\n|t:|1783544374\n|-terastallize|p1a: Oricorio|Ground\n|move|p1a: Oricorio|Revelation Dance|p2a: Dialga\n|-supereffective|p2a: Dialga\n|-damage|p2a: Dialga|0 fnt\n|faint|p2a: Dialga\n|\n|upkeep\n|inactive|Time left: 300 sec this turn | 300 sec total | 5 sec grace\n|\n|t:|1783544375\n|switch|p2a: Ursaring|Ursaring, L84, F|288/288\n|turn|26\n|inactive|Time left: 300 sec this turn | 300 sec total\n|\n|t:|1783544376\n|move|p1a: Oricorio|Revelation Dance|p2a: Ursaring\n|-damage|p2a: Ursaring|123/288\n|move|p2a: Ursaring|Facade|p1a: Oricorio\n|-damage|p1a: Oricorio|27/100\n|\n|-status|p2a: Ursaring|tox|[from] item: Toxic Orb\n|upkeep\n|turn|27\n|inactive|Time left: 300 sec this turn | 300 sec total\n|\n|t:|1783544377\n|switch|p2a: Pelipper|Pelipper, L86, F|68/243\n|-weather|RainDance|[from] ability: Drizzle|[of] p2a: Pelipper\n|move|p1a: Oricorio|Revelation Dance|p2a: Pelipper\n|-immune|p2a: Pelipper\n|\n|-weather|RainDance|[upkeep]\n|upkeep\n|turn|28\n|inactive|Time left: 300 sec this turn | 300 sec total\n|\n|t:|1783544378\n|switch|p2a: Blissey|Blissey, L85, F|460/572\n|move|p1a: Oricorio|Hurricane|p2a: Blissey\n|-damage|p2a: Blissey|316/572\n|-start|p2a: Blissey|confusion\n|\n|-weather|RainDance|[upkeep]\n|-heal|p2a: Blissey|351/572|[from] item: Leftovers\n|upkeep\n|turn|29\n|inactive|Time left: 300 sec this turn | 300 sec total\n|\n|t:|1783544379\n|move|p1a: Oricorio|Roost|p1a: Oricorio\n|-heal|p1a: Oricorio|77/100\n|-activate|p2a: Blissey|confusion\n|move|p2a: Blissey|Seismic Toss|p1a: Oricorio\n|-damage|p1a: Oricorio|46/100\n|\n|-weather|RainDance|[upkeep]\n|-heal|p2a: Blissey|386/572|[from] item: Leftovers\n|upkeep\n|turn|30\n|inactive|Time left: 300 sec this turn | 300 sec total\n|\n|t:|1783544380\n|move|p1a: Oricorio|Quiver Dance|p1a: Oricorio\n|-boost|p1a: Oricorio|spa|1\n|-boost|p1a: Oricorio|spd|1\n|-boost|p1a: Oricorio|spe|1\n|-activate|p2a: Blissey|confusion\n|move|p2a: Blissey|Seismic Toss|p1a: Oricorio\n|-damage|p1a: Oricorio|15/100\n|\n|-weather|RainDance|[upkeep]\n|-heal|p2a: Blissey|421/572|[from] item: Leftovers\n|upkeep\n|turn|31\n|inactive|Time left: 300 sec this turn | 300 sec total\n|\n|t:|1783544381\n|switch|p2a: Pelipper|Pelipper, L86, F|68/243\n|move|p1a: Oricorio|Roost|p1a: Oricorio\n|-heal|p1a: Oricorio|65/100\n|\n|-weather|none\n|upkeep\n|turn|32\n|inactive|Time left: 300 sec this turn | 300 sec total\n|\n|t:|1783544382\n|move|p1a: Oricorio|Hurricane|p2a: Pelipper\n|-damage|p2a: Pelipper|0 fnt\n|faint|p2a: Pelipper\n|\n|upkeep\n|inactive|Time left: 300 sec this turn | 300 sec total | 5 sec grace\n|\n|t:|1783544383\n|switch|p2a: Blissey|Blissey, L85, F|421/572\n|turn|33\n|inactive|Time left: 300 sec this turn | 300 sec total\n|\n|t:|1783544384\n|move|p1a: Oricorio|Quiver Dance|p1a: Oricorio\n|-boost|p1a: Oricorio|spa|1\n|-boost|p1a: Oricorio|spd|1\n|-boost|p1a: Oricorio|spe|1\n|move|p2a: Blissey|Seismic Toss|p1a: Oricorio\n|-damage|p1a: Oricorio|34/100\n|\n|-heal|p2a: Blissey|456/572|[from] item: Leftovers\n|upkeep\n|turn|34\n|inactive|Time left: 300 sec this turn | 300 sec total\n|\n|t:|1783544385\n|move|p1a: Oricorio|Roost|p1a: Oricorio\n|-heal|p1a: Oricorio|84/100\n|move|p2a: Blissey|Seismic Toss|p1a: Oricorio\n|-damage|p1a: Oricorio|52/100\n|\n|-heal|p2a: Blissey|491/572|[from] item: Leftovers\n|upkeep\n|turn|35\n|inactive|Time left: 300 sec this turn | 300 sec total\n|\n|t:|1783544386\n|move|p1a: Oricorio|Roost|p1a: Oricorio\n|-heal|p1a: Oricorio|100/100\n|move|p2a: Blissey|Seismic Toss|p1a: Oricorio\n|-damage|p1a: Oricorio|69/100\n|\n|-heal|p2a: Blissey|526/572|[from] item: Leftovers\n|upkeep\n|turn|36\n|inactive|Time left: 300 sec this turn | 300 sec total\n|\n|t:|1783544387\n|move|p1a: Oricorio|Quiver Dance|p1a: Oricorio\n|-boost|p1a: Oricorio|spa|1\n|-boost|p1a: Oricorio|spd|1\n|-boost|p1a: Oricorio|spe|1\n|move|p2a: Blissey|Seismic Toss|p1a: Oricorio\n|-damage|p1a: Oricorio|38/100\n|\n|-heal|p2a: Blissey|561/572|[from] item: Leftovers\n|upkeep\n|turn|37\n|inactive|Time left: 300 sec this turn | 300 sec total\n|\n|t:|1783544388\n|move|p1a: Oricorio|Roost|p1a: Oricorio\n|-heal|p1a: Oricorio|88/100\n|move|p2a: Blissey|Seismic Toss|p1a: Oricorio\n|-damage|p1a: Oricorio|57/100\n|\n|-heal|p2a: Blissey|572/572|[from] item: Leftovers\n|upkeep\n|turn|38\n|inactive|Time left: 300 sec this turn | 300 sec total\n|\n|t:|1783544389\n|move|p1a: Oricorio|Hurricane|p2a: Blissey\n|-damage|p2a: Blissey|319/572\n|move|p2a: Blissey|Seismic Toss|p1a: Oricorio\n|-damage|p1a: Oricorio|25/100\n|\n|-heal|p2a: Blissey|354/572|[from] item: Leftovers\n|upkeep\n|turn|39\n|inactive|Time left: 300 sec this turn | 300 sec total\n|\n|t:|1783544390\n|move|p1a: Oricorio|Hurricane|p2a: Blissey\n|-damage|p2a: Blissey|107/572\n|move|p2a: Blissey|Seismic Toss|p1a: Oricorio\n|-damage|p1a: Oricorio|0 fnt\n|faint|p1a: Oricorio\n|\n|-heal|p2a: Blissey|142/572|[from] item: Leftovers\n|upkeep\n|\n|t:|1783544391\n|switch|p1a: Wugtrio|Wugtrio, L91, F|100/100\n|turn|40\n|inactive|Time left: 300 sec this turn | 300 sec total\n|\n|t:|1783544392\n|move|p1a: Wugtrio|Stomping Tantrum|p2a: Blissey\n|-damage|p2a: Blissey|0 fnt\n|faint|p2a: Blissey\n|\n|upkeep\n|inactive|Time left: 300 sec this turn | 300 sec total | 5 sec grace\n|\n|t:|1783544393\n|switch|p2a: Gastrodon|Gastrodon-East, L86, M|170/331\n|turn|41\n|inactive|Time left: 300 sec this turn | 300 sec total\n|\n|t:|1783544394\n|move|p1a: Wugtrio|Stomping Tantrum|p2a: Gastrodon\n|-damage|p2a: Gastrodon|51/331\n|move|p2a: Gastrodon|Recover|p2a: Gastrodon\n|-heal|p2a: Gastrodon|217/331\n|\n|-heal|p2a: Gastrodon|237/331|[from] item: Leftovers\n|upkeep\n|turn|42\n|inactive|Time left: 300 sec this turn | 300 sec total\n|\n|t:|1783544395\n|switch|p1a: Bellossom|Bellossom, L84, F|87/100\n|move|p2a: Gastrodon|Recover|p2a: Gastrodon\n|-heal|p2a: Gastrodon|331/331\n|\n|-heal|p1a: Bellossom|93/100|[from] item: Leftovers\n|upkeep\n|turn|43\n|inactive|Time left: 300 sec this turn | 300 sec total\n|\n|t:|1783544396\n|move|p1a: Bellossom|Quiver Dance|p1a: Bellossom\n|-boost|p1a: Bellossom|spa|1\n|-boost|p1a: Bellossom|spd|1\n|-boost|p1a: Bellossom|spe|1\n|move|p2a: Gastrodon|Stealth Rock|p1a: Bellossom\n|-sidestart|p1: p0x40236e4|move: Stealth Rock\n|\n|-heal|p1a: Bellossom|99/100|[from] item: Leftovers\n|upkeep\n|turn|44\n|inactive|Time left: 300 sec this turn | 300 sec total\n|\n|t:|1783544396\n|-terastallize|p2a: Gastrodon|Poison\n|move|p1a: Bellossom|Quiver Dance|p1a: Bellossom\n|-boost|p1a: Bellossom|spa|1\n|-boost|p1a: Bellossom|spd|1\n|-boost|p1a: Bellossom|spe|1\n|move|p2a: Gastrodon|Surf|p1a: Bellossom\n|-resisted|p1a: Bellossom\n|-damage|p1a: Bellossom|91/100\n|\n|-heal|p1a: Bellossom|97/100|[from] item: Leftovers\n|upkeep\n|turn|45\n|inactive|Time left: 300 sec this turn | 300 sec total\n|\n|t:|1783544398\n|move|p1a: Bellossom|Quiver Dance|p1a: Bellossom\n|-boost|p1a: Bellossom|spa|1\n|-boost|p1a: Bellossom|spd|1\n|-boost|p1a: Bellossom|spe|1\n|move|p2a: Gastrodon|Recover||[still]\n|-fail|p2a: Gastrodon|heal\n|\n|-heal|p1a: Bellossom|100/100|[from] item: Leftovers\n|upkeep\n|turn|46\n|inactive|Time left: 300 sec this turn | 300 sec total\n|\n|t:|1783544399\n|move|p1a: Bellossom|Quiver Dance|p1a: Bellossom\n|-boost|p1a: Bellossom|spa|1\n|-boost|p1a: Bellossom|spd|1\n|-boost|p1a: Bellossom|spe|1\n|move|p2a: Gastrodon|Recover||[still]\n|-fail|p2a: Gastrodon|heal\n|\n|upkeep\n|turn|47\n|inactive|Time left: 300 sec this turn | 300 sec total\n|\n|t:|1783544400\n|move|p1a: Bellossom|Tera Blast|p2a: Gastrodon\n|-damage|p2a: Gastrodon|163/331\n|move|p2a: Gastrodon|Recover|p2a: Gastrodon\n|-heal|p2a: Gastrodon|329/331\n|\n|-heal|p2a: Gastrodon|331/331|[from] item: Leftovers\n|upkeep\n|turn|48\n|inactive|Time left: 300 sec this turn | 300 sec total\n|\n|t:|1783544401\n|move|p1a: Bellossom|Tera Blast|p2a: Gastrodon\n|-damage|p2a: Gastrodon|154/331\n|move|p2a: Gastrodon|Recover|p2a: Gastrodon\n|-heal|p2a: Gastrodon|320/331\n|\n|-heal|p2a: Gastrodon|331/331|[from] item: Leftovers\n|upkeep\n|turn|49\n|inactive|Time left: 300 sec this turn | 300 sec total\n|\n|t:|1783544402\n|move|p1a: Bellossom|Tera Blast|p2a: Gastrodon\n|-damage|p2a: Gastrodon|156/331\n|move|p2a: Gastrodon|Recover|p2a: Gastrodon\n|-heal|p2a: Gastrodon|322/331\n|\n|-heal|p2a: Gastrodon|331/331|[from] item: Leftovers\n|upkeep\n|turn|50\n|inactive|Time left: 300 sec this turn | 300 sec total\n|\n|t:|1783544404\n|move|p1a: Bellossom|Tera Blast|p2a: Gastrodon\n|-damage|p2a: Gastrodon|163/331\n|move|p2a: Gastrodon|Earthquake|p1a: Bellossom\n|-resisted|p1a: Bellossom\n|-damage|p1a: Bellossom|82/100\n|\n|-heal|p1a: Bellossom|88/100|[from] item: Leftovers\n|-heal|p2a: Gastrodon|183/331|[from] item: Leftovers\n|upkeep\n|turn|51\n|inactive|Time left: 300 sec this turn | 300 sec total\n|\n|t:|1783544405\n|move|p1a: Bellossom|Tera Blast|p2a: Gastrodon\n|-damage|p2a: Gastrodon|19/331\n|move|p2a: Gastrodon|Stealth Rock||[still]\n|-fail|p2a: Gastrodon\n|\n|-heal|p1a: Bellossom|94/100|[from] item: Leftovers\n|-heal|p2a: Gastrodon|39/331|[from] item: Leftovers\n|upkeep\n|turn|52\n|inactive|Time left: 300 sec this turn | 300 sec total\n|\n|t:|1783544406\n|move|p1a: Bellossom|Giga Drain|p2a: Gastrodon\n|-resisted|p2a: Gastrodon\n|-damage|p2a: Gastrodon|0 fnt\n|-heal|p1a: Bellossom|100/100|[from] drain|[of] p2a: Gastrodon\n|faint|p2a: Gastrodon\n|\n|upkeep\n|inactive|Time left: 300 sec this turn | 300 sec total | 5 sec grace\n|\n|t:|1783544406\n|switch|p2a: Ursaring|Ursaring, L84, F|123/288 tox\n|turn|53\n|inactive|Time left: 300 sec this turn | 300 sec total\n|\n|t:|1783544407\n|move|p1a: Bellossom|Tera Blast|p2a: Ursaring\n|-damage|p2a: Ursaring|0 fnt\n|faint|p2a: Ursaring\n|\n|win|p0x40236e4", "uploadtime": 1783544407, "views": 0, "rating": 0, "private": 0, "password": null, "_winner": "p0x40236e4", "_our_name": "p0y4023098"}