{"id": "battle-gen9randombattle-438", "formatid": "gen9randombattle", "format": "[Gen 9] Random Battle", "players": ["p0x43899d5", "p0y4386954"], "log": "|init|battle\n|title|p0x43899d5 vs. p0y4386954\n|j|\u2606p0x43899d5\n|j|\u2606p0y4386954\n|t:|1783544131\n|gametype|singles\n|player|p1|p0x43899d5|2|\n|player|p2|p0y4386954|102|\n|gen|9\n|tier|[Gen 9] Random Battle\n|rule|Species Clause: Limit one of each Pok\u00e9mon\n|rule|HP Percentage Mod: HP is shown in percentages\n|rule|Sleep Clause Mod: Limit one foe put to sleep\n|rule|Illusion Level Mod: Illusion disguises the Pok\u00e9mon's true level\n|\n|t:|1783544131\n|teamsize|p1|6\n|teamsize|p2|6\n|start\n|switch|p1a: Diancie|Diancie, L82|216/216\n|switch|p2a: Araquanid|Araquanid, L82, M|100/100\n|turn|1\n|inactive|Battle timer is ON: inactive players will automatically lose when time's up. (requested by p0y4386954)\n|inactive|Time left: 300 sec this turn | 300 sec total | 60 sec grace\n|inactive|p0x43899d5 also wants the timer to be on.\n|\n|t:|1783544133\n|move|p1a: Diancie|Diamond Storm|p2a: Araquanid\n|-supereffective|p2a: Araquanid\n|-damage|p2a: Araquanid|18/100\n|move|p2a: Araquanid|Sticky Web|p1a: Diancie\n|-sidestart|p1: p0x43899d5|move: Sticky Web\n|\n|upkeep\n|turn|2\n|inactive|Time left: 300 sec this turn | 300 sec total\n|\n|t:|1783544134\n|switch|p2a: Toedscruel|Toedscruel, L87, M|100/100\n|move|p1a: Diancie|Diamond Storm|p2a: Toedscruel\n|-resisted|p2a: Toedscruel\n|-damage|p2a: Toedscruel|79/100\n|-boost|p1a: Diancie|def|2\n|\n|-heal|p2a: Toedscruel|85/100|[from] item: Leftovers\n|upkeep\n|turn|3\n|inactive|Time left: 300 sec this turn | 300 sec total\n|\n|t:|1783544135\n|move|p1a: Diancie|Calm Mind|p1a: Diancie\n|-boost|p1a: Diancie|spa|1\n|-boost|p1a: Diancie|spd|1\n|move|p2a: Toedscruel|Spore|p1a: Diancie\n|-status|p1a: Diancie|slp|[from] move: Spore\n|\n|-heal|p2a: Toedscruel|91/100|[from] item: Leftovers\n|upkeep\n|turn|4\n|inactive|Time left: 300 sec this turn | 300 sec total\n|\n|t:|1783544136\n|move|p2a: Toedscruel|Earth Power|p1a: Diancie\n|-supereffective|p1a: Diancie\n|-damage|p1a: Diancie|138/216 slp\n|cant|p1a: Diancie|slp\n|\n|-heal|p2a: Toedscruel|97/100|[from] item: Leftovers\n|-heal|p1a: Diancie|151/216 slp|[from] item: Leftovers\n|upkeep\n|turn|5\n|inactive|Time left: 300 sec this turn | 300 sec total\n|\n|t:|1783544137\n|move|p2a: Toedscruel|Earth Power|p1a: Diancie\n|-supereffective|p1a: Diancie\n|-damage|p1a: Diancie|73/216 slp\n|-curestatus|p1a: Diancie|slp|[msg]\n|move|p1a: Diancie|Draining Kiss|p2a: Toedscruel\n|-damage|p2a: Toedscruel|75/100\n|-heal|p1a: Diancie|120/216|[from] drain|[of] p2a: Toedscruel\n|\n|-heal|p2a: Toedscruel|81/100|[from] item: Leftovers\n|-heal|p1a: Diancie|133/216|[from] item: Leftovers\n|upkeep\n|turn|6\n|inactive|Time left: 300 sec this turn | 300 sec total\n|\n|t:|1783544138\n|move|p1a: Diancie|Draining Kiss|p2a: Toedscruel\n|-damage|p2a: Toedscruel|61/100\n|-heal|p1a: Diancie|176/216|[from] drain|[of] p2a: Toedscruel\n|move|p2a: Toedscruel|Spore|p1a: Diancie\n|-status|p1a: Diancie|slp|[from] move: Spore\n|\n|-heal|p2a: Toedscruel|67/100|[from] item: Leftovers\n|-heal|p1a: Diancie|189/216 slp|[from] item: Leftovers\n|upkeep\n|turn|7\n|inactive|Time left: 300 sec this turn | 300 sec total\n|\n|t:|1783544139\n|move|p2a: Toedscruel|Giga Drain|p1a: Diancie\n|-supereffective|p1a: Diancie\n|-damage|p1a: Diancie|117/216 slp\n|-heal|p2a: Toedscruel|80/100|[from] drain|[of] p1a: Diancie\n|cant|p1a: Diancie|slp\n|\n|-heal|p2a: Toedscruel|86/100|[from] item: Leftovers\n|-heal|p1a: Diancie|130/216 slp|[from] item: Leftovers\n|upkeep\n|turn|8\n|inactive|Time left: 300 sec this turn | 300 sec total\n|\n|t:|1783544140\n|move|p2a: Toedscruel|Giga Drain|p1a: Diancie\n|-supereffective|p1a: Diancie\n|-damage|p1a: Diancie|58/216 slp\n|-heal|p2a: Toedscruel|98/100|[from] drain|[of] p1a: Diancie\n|-curestatus|p1a: Diancie|slp|[msg]\n|move|p1a: Diancie|Calm Mind|p1a: Diancie\n|-boost|p1a: Diancie|spa|1\n|-boost|p1a: Diancie|spd|1\n|\n|-heal|p2a: Toedscruel|100/100|[from] item: Leftovers\n|-heal|p1a: Diancie|71/216|[from] item: Leftovers\n|upkeep\n|turn|9\n|inactive|Time left: 300 sec this turn | 300 sec total\n|\n|t:|1783544141\n|move|p1a: Diancie|Draining Kiss|p2a: Toedscruel\n|-damage|p2a: Toedscruel|72/100\n|-heal|p1a: Diancie|130/216|[from] drain|[of] p2a: Toedscruel\n|move|p2a: Toedscruel|Spore|p1a: Diancie\n|-status|p1a: Diancie|slp|[from] move: Spore\n|\n|-heal|p2a: Toedscruel|78/100|[from] item: Leftovers\n|-heal|p1a: Diancie|143/216 slp|[from] item: Leftovers\n|upkeep\n|turn|10\n|inactive|Time left: 300 sec this turn | 300 sec total\n|\n|t:|1783544142\n|move|p2a: Toedscruel|Earth Power|p1a: Diancie\n|-supereffective|p1a: Diancie\n|-damage|p1a: Diancie|81/216 slp\n|cant|p1a: Diancie|slp\n|\n|-heal|p2a: Toedscruel|84/100|[from] item: Leftovers\n|-heal|p1a: Diancie|94/216 slp|[from] item: Leftovers\n|upkeep\n|turn|11\n|inactive|Time left: 300 sec this turn | 300 sec total\n|\n|t:|1783544143\n|move|p2a: Toedscruel|Giga Drain|p1a: Diancie\n|-supereffective|p1a: Diancie\n|-damage|p1a: Diancie|46/216 slp\n|-heal|p2a: Toedscruel|93/100|[from] drain|[of] p1a: Diancie\n|-curestatus|p1a: Diancie|slp|[msg]\n|move|p1a: Diancie|Draining Kiss|p2a: Toedscruel\n|-damage|p2a: Toedscruel|67/100\n|-heal|p1a: Diancie|101/216|[from] drain|[of] p2a: Toedscruel\n|\n|-heal|p2a: Toedscruel|73/100|[from] item: Leftovers\n|-heal|p1a: Diancie|114/216|[from] item: Leftovers\n|upkeep\n|turn|12\n|inactive|Time left: 300 sec this turn | 300 sec total\n|\n|t:|1783544144\n|move|p1a: Diancie|Draining Kiss|p2a: Toedscruel\n|-damage|p2a: Toedscruel|47/100\n|-heal|p1a: Diancie|169/216|[from] drain|[of] p2a: Toedscruel\n|move|p2a: Toedscruel|Spore|p1a: Diancie\n|-status|p1a: Diancie|slp|[from] move: Spore\n|\n|-heal|p2a: Toedscruel|53/100|[from] item: Leftovers\n|-heal|p1a: Diancie|182/216 slp|[from] item: Leftovers\n|upkeep\n|turn|13\n|inactive|Time left: 300 sec this turn | 300 sec total\n|\n|t:|1783544145\n|move|p2a: Toedscruel|Earth Power|p1a: Diancie\n|-supereffective|p1a: Diancie\n|-damage|p1a: Diancie|128/216 slp\n|cant|p1a: Diancie|slp\n|\n|-heal|p2a: Toedscruel|59/100|[from] item: Leftovers\n|-heal|p1a: Diancie|141/216 slp|[from] item: Leftovers\n|upkeep\n|turn|14\n|inactive|Time left: 300 sec this turn | 300 sec total\n|\n|t:|1783544147\n|move|p2a: Toedscruel|Giga Drain|p1a: Diancie\n|-supereffective|p1a: Diancie\n|-damage|p1a: Diancie|87/216 slp\n|-heal|p2a: Toedscruel|69/100|[from] drain|[of] p1a: Diancie\n|cant|p1a: Diancie|slp\n|\n|-heal|p2a: Toedscruel|75/100|[from] item: Leftovers\n|-heal|p1a: Diancie|100/216 slp|[from] item: Leftovers\n|upkeep\n|turn|15\n|inactive|Time left: 300 sec this turn | 300 sec total\n|\n|t:|1783544148\n|move|p2a: Toedscruel|Giga Drain|p1a: Diancie\n|-supereffective|p1a: Diancie\n|-damage|p1a: Diancie|52/216 slp\n|-heal|p2a: Toedscruel|83/100|[from] drain|[of] p1a: Diancie\n|cant|p1a: Diancie|slp\n|\n|-heal|p2a: Toedscruel|89/100|[from] item: Leftovers\n|-heal|p1a: Diancie|65/216 slp|[from] item: Leftovers\n|upkeep\n|turn|16\n|inactive|Time left: 300 sec this turn | 300 sec total\n|\n|t:|1783544149\n|-terastallize|p1a: Diancie|Fairy\n|move|p2a: Toedscruel|Earth Power|p1a: Diancie\n|-damage|p1a: Diancie|35/216 slp\n|-curestatus|p1a: Diancie|slp|[msg]\n|move|p1a: Diancie|Draining Kiss|p2a: Toedscruel\n|-damage|p2a: Toedscruel|44/100\n|-heal|p1a: Diancie|131/216|[from] drain|[of] p2a: Toedscruel\n|\n|-heal|p2a: Toedscruel|50/100|[from] item: Leftovers\n|-heal|p1a: Diancie|144/216|[from] item: Leftovers\n|upkeep\n|turn|17\n|inactive|Time left: 300 sec this turn | 300 sec total\n|\n|t:|1783544150\n|move|p1a: Diancie|Draining Kiss|p2a: Toedscruel\n|-damage|p2a: Toedscruel|7/100\n|-heal|p1a: Diancie|216/216|[from] drain|[of] p2a: Toedscruel\n|move|p2a: Toedscruel|Spore|p1a: Diancie\n|-status|p1a: Diancie|slp|[from] move: Spore\n|\n|-heal|p2a: Toedscruel|13/100|[from] item: Leftovers\n|upkeep\n|turn|18\n|inactive|Time left: 300 sec this turn | 300 sec total\n|\n|t:|1783544151\n|cant|p1a: Diancie|slp\n|move|p2a: Toedscruel|Spore|p1a: Diancie\n|-fail|p1a: Diancie|slp\n|\n|-heal|p2a: Toedscruel|19/100|[from] item: Leftovers\n|upkeep\n|turn|19\n|inactive|Time left: 300 sec this turn | 300 sec total\n|\n|t:|1783544152\n|move|p2a: Toedscruel|Giga Drain|p1a: Diancie\n|-damage|p1a: Diancie|191/216 slp\n|-heal|p2a: Toedscruel|24/100|[from] drain|[of] p1a: Diancie\n|cant|p1a: Diancie|slp\n|\n|-heal|p2a: Toedscruel|30/100|[from] item: Leftovers\n|-heal|p1a: Diancie|204/216 slp|[from] item: Leftovers\n|upkeep\n|turn|20\n|inactive|Time left: 300 sec this turn | 300 sec total\n|\n|t:|1783544153\n|-curestatus|p1a: Diancie|slp|[msg]\n|move|p1a: Diancie|Draining Kiss|p2a: Toedscruel\n|-damage|p2a: Toedscruel|0 fnt\n|-heal|p1a: Diancie|216/216|[from] drain|[of] p2a: Toedscruel\n|faint|p2a: Toedscruel\n|\n|upkeep\n|\n|t:|1783544154\n|switch|p2a: Komala|Komala, L87, F|100/100\n|-ability|p2a: Komala|Comatose\n|turn|21\n|inactive|Time left: 300 sec this turn | 300 sec total\n|\n|t:|1783544156\n|move|p2a: Komala|Body Slam|p1a: Diancie\n|-damage|p1a: Diancie|161/216\n|move|p1a: Diancie|Diamond Storm|p2a: Komala\n|-damage|p2a: Komala|53/100\n|-boost|p1a: Diancie|def|2\n|\n|-heal|p1a: Diancie|174/216|[from] item: Leftovers\n|upkeep\n|turn|22\n|inactive|Time left: 300 sec this turn | 300 sec total\n|\n|t:|1783544157\n|move|p2a: Komala|Body Slam|p1a: Diancie\n|-damage|p1a: Diancie|134/216\n|-status|p1a: Diancie|par\n|move|p1a: Diancie|Draining Kiss|p2a: Komala\n|-damage|p2a: Komala|0 fnt\n|-heal|p1a: Diancie|216/216 par|[from] drain|[of] p2a: Komala\n|faint|p2a: Komala\n|\n|upkeep\n|\n|t:|1783544158\n|switch|p2a: Donphan|Donphan, L84, M|100/100\n|turn|23\n|inactive|Time left: 300 sec this turn | 300 sec total\n|\n|t:|1783544159\n|move|p2a: Donphan|Stealth Rock|p1a: Diancie\n|-sidestart|p1: p0x43899d5|move: Stealth Rock\n|move|p1a: Diancie|Draining Kiss|p2a: Donphan\n|-damage|p2a: Donphan|30/100\n|\n|-heal|p2a: Donphan|36/100|[from] item: Leftovers\n|upkeep\n|turn|24\n|inactive|Time left: 300 sec this turn | 300 sec total\n|\n|t:|1783544160\n|move|p2a: Donphan|Earthquake|p1a: Diancie\n|-damage|p1a: Diancie|189/216 par\n|move|p1a: Diancie|Draining Kiss|p2a: Donphan\n|-damage|p2a: Donphan|0 fnt\n|-heal|p1a: Diancie|216/216 par|[from] drain|[of] p2a: Donphan\n|faint|p2a: Donphan\n|\n|upkeep\n|\n|t:|1783544161\n|switch|p2a: Gyarados|Gyarados, L79, F|100/100\n|-ability|p2a: Gyarados|Intimidate|boost\n|-fail|p1a: Diancie|unboost|[from] ability: Clear Body|[of] p1a: Diancie\n|turn|25\n|inactive|Time left: 300 sec this turn | 300 sec total\n|\n|t:|1783544162\n|move|p2a: Gyarados|Dragon Dance|p2a: Gyarados\n|-boost|p2a: Gyarados|atk|1\n|-boost|p2a: Gyarados|spe|1\n|move|p1a: Diancie|Draining Kiss|p2a: Gyarados\n|-damage|p2a: Gyarados|48/100\n|\n|upkeep\n|turn|26\n|inactive|Time left: 300 sec this turn | 300 sec total\n|\n|t:|1783544163\n|move|p2a: Gyarados|Waterfall|p1a: Diancie\n|-damage|p1a: Diancie|188/216 par\n|move|p1a: Diancie|Draining Kiss|p2a: Gyarados\n|-damage|p2a: Gyarados|0 fnt\n|-heal|p1a: Diancie|216/216 par|[from] drain|[of] p2a: Gyarados\n|faint|p2a: Gyarados\n|\n|upkeep\n|\n|t:|1783544165\n|switch|p2a: Araquanid|Araquanid, L82, M|18/100\n|turn|27\n|inactive|Time left: 300 sec this turn | 300 sec total\n|\n|t:|1783544166\n|move|p2a: Araquanid|Liquidation|p1a: Diancie\n|-damage|p1a: Diancie|183/216 par\n|move|p1a: Diancie|Draining Kiss|p2a: Araquanid\n|-damage|p2a: Araquanid|0 fnt\n|-heal|p1a: Diancie|215/216 par|[from] drain|[of] p2a: Araquanid\n|faint|p2a: Araquanid\n|\n|-heal|p1a: Diancie|216/216 par|[from] item: Leftovers\n|upkeep\n|\n|t:|1783544167\n|switch|p2a: Ditto|Ditto, L87|100/100\n|-transform|p2a: Ditto|p1a: Diancie|[from] ability: Imposter\n|-start|p2a: Ditto|typechange|Rock/Fairy|[silent]\n|turn|28\n|inactive|Time left: 300 sec this turn | 300 sec total\n|\n|t:|1783544168\n|-terastallize|p2a: Ditto|Ghost\n|move|p2a: Ditto|Calm Mind|p2a: Ditto\n|-boost|p2a: Ditto|spa|1\n|-boost|p2a: Ditto|spd|1\n|move|p1a: Diancie|Calm Mind|p1a: Diancie\n|-boost|p1a: Diancie|spa|1\n|-boost|p1a: Diancie|spd|1\n|\n|upkeep\n|turn|29\n|inactive|Time left: 300 sec this turn | 300 sec total\n|\n|t:|1783544169\n|move|p2a: Ditto|Calm Mind|p2a: Ditto\n|-boost|p2a: Ditto|spa|1\n|-boost|p2a: Ditto|spd|1\n|move|p1a: Diancie|Diamond Storm|p2a: Ditto\n|-damage|p2a: Ditto|90/100\n|-boost|p1a: Diancie|def|2\n|\n|upkeep\n|turn|30\n|inactive|Time left: 300 sec this turn | 300 sec total\n|\n|t:|1783544170\n|move|p2a: Ditto|Calm Mind|p2a: Ditto\n|-boost|p2a: Ditto|spa|1\n|-boost|p2a: Ditto|spd|1\n|move|p1a: Diancie|Diamond Storm|p2a: Ditto\n|-damage|p2a: Ditto|79/100\n|\n|upkeep\n|turn|31\n|inactive|Time left: 300 sec this turn | 300 sec total\n|\n|t:|1783544171\n|move|p2a: Ditto|Calm Mind|p2a: Ditto\n|-boost|p2a: Ditto|spa|1\n|-boost|p2a: Ditto|spd|1\n|move|p1a: Diancie|Calm Mind|p1a: Diancie\n|-boost|p1a: Diancie|spa|1\n|-boost|p1a: Diancie|spd|1\n|\n|upkeep\n|turn|32\n|inactive|Time left: 300 sec this turn | 300 sec total\n|\n|t:|1783544172\n|move|p2a: Ditto|Calm Mind|p2a: Ditto\n|-boost|p2a: Ditto|spa|0\n|-boost|p2a: Ditto|spd|0\n|cant|p1a: Diancie|par\n|\n|upkeep\n|turn|33\n|inactive|Time left: 300 sec this turn | 300 sec total\n|\n|t:|1783544174\n|-activate|p2a: Ditto|move: Struggle\n|move|p2a: Ditto|Struggle|p1a: Diancie\n|-damage|p1a: Diancie|209/216 par\n|-damage|p2a: Ditto|54/100|[from] recoil\n|cant|p1a: Diancie|par\n|\n|-heal|p1a: Diancie|216/216 par|[from] item: Leftovers\n|upkeep\n|turn|34\n|inactive|Time left: 300 sec this turn | 300 sec total\n|\n|t:|1783544175\n|-activate|p2a: Ditto|move: Struggle\n|move|p2a: Ditto|Struggle|p1a: Diancie\n|-damage|p1a: Diancie|209/216 par\n|-damage|p2a: Ditto|29/100|[from] recoil\n|move|p1a: Diancie|Earth Power|p2a: Ditto\n|-damage|p2a: Ditto|16/100\n|\n|-heal|p1a: Diancie|216/216 par|[from] item: Leftovers\n|upkeep\n|turn|35\n|inactive|Time left: 300 sec this turn | 300 sec total\n|\n|t:|1783544176\n|-activate|p2a: Ditto|move: Struggle\n|move|p2a: Ditto|Struggle|p1a: Diancie\n|-damage|p1a: Diancie|209/216 par\n|-damage|p2a: Ditto|0 fnt|[from] recoil\n|faint|p2a: Ditto\n|\n|win|p0x43899d5", "uploadtime": 1783544176, "views": 0, "rating": 0, "private": 0, "password": null, "_winner": "p0x43899d5", "_our_name": "p0x43899d5"}