{"id": "battle-gen9randombattle-866", "formatid": "gen9randombattle", "format": "[Gen 9] Random Battle", "players": ["p0x8662aa7", "p0y866e2f1"], "log": "|init|battle\n|title|p0x8662aa7 vs. p0y866e2f1\n|j|\u2606p0x8662aa7\n|j|\u2606p0y866e2f1\n|t:|1783549157\n|gametype|singles\n|player|p1|p0x8662aa7|102|\n|player|p2|p0y866e2f1|1|\n|gen|9\n|tier|[Gen 9] Random Battle\n|rule|Species Clause: Limit one of each Pok\u00e9mon\n|rule|HP Percentage Mod: HP is shown in percentages\n|rule|Sleep Clause Mod: Limit one foe put to sleep\n|rule|Illusion Level Mod: Illusion disguises the Pok\u00e9mon's true level\n|\n|t:|1783549157\n|teamsize|p1|6\n|teamsize|p2|6\n|start\n|switch|p1a: Bronzong|Bronzong, L88|261/261\n|switch|p2a: Cresselia|Cresselia, L80, F|100/100\n|turn|1\n|inactive|Battle timer is ON: inactive players will automatically lose when time's up. (requested by p0x8662aa7)\n|inactive|p0y866e2f1 also wants the timer to be on.\n|\n|t:|1783549159\n|move|p2a: Cresselia|Calm Mind|p2a: Cresselia\n|-boost|p2a: Cresselia|spa|1\n|-boost|p2a: Cresselia|spd|1\n|move|p1a: Bronzong|Stealth Rock|p2a: Cresselia\n|-sidestart|p2: p0y866e2f1|move: Stealth Rock\n|\n|upkeep\n|turn|2\n|inactive|Time left: 300 sec this turn | 300 sec total\n|\n|t:|1783549161\n|switch|p1a: Espathra|Espathra, L80, F|283/283\n|move|p2a: Cresselia|Calm Mind|p2a: Cresselia\n|-boost|p2a: Cresselia|spa|1\n|-boost|p2a: Cresselia|spd|1\n|\n|upkeep\n|turn|3\n|inactive|Time left: 300 sec this turn | 300 sec total\n|\n|t:|1783549162\n|move|p1a: Espathra|Lumina Crash|p2a: Cresselia\n|-resisted|p2a: Cresselia\n|-damage|p2a: Cresselia|93/100\n|-unboost|p2a: Cresselia|spd|2\n|move|p2a: Cresselia|Psyshock|p1a: Espathra\n|-resisted|p1a: Espathra\n|-damage|p1a: Espathra|198/283\n|\n|-heal|p2a: Cresselia|99/100|[from] item: Leftovers\n|-ability|p1a: Espathra|Speed Boost|boost\n|-boost|p1a: Espathra|spe|1\n|upkeep\n|turn|4\n|inactive|Time left: 300 sec this turn | 300 sec total\n|\n|t:|1783549163\n|move|p1a: Espathra|Lumina Crash|p2a: Cresselia\n|-resisted|p2a: Cresselia\n|-damage|p2a: Cresselia|83/100\n|-unboost|p2a: Cresselia|spd|2\n|move|p2a: Cresselia|Thunderbolt|p1a: Espathra\n|-damage|p1a: Espathra|58/283\n|\n|-heal|p2a: Cresselia|89/100|[from] item: Leftovers\n|-ability|p1a: Espathra|Speed Boost|boost\n|-boost|p1a: Espathra|spe|1\n|upkeep\n|turn|5\n|inactive|Time left: 300 sec this turn | 300 sec total\n|\n|t:|1783549164\n|move|p1a: Espathra|Lumina Crash|p2a: Cresselia\n|-resisted|p2a: Cresselia\n|-damage|p2a: Cresselia|58/100\n|-unboost|p2a: Cresselia|spd|2\n|move|p2a: Cresselia|Psyshock|p1a: Espathra\n|-resisted|p1a: Espathra\n|-damage|p1a: Espathra|0 fnt\n|faint|p1a: Espathra\n|\n|-heal|p2a: Cresselia|64/100|[from] item: Leftovers\n|upkeep\n|inactive|Time left: 300 sec this turn | 300 sec total | 5 sec grace\n|\n|t:|1783549165\n|switch|p1a: Ninetales|Ninetales, L85, F|263/263\n|-weather|SunnyDay|[from] ability: Drought|[of] p1a: Ninetales\n|turn|6\n|inactive|Time left: 300 sec this turn | 300 sec total\n|\n|t:|1783549166\n|switch|p2a: Charizard|Charizard, L85, M|100/100\n|move|p1a: Ninetales|Fire Blast|p2a: Charizard\n|-resisted|p2a: Charizard\n|-damage|p2a: Charizard|71/100\n|\n|-weather|SunnyDay|[upkeep]\n|upkeep\n|turn|7\n|inactive|Time left: 300 sec this turn | 300 sec total\n|\n|t:|1783549168\n|move|p2a: Charizard|Flamethrower|p1a: Ninetales\n|-resisted|p1a: Ninetales\n|-damage|p1a: Ninetales|185/263\n|move|p1a: Ninetales|Nasty Plot|p1a: Ninetales\n|-boost|p1a: Ninetales|spa|2\n|\n|-weather|SunnyDay|[upkeep]\n|upkeep\n|turn|8\n|inactive|Time left: 300 sec this turn | 300 sec total\n|\n|t:|1783549169\n|-terastallize|p1a: Ninetales|Fire\n|move|p1a: Ninetales|Fire Blast|p2a: Charizard\n|-resisted|p2a: Charizard\n|-damage|p2a: Charizard|0 fnt\n|faint|p2a: Charizard\n|\n|-weather|SunnyDay|[upkeep]\n|upkeep\n|\n|t:|1783549169\n|switch|p2a: Lugia|Lugia, L73|100/100\n|turn|9\n|inactive|Time left: 300 sec this turn | 300 sec total\n|\n|t:|1783549171\n|move|p1a: Ninetales|Fire Blast|p2a: Lugia\n|-damage|p2a: Lugia|42/100\n|move|p2a: Lugia|Earth Power|p1a: Ninetales\n|-supereffective|p1a: Ninetales\n|-crit|p1a: Ninetales\n|-damage|p1a: Ninetales|59/263\n|\n|-weather|SunnyDay|[upkeep]\n|upkeep\n|turn|10\n|inactive|Time left: 300 sec this turn | 300 sec total\n|\n|t:|1783549172\n|move|p1a: Ninetales|Fire Blast|p2a: Lugia\n|-damage|p2a: Lugia|0 fnt\n|faint|p2a: Lugia\n|\n|-weather|none\n|upkeep\n|\n|t:|1783549173\n|switch|p2a: Dunsparce|Dunsparce, L86, F|100/100\n|-damage|p2a: Dunsparce|88/100|[from] Stealth Rock\n|turn|11\n|inactive|Time left: 300 sec this turn | 300 sec total\n|\n|t:|1783549174\n|move|p1a: Ninetales|Fire Blast|p2a: Dunsparce\n|-damage|p2a: Dunsparce|21/100\n|move|p2a: Dunsparce|Earthquake|p1a: Ninetales\n|-supereffective|p1a: Ninetales\n|-damage|p1a: Ninetales|0 fnt\n|faint|p1a: Ninetales\n|\n|upkeep\n|inactive|Time left: 300 sec this turn | 300 sec total | 5 sec grace\n|\n|t:|1783549175\n|switch|p1a: Poliwrath|Poliwrath, L88, F|302/302\n|turn|12\n|inactive|Time left: 300 sec this turn | 300 sec total\n|\n|t:|1783549176\n|switch|p2a: Cresselia|Cresselia, L80, F|64/100\n|-damage|p2a: Cresselia|52/100|[from] Stealth Rock\n|move|p1a: Poliwrath|Knock Off|p2a: Cresselia\n|-supereffective|p2a: Cresselia\n|-damage|p2a: Cresselia|1/100\n|-enditem|p2a: Cresselia|Leftovers|[from] move: Knock Off|[of] p1a: Poliwrath\n|-damage|p1a: Poliwrath|272/302|[from] item: Life Orb\n|\n|upkeep\n|turn|13\n|inactive|Time left: 300 sec this turn | 300 sec total\n|\n|t:|1783549177\n|move|p2a: Cresselia|Moonlight|p2a: Cresselia\n|-heal|p2a: Cresselia|51/100\n|move|p1a: Poliwrath|Knock Off|p2a: Cresselia\n|-supereffective|p2a: Cresselia\n|-damage|p2a: Cresselia|16/100\n|-damage|p1a: Poliwrath|242/302|[from] item: Life Orb\n|\n|upkeep\n|turn|14\n|inactive|Time left: 300 sec this turn | 300 sec total\n|\n|t:|1783549178\n|move|p2a: Cresselia|Moonlight|p2a: Cresselia\n|-heal|p2a: Cresselia|66/100\n|move|p1a: Poliwrath|Liquidation|p2a: Cresselia\n|-damage|p2a: Cresselia|30/100\n|-damage|p1a: Poliwrath|212/302|[from] item: Life Orb\n|\n|upkeep\n|turn|15\n|inactive|Time left: 300 sec this turn | 300 sec total\n|\n|t:|1783549179\n|move|p2a: Cresselia|Moonlight|p2a: Cresselia\n|-heal|p2a: Cresselia|79/100\n|move|p1a: Poliwrath|Liquidation|p2a: Cresselia\n|-damage|p2a: Cresselia|43/100\n|-damage|p1a: Poliwrath|182/302|[from] item: Life Orb\n|\n|upkeep\n|turn|16\n|inactive|Time left: 300 sec this turn | 300 sec total\n|\n|t:|1783549180\n|move|p2a: Cresselia|Moonlight|p2a: Cresselia\n|-heal|p2a: Cresselia|93/100\n|move|p1a: Poliwrath|Rain Dance|p1a: Poliwrath\n|-weather|RainDance\n|\n|-weather|RainDance|[upkeep]\n|upkeep\n|turn|17\n|inactive|Time left: 300 sec this turn | 300 sec total\n|\n|t:|1783549181\n|move|p1a: Poliwrath|Liquidation|p2a: Cresselia\n|-damage|p2a: Cresselia|43/100\n|-unboost|p2a: Cresselia|def|1\n|-damage|p1a: Poliwrath|152/302|[from] item: Life Orb\n|move|p2a: Cresselia|Psyshock|p1a: Poliwrath\n|-supereffective|p1a: Poliwrath\n|-damage|p1a: Poliwrath|42/302\n|\n|-weather|RainDance|[upkeep]\n|upkeep\n|turn|18\n|inactive|Time left: 300 sec this turn | 300 sec total\n|\n|t:|1783549182\n|move|p1a: Poliwrath|Liquidation|p2a: Cresselia\n|-crit|p2a: Cresselia\n|-damage|p2a: Cresselia|0 fnt\n|faint|p2a: Cresselia\n|-damage|p1a: Poliwrath|12/302|[from] item: Life Orb\n|\n|-weather|RainDance|[upkeep]\n|upkeep\n|\n|t:|1783549183\n|switch|p2a: Dunsparce|Dunsparce, L86, F|21/100\n|-damage|p2a: Dunsparce|8/100|[from] Stealth Rock\n|turn|19\n|inactive|Time left: 300 sec this turn | 300 sec total\n|\n|t:|1783549184\n|move|p1a: Poliwrath|Close Combat|p2a: Dunsparce\n|-supereffective|p2a: Dunsparce\n|-damage|p2a: Dunsparce|0 fnt\n|-unboost|p1a: Poliwrath|def|1\n|-unboost|p1a: Poliwrath|spd|1\n|faint|p2a: Dunsparce\n|-damage|p1a: Poliwrath|0 fnt|[from] item: Life Orb\n|faint|p1a: Poliwrath\n|\n|-weather|RainDance|[upkeep]\n|upkeep\n|inactive|Time left: 300 sec this turn | 300 sec total | 5 sec grace\n|\n|t:|1783549185\n|switch|p1a: Houndstone|Houndstone, L86, M|264/264\n|switch|p2a: Fezandipiti|Fezandipiti, L82, M|100/100\n|-damage|p2a: Fezandipiti|88/100|[from] Stealth Rock\n|turn|20\n|inactive|Time left: 300 sec this turn | 300 sec total\n|\n|t:|1783549186\n|move|p2a: Fezandipiti|Moonblast|p1a: Houndstone\n|-damage|p1a: Houndstone|198/264\n|-status|p1a: Houndstone|tox|[from] ability: Toxic Chain|[of] p2a: Fezandipiti\n|move|p1a: Houndstone|Poltergeist|p2a: Fezandipiti\n|-activate|p2a: Fezandipiti|move: Poltergeist|Leftovers\n|-damage|p2a: Fezandipiti|37/100\n|\n|-weather|none\n|-heal|p2a: Fezandipiti|43/100|[from] item: Leftovers\n|-heal|p1a: Houndstone|214/264 tox|[from] item: Leftovers\n|-damage|p1a: Houndstone|198/264 tox|[from] psn\n|upkeep\n|turn|21\n|inactive|Time left: 300 sec this turn | 300 sec total\n|\n|t:|1783549187\n|move|p2a: Fezandipiti|Roost|p2a: Fezandipiti\n|-heal|p2a: Fezandipiti|93/100\n|-singleturn|p2a: Fezandipiti|move: Roost\n|move|p1a: Houndstone|Poltergeist|p2a: Fezandipiti\n|-activate|p2a: Fezandipiti|move: Poltergeist|Leftovers\n|-damage|p2a: Fezandipiti|48/100\n|\n|-heal|p2a: Fezandipiti|54/100|[from] item: Leftovers\n|-heal|p1a: Houndstone|214/264 tox|[from] item: Leftovers\n|-damage|p1a: Houndstone|182/264 tox|[from] psn\n|upkeep\n|turn|22\n|inactive|Time left: 300 sec this turn | 300 sec total\n|\n|t:|1783549188\n|move|p2a: Fezandipiti|Roost|p2a: Fezandipiti\n|-heal|p2a: Fezandipiti|100/100\n|-singleturn|p2a: Fezandipiti|move: Roost\n|move|p1a: Houndstone|Rest|p1a: Houndstone\n|-status|p1a: Houndstone|slp|[from] move: Rest\n|-heal|p1a: Houndstone|264/264 slp|[silent]\n|\n|upkeep\n|turn|23\n|inactive|Time left: 300 sec this turn | 300 sec total\n|\n|t:|1783549189\n|switch|p1a: Bronzong|Bronzong, L88|261/261\n|move|p2a: Fezandipiti|Moonblast|p1a: Bronzong\n|-resisted|p1a: Bronzong\n|-damage|p1a: Bronzong|231/261\n|\n|-heal|p1a: Bronzong|247/261|[from] item: Leftovers\n|upkeep\n|turn|24\n|inactive|Time left: 300 sec this turn | 300 sec total\n|\n|t:|1783549190\n|-terastallize|p2a: Fezandipiti|Water\n|move|p2a: Fezandipiti|Moonblast|p1a: Bronzong\n|-resisted|p1a: Bronzong\n|-damage|p1a: Bronzong|217/261\n|move|p1a: Bronzong|Earthquake|p2a: Fezandipiti\n|-damage|p2a: Fezandipiti|70/100\n|\n|-heal|p2a: Fezandipiti|76/100|[from] item: Leftovers\n|-heal|p1a: Bronzong|233/261|[from] item: Leftovers\n|upkeep\n|turn|25\n|inactive|Time left: 300 sec this turn | 300 sec total\n|\n|t:|1783549191\n|move|p2a: Fezandipiti|Moonblast|p1a: Bronzong\n|-resisted|p1a: Bronzong\n|-damage|p1a: Bronzong|203/261\n|move|p1a: Bronzong|Psychic Noise|p2a: Fezandipiti\n|-damage|p2a: Fezandipiti|56/100\n|-start|p2a: Fezandipiti|move: Heal Block\n|\n|-heal|p1a: Bronzong|219/261|[from] item: Leftovers\n|upkeep\n|turn|26\n|inactive|Time left: 300 sec this turn | 300 sec total\n|\n|t:|1783549191\n|move|p2a: Fezandipiti|Moonblast|p1a: Bronzong\n|-resisted|p1a: Bronzong\n|-damage|p1a: Bronzong|191/261\n|-unboost|p1a: Bronzong|spa|1\n|move|p1a: Bronzong|Earthquake|p2a: Fezandipiti\n|-damage|p2a: Fezandipiti|25/100\n|\n|-heal|p1a: Bronzong|207/261|[from] item: Leftovers\n|-end|p2a: Fezandipiti|move: Heal Block\n|upkeep\n|turn|27\n|inactive|Time left: 300 sec this turn | 300 sec total\n|\n|t:|1783549192\n|move|p2a: Fezandipiti|Roost|p2a: Fezandipiti\n|-heal|p2a: Fezandipiti|75/100\n|move|p1a: Bronzong|Psychic Noise|p2a: Fezandipiti\n|-damage|p2a: Fezandipiti|61/100\n|-start|p2a: Fezandipiti|move: Heal Block\n|\n|-heal|p1a: Bronzong|223/261|[from] item: Leftovers\n|upkeep\n|turn|28\n|inactive|Time left: 300 sec this turn | 300 sec total\n|\n|t:|1783549193\n|move|p2a: Fezandipiti|Moonblast|p1a: Bronzong\n|-resisted|p1a: Bronzong\n|-damage|p1a: Bronzong|193/261\n|move|p1a: Bronzong|Earthquake|p2a: Fezandipiti\n|-damage|p2a: Fezandipiti|34/100\n|\n|-heal|p1a: Bronzong|209/261|[from] item: Leftovers\n|-end|p2a: Fezandipiti|move: Heal Block\n|upkeep\n|turn|29\n|inactive|Time left: 300 sec this turn | 300 sec total\n|\n|t:|1783549194\n|move|p2a: Fezandipiti|Roost|p2a: Fezandipiti\n|-heal|p2a: Fezandipiti|84/100\n|move|p1a: Bronzong|Psychic Noise|p2a: Fezandipiti\n|-damage|p2a: Fezandipiti|69/100\n|-start|p2a: Fezandipiti|move: Heal Block\n|\n|-heal|p1a: Bronzong|225/261|[from] item: Leftovers\n|upkeep\n|turn|30\n|inactive|Time left: 300 sec this turn | 300 sec total\n|\n|t:|1783549195\n|move|p2a: Fezandipiti|Moonblast|p1a: Bronzong\n|-resisted|p1a: Bronzong\n|-damage|p1a: Bronzong|194/261\n|move|p1a: Bronzong|Earthquake|p2a: Fezandipiti\n|-damage|p2a: Fezandipiti|40/100\n|\n|-heal|p1a: Bronzong|210/261|[from] item: Leftovers\n|-end|p2a: Fezandipiti|move: Heal Block\n|upkeep\n|turn|31\n|inactive|Time left: 300 sec this turn | 300 sec total\n|\n|t:|1783549196\n|move|p2a: Fezandipiti|Roost|p2a: Fezandipiti\n|-heal|p2a: Fezandipiti|90/100\n|move|p1a: Bronzong|Psychic Noise|p2a: Fezandipiti\n|-damage|p2a: Fezandipiti|77/100\n|-start|p2a: Fezandipiti|move: Heal Block\n|\n|-heal|p1a: Bronzong|226/261|[from] item: Leftovers\n|upkeep\n|turn|32\n|inactive|Time left: 300 sec this turn | 300 sec total\n|\n|t:|1783549197\n|move|p2a: Fezandipiti|Moonblast|p1a: Bronzong\n|-resisted|p1a: Bronzong\n|-damage|p1a: Bronzong|197/261\n|move|p1a: Bronzong|Earthquake|p2a: Fezandipiti\n|-damage|p2a: Fezandipiti|50/100\n|\n|-heal|p1a: Bronzong|213/261|[from] item: Leftovers\n|-end|p2a: Fezandipiti|move: Heal Block\n|upkeep\n|turn|33\n|inactive|Time left: 300 sec this turn | 300 sec total\n|\n|t:|1783549198\n|move|p2a: Fezandipiti|Roost|p2a: Fezandipiti\n|-heal|p2a: Fezandipiti|100/100\n|move|p1a: Bronzong|Earthquake|p2a: Fezandipiti\n|-damage|p2a: Fezandipiti|74/100\n|\n|-heal|p2a: Fezandipiti|80/100|[from] item: Leftovers\n|-heal|p1a: Bronzong|229/261|[from] item: Leftovers\n|upkeep\n|turn|34\n|inactive|Time left: 300 sec this turn | 300 sec total\n|\n|t:|1783549199\n|move|p2a: Fezandipiti|Moonblast|p1a: Bronzong\n|-resisted|p1a: Bronzong\n|-damage|p1a: Bronzong|197/261\n|move|p1a: Bronzong|Earthquake|p2a: Fezandipiti\n|-damage|p2a: Fezandipiti|51/100\n|\n|-heal|p2a: Fezandipiti|57/100|[from] item: Leftovers\n|-heal|p1a: Bronzong|213/261|[from] item: Leftovers\n|upkeep\n|turn|35\n|inactive|Time left: 300 sec this turn | 300 sec total\n|\n|t:|1783549200\n|move|p2a: Fezandipiti|Roost|p2a: Fezandipiti\n|-heal|p2a: Fezandipiti|100/100\n|move|p1a: Bronzong|Earthquake|p2a: Fezandipiti\n|-damage|p2a: Fezandipiti|71/100\n|\n|-heal|p2a: Fezandipiti|77/100|[from] item: Leftovers\n|-heal|p1a: Bronzong|229/261|[from] item: Leftovers\n|upkeep\n|turn|36\n|inactive|Time left: 300 sec this turn | 300 sec total\n|\n|t:|1783549202\n|move|p2a: Fezandipiti|Moonblast|p1a: Bronzong\n|-resisted|p1a: Bronzong\n|-damage|p1a: Bronzong|199/261\n|move|p1a: Bronzong|Psychic Noise|p2a: Fezandipiti\n|-damage|p2a: Fezandipiti|62/100\n|-start|p2a: Fezandipiti|move: Heal Block\n|\n|-heal|p1a: Bronzong|215/261|[from] item: Leftovers\n|upkeep\n|turn|37\n|inactive|Time left: 300 sec this turn | 300 sec total\n|\n|t:|1783549203\n|move|p2a: Fezandipiti|Moonblast|p1a: Bronzong\n|-resisted|p1a: Bronzong\n|-damage|p1a: Bronzong|188/261\n|move|p1a: Bronzong|Earthquake|p2a: Fezandipiti\n|-damage|p2a: Fezandipiti|34/100\n|\n|-heal|p1a: Bronzong|204/261|[from] item: Leftovers\n|-end|p2a: Fezandipiti|move: Heal Block\n|upkeep\n|turn|38\n|inactive|Time left: 300 sec this turn | 300 sec total\n|\n|t:|1783549204\n|move|p2a: Fezandipiti|Roost|p2a: Fezandipiti\n|-heal|p2a: Fezandipiti|84/100\n|move|p1a: Bronzong|Earthquake|p2a: Fezandipiti\n|-damage|p2a: Fezandipiti|54/100\n|\n|-heal|p2a: Fezandipiti|60/100|[from] item: Leftovers\n|-heal|p1a: Bronzong|220/261|[from] item: Leftovers\n|upkeep\n|turn|39\n|inactive|Time left: 300 sec this turn | 300 sec total\n|\n|t:|1783549205\n|move|p2a: Fezandipiti|Moonblast|p1a: Bronzong\n|-resisted|p1a: Bronzong\n|-damage|p1a: Bronzong|191/261\n|move|p1a: Bronzong|Earthquake|p2a: Fezandipiti\n|-damage|p2a: Fezandipiti|30/100\n|\n|-heal|p2a: Fezandipiti|36/100|[from] item: Leftovers\n|-heal|p1a: Bronzong|207/261|[from] item: Leftovers\n|upkeep\n|turn|40\n|inactive|Time left: 300 sec this turn | 300 sec total\n|\n|t:|1783549206\n|move|p2a: Fezandipiti|Moonblast|p1a: Bronzong\n|-resisted|p1a: Bronzong\n|-crit|p1a: Bronzong\n|-damage|p1a: Bronzong|165/261\n|-unboost|p1a: Bronzong|spa|1\n|move|p1a: Bronzong|Earthquake|p2a: Fezandipiti\n|-damage|p2a: Fezandipiti|8/100\n|\n|-heal|p2a: Fezandipiti|14/100|[from] item: Leftovers\n|-heal|p1a: Bronzong|181/261|[from] item: Leftovers\n|upkeep\n|turn|41\n|inactive|Time left: 300 sec this turn | 300 sec total\n|\n|t:|1783549208\n|switch|p1a: Corviknight|Corviknight, L80, F|288/288\n|move|p2a: Fezandipiti|Moonblast|p1a: Corviknight\n|-resisted|p1a: Corviknight\n|-damage|p1a: Corviknight|246/288\n|\n|-heal|p2a: Fezandipiti|20/100|[from] item: Leftovers\n|upkeep\n|turn|42\n|inactive|Time left: 300 sec this turn | 300 sec total\n|\n|t:|1783549209\n|move|p2a: Fezandipiti|Moonblast|p1a: Corviknight\n|-resisted|p1a: Corviknight\n|-damage|p1a: Corviknight|204/288\n|-ability|p1a: Corviknight|Mirror Armor\n|-unboost|p2a: Fezandipiti|spa|1\n|move|p1a: Corviknight|Brave Bird|p2a: Fezandipiti\n|-damage|p2a: Fezandipiti|0 fnt\n|faint|p2a: Fezandipiti\n|-damage|p1a: Corviknight|186/288|[from] Recoil\n|\n|upkeep\n|\n|t:|1783549210\n|switch|p2a: Glalie|Glalie, L96, M|100/100\n|turn|43\n|inactive|Time left: 300 sec this turn | 300 sec total\n|\n|t:|1783549211\n|switch|p1a: Bronzong|Bronzong, L88|181/261\n|move|p2a: Glalie|Freeze-Dry|p1a: Bronzong\n|-resisted|p1a: Bronzong\n|-damage|p1a: Bronzong|148/261\n|\n|-heal|p1a: Bronzong|164/261|[from] item: Leftovers\n|upkeep\n|turn|44\n|inactive|Time left: 300 sec this turn | 300 sec total\n|\n|t:|1783549212\n|move|p2a: Glalie|Freeze-Dry|p1a: Bronzong\n|-resisted|p1a: Bronzong\n|-damage|p1a: Bronzong|129/261\n|move|p1a: Bronzong|Iron Head|p2a: Glalie\n|-supereffective|p2a: Glalie\n|-damage|p2a: Glalie|50/100\n|\n|-heal|p1a: Bronzong|145/261|[from] item: Leftovers\n|upkeep\n|turn|45\n|inactive|Time left: 300 sec this turn | 300 sec total\n|\n|t:|1783549213\n|move|p2a: Glalie|Freeze-Dry|p1a: Bronzong\n|-resisted|p1a: Bronzong\n|-damage|p1a: Bronzong|114/261\n|move|p1a: Bronzong|Iron Head|p2a: Glalie\n|-supereffective|p2a: Glalie\n|-damage|p2a: Glalie|0 fnt\n|faint|p2a: Glalie\n|\n|win|p0x8662aa7", "uploadtime": 1783549213, "views": 0, "rating": 0, "private": 0, "password": null, "_winner": "p0x8662aa7", "_our_name": "p0x8662aa7"}