{"id": "battle-gen9randombattle-2472", "formatid": "gen9randombattle", "format": "[Gen 9] Random Battle", "players": ["p0x2472af05", "p0y2472ea11"], "log": "|init|battle\n|title|p0x2472af05 vs. p0y2472ea11\n|j|\u2606p0x2472af05\n|j|\u2606p0y2472ea11\n|t:|1783568661\n|gametype|singles\n|player|p1|p0x2472af05|2|\n|player|p2|p0y2472ea11|101|\n|gen|9\n|tier|[Gen 9] Random Battle\n|rule|Species Clause: Limit one of each Pok\u00e9mon\n|rule|HP Percentage Mod: HP is shown in percentages\n|rule|Sleep Clause Mod: Limit one foe put to sleep\n|rule|Illusion Level Mod: Illusion disguises the Pok\u00e9mon's true level\n|\n|t:|1783568661\n|teamsize|p1|6\n|teamsize|p2|6\n|start\n|switch|p1a: Mightyena|Mightyena, L96, M|100/100\n|switch|p2a: Crabominable|Crabominable, L90, F|321/321\n|-ability|p1a: Mightyena|Intimidate|boost\n|-unboost|p2a: Crabominable|atk|1\n|turn|1\n|inactive|Battle timer is ON: inactive players will automatically lose when time's up. (requested by p0x2472af05)\n|inactive|Time left: 300 sec this turn | 300 sec total | 60 sec grace\n|inactive|p0y2472ea11 also wants the timer to be on.\n|\n|t:|1783568662\n|-terastallize|p1a: Mightyena|Fairy\n|move|p1a: Mightyena|Play Rough|p2a: Crabominable\n|-supereffective|p2a: Crabominable\n|-damage|p2a: Crabominable|0 fnt\n|faint|p2a: Crabominable\n|\n|upkeep\n|inactive|Time left: 300 sec this turn | 300 sec total | 65 sec grace\n|\n|t:|1783568664\n|switch|p2a: Cloyster|Cloyster, L80, M|211/211\n|turn|2\n|inactive|Time left: 300 sec this turn | 300 sec total\n|\n|t:|1783568665\n|switch|p1a: Meloetta|Meloetta, L82|100/100\n|move|p2a: Cloyster|Shell Smash|p2a: Cloyster\n|-unboost|p2a: Cloyster|def|1\n|-unboost|p2a: Cloyster|spd|1\n|-boost|p2a: Cloyster|atk|2\n|-boost|p2a: Cloyster|spa|2\n|-boost|p2a: Cloyster|spe|2\n|-enditem|p2a: Cloyster|White Herb\n|-clearnegativeboost|p2a: Cloyster|[silent]\n|\n|upkeep\n|turn|3\n|inactive|Time left: 300 sec this turn | 300 sec total\n|\n|t:|1783568666\n|-terastallize|p2a: Cloyster|Ice\n|move|p2a: Cloyster|Icicle Spear|p1a: Meloetta\n|-damage|p1a: Meloetta|76/100\n|-damage|p1a: Meloetta|54/100\n|-damage|p1a: Meloetta|29/100\n|-damage|p1a: Meloetta|6/100\n|-damage|p1a: Meloetta|0 fnt\n|faint|p1a: Meloetta\n|-hitcount|p1: Meloetta|5\n|\n|upkeep\n|\n|t:|1783568667\n|switch|p1a: Kingambit|Kingambit, L74, F|100/100\n|-activate|p1a: Kingambit|ability: Supreme Overlord\n|-start|p1a: Kingambit|fallen1|[silent]\n|turn|4\n|inactive|Time left: 300 sec this turn | 300 sec total\n|\n|t:|1783568668\n|move|p2a: Cloyster|Icicle Spear|p1a: Kingambit\n|-resisted|p1a: Kingambit\n|-damage|p1a: Kingambit|89/100\n|-resisted|p1a: Kingambit\n|-damage|p1a: Kingambit|78/100\n|-resisted|p1a: Kingambit\n|-damage|p1a: Kingambit|68/100\n|-resisted|p1a: Kingambit\n|-damage|p1a: Kingambit|58/100\n|-resisted|p1a: Kingambit\n|-damage|p1a: Kingambit|46/100\n|-hitcount|p1a: Kingambit|5\n|move|p1a: Kingambit|Iron Head|p2a: Cloyster\n|-supereffective|p2a: Cloyster\n|-damage|p2a: Cloyster|97/211\n|\n|-heal|p1a: Kingambit|52/100|[from] item: Leftovers\n|upkeep\n|turn|5\n|inactive|Time left: 300 sec this turn | 300 sec total\n|\n|t:|1783568669\n|move|p1a: Kingambit|Sucker Punch|p2a: Cloyster\n|-damage|p2a: Cloyster|49/211\n|move|p2a: Cloyster|Icicle Spear|p1a: Kingambit\n|-resisted|p1a: Kingambit\n|-damage|p1a: Kingambit|42/100\n|-resisted|p1a: Kingambit\n|-damage|p1a: Kingambit|31/100\n|-resisted|p1a: Kingambit\n|-damage|p1a: Kingambit|20/100\n|-resisted|p1a: Kingambit\n|-damage|p1a: Kingambit|10/100\n|-resisted|p1a: Kingambit\n|-damage|p1a: Kingambit|0 fnt\n|faint|p1a: Kingambit\n|-end|p1a: Kingambit|fallen1|[silent]\n|-hitcount|p1: Kingambit|5\n|\n|upkeep\n|\n|t:|1783568670\n|switch|p1a: Mightyena|Mightyena, L96, M, tera:Fairy|100/100\n|-ability|p1a: Mightyena|Intimidate|boost\n|-unboost|p2a: Cloyster|atk|1\n|turn|6\n|inactive|Time left: 300 sec this turn | 300 sec total\n|\n|t:|1783568671\n|move|p1a: Mightyena|Sucker Punch|p2a: Cloyster\n|-damage|p2a: Cloyster|0 fnt\n|faint|p2a: Cloyster\n|\n|upkeep\n|inactive|Time left: 300 sec this turn | 300 sec total | 5 sec grace\n|\n|t:|1783568672\n|switch|p2a: Ampharos|Ampharos, L88, M|302/302\n|turn|7\n|inactive|Time left: 300 sec this turn | 300 sec total\n|\n|t:|1783568673\n|move|p1a: Mightyena|Sucker Punch|p2a: Ampharos\n|-damage|p2a: Ampharos|173/302\n|-status|p1a: Mightyena|par|[from] ability: Static|[of] p2a: Ampharos\n|move|p2a: Ampharos|Discharge|p1a: Mightyena\n|-damage|p1a: Mightyena|59/100 par\n|\n|upkeep\n|turn|8\n|inactive|Time left: 300 sec this turn | 300 sec total\n|\n|t:|1783568674\n|move|p1a: Mightyena|Sucker Punch|p2a: Ampharos\n|-damage|p2a: Ampharos|31/302\n|move|p2a: Ampharos|Discharge|p1a: Mightyena\n|-damage|p1a: Mightyena|13/100 par\n|\n|upkeep\n|turn|9\n|inactive|Time left: 300 sec this turn | 300 sec total\n|\n|t:|1783568675\n|move|p1a: Mightyena|Sucker Punch|p2a: Ampharos\n|-damage|p2a: Ampharos|0 fnt\n|faint|p2a: Ampharos\n|\n|upkeep\n|inactive|Time left: 300 sec this turn | 300 sec total | 5 sec grace\n|\n|t:|1783568675\n|switch|p2a: Mismagius|Mismagius, L86, F|243/243\n|turn|10\n|inactive|Time left: 300 sec this turn | 300 sec total\n|\n|t:|1783568676\n|cant|p1a: Mightyena|par\n|move|p2a: Mismagius|Nasty Plot|p2a: Mismagius\n|-boost|p2a: Mismagius|spa|2\n|\n|upkeep\n|turn|11\n|inactive|Time left: 300 sec this turn | 300 sec total\n|\n|t:|1783568677\n|move|p1a: Mightyena|Sucker Punch||[still]\n|-fail|p1a: Mightyena\n|move|p2a: Mismagius|Substitute|p2a: Mismagius\n|-start|p2a: Mismagius|Substitute\n|-damage|p2a: Mismagius|183/243\n|\n|-heal|p2a: Mismagius|198/243|[from] item: Leftovers\n|upkeep\n|turn|12\n|inactive|Time left: 300 sec this turn | 300 sec total\n|\n|t:|1783568678\n|cant|p1a: Mightyena|par\n|move|p2a: Mismagius|Nasty Plot|p2a: Mismagius\n|-boost|p2a: Mismagius|spa|2\n|\n|-heal|p2a: Mismagius|213/243|[from] item: Leftovers\n|upkeep\n|turn|13\n|inactive|Time left: 300 sec this turn | 300 sec total\n|\n|t:|1783568678\n|move|p1a: Mightyena|Sucker Punch|p2a: Mismagius\n|-supereffective|p2a: Mismagius\n|-end|p2a: Mismagius|Substitute\n|move|p2a: Mismagius|Tera Blast|p1a: Mightyena\n|-damage|p1a: Mightyena|0 fnt\n|faint|p1a: Mightyena\n|\n|-heal|p2a: Mismagius|228/243|[from] item: Leftovers\n|upkeep\n|\n|t:|1783568679\n|switch|p1a: Tatsugiri|Tatsugiri, L87, F|100/100\n|turn|14\n|inactive|Time left: 300 sec this turn | 300 sec total\n|\n|t:|1783568680\n|move|p2a: Mismagius|Shadow Ball|p1a: Tatsugiri\n|-damage|p1a: Tatsugiri|7/100\n|-unboost|p1a: Tatsugiri|spd|1\n|move|p1a: Tatsugiri|Hydro Pump|p2a: Mismagius\n|-damage|p2a: Mismagius|110/243\n|\n|-heal|p2a: Mismagius|125/243|[from] item: Leftovers\n|upkeep\n|turn|15\n|inactive|Time left: 300 sec this turn | 300 sec total\n|\n|t:|1783568681\n|move|p2a: Mismagius|Shadow Ball|p1a: Tatsugiri\n|-damage|p1a: Tatsugiri|0 fnt\n|faint|p1a: Tatsugiri\n|\n|-heal|p2a: Mismagius|140/243|[from] item: Leftovers\n|upkeep\n|\n|t:|1783568683\n|switch|p1a: Corviknight|Corviknight, L80, M|100/100\n|-ability|p1a: Corviknight|Pressure\n|turn|16\n|inactive|Time left: 300 sec this turn | 300 sec total\n|\n|t:|1783568683\n|move|p2a: Mismagius|Shadow Ball|p1a: Corviknight\n|-damage|p1a: Corviknight|0 fnt\n|faint|p1a: Corviknight\n|\n|-heal|p2a: Mismagius|155/243|[from] item: Leftovers\n|upkeep\n|\n|t:|1783568684\n|switch|p1a: Heracross|Heracross, L80, M|100/100\n|turn|17\n|inactive|Time left: 300 sec this turn | 300 sec total\n|\n|t:|1783568685\n|move|p2a: Mismagius|Shadow Ball|p1a: Heracross\n|-damage|p1a: Heracross|0 fnt\n|faint|p1a: Heracross\n|\n|win|p0y2472ea11", "uploadtime": 1783568685, "views": 0, "rating": 0, "private": 0, "password": null, "_winner": "p0y2472ea11", "_our_name": "p0y2472ea11"}