{"id": "battle-gen9randombattle-306", "formatid": "gen9randombattle", "format": "[Gen 9] Random Battle", "players": ["p0x0041863", "p0y0045a88"], "log": "|init|battle\n|title|p0x0041863 vs. p0y0045a88\n|j|\u2606p0x0041863\n|j|\u2606p0y0045a88\n|t:|1783393147\n|gametype|singles\n|player|p1|p0x0041863|1|\n|player|p2|p0y0045a88|102|\n|gen|9\n|tier|[Gen 9] Random Battle\n|rule|Species Clause: Limit one of each Pok\u00e9mon\n|rule|HP Percentage Mod: HP is shown in percentages\n|rule|Sleep Clause Mod: Limit one foe put to sleep\n|rule|Illusion Level Mod: Illusion disguises the Pok\u00e9mon's true level\n|\n|t:|1783393147\n|teamsize|p1|6\n|teamsize|p2|6\n|start\n|switch|p1a: Meowstic|Meowstic-F, L89, F|100/100\n|switch|p2a: Flapple|Flapple, L88, F|266/266\n|turn|1\n|inactive|Battle timer is ON: inactive players will automatically lose when time's up. (requested by p0x0041863)\n|inactive|Time left: 300 sec this turn | 300 sec total | 60 sec grace\n|html|<div class=\"message-error\">You must be registered to chat in temporary rooms (like battles).</div>You may register in the <button name=\"openOptions\"><i class=\"fa fa-cog\"></i> Options</button> menu.\n|inactive|p0y0045a88 also wants the timer to be on.\n|\n|t:|1783393148\n|move|p1a: Meowstic|Alluring Voice|p2a: Flapple\n|-supereffective|p2a: Flapple\n|-damage|p2a: Flapple|68/266\n|-damage|p1a: Meowstic|91/100|[from] item: Life Orb\n|move|p2a: Flapple|Dragon Dance|p2a: Flapple\n|-boost|p2a: Flapple|atk|1\n|-boost|p2a: Flapple|spe|1\n|\n|upkeep\n|turn|2\n|inactive|Time left: 300 sec this turn | 300 sec total\n|\n|t:|1783393148\n|switch|p1a: Deoxys|Deoxys-Defense, L84|100/100\n|-ability|p1a: Deoxys|Pressure\n|move|p2a: Flapple|Outrage|p1a: Deoxys\n|-damage|p1a: Deoxys|0 fnt\n|faint|p1a: Deoxys\n|\n|upkeep\n|\n|t:|1783393148\n|switch|p1a: Wugtrio|Wugtrio, L91, F|100/100\n|turn|3\n|inactive|Time left: 300 sec this turn | 300 sec total\n|\n|t:|1783393148\n|move|p1a: Wugtrio|Throat Chop|p2a: Flapple\n|-damage|p2a: Flapple|0 fnt\n|faint|p2a: Flapple\n|\n|upkeep\n|inactive|Time left: 300 sec this turn | 300 sec total | 5 sec grace\n|\n|t:|1783393148\n|switch|p2a: Seviper|Seviper, L93, F|287/287\n|turn|4\n|inactive|Time left: 300 sec this turn | 300 sec total\n|\n|t:|1783393149\n|move|p1a: Wugtrio|Throat Chop|p2a: Seviper\n|-damage|p2a: Seviper|171/287\n|-start|p2a: Seviper|Throat Chop|[silent]\n|move|p2a: Seviper|Swords Dance|p2a: Seviper\n|-boost|p2a: Seviper|atk|2\n|\n|-heal|p2a: Seviper|188/287|[from] item: Leftovers\n|upkeep\n|turn|5\n|inactive|Time left: 300 sec this turn | 300 sec total\n|\n|t:|1783393149\n|move|p1a: Wugtrio|Throat Chop|p2a: Seviper\n|-damage|p2a: Seviper|58/287\n|move|p2a: Seviper|Earthquake|p1a: Wugtrio\n|-damage|p1a: Wugtrio|0 fnt\n|faint|p1a: Wugtrio\n|\n|-heal|p2a: Seviper|75/287|[from] item: Leftovers\n|-end|p2a: Seviper|Throat Chop|[silent]\n|upkeep\n|\n|t:|1783393149\n|switch|p1a: Meganium|Meganium, L90, M|100/100\n|turn|6\n|inactive|Time left: 300 sec this turn | 300 sec total\n|\n|t:|1783393149\n|switch|p2a: Glastrier|Glastrier, L86|312/312\n|move|p1a: Meganium|Knock Off|p2a: Glastrier\n|-crit|p2a: Glastrier\n|-damage|p2a: Glastrier|243/312\n|-enditem|p2a: Glastrier|Heavy-Duty Boots|[from] move: Knock Off|[of] p1a: Meganium\n|\n|upkeep\n|turn|7\n|inactive|Time left: 300 sec this turn | 300 sec total\n|\n|t:|1783393150\n|-terastallize|p1a: Meganium|Water\n|move|p1a: Meganium|Swords Dance|p1a: Meganium\n|-boost|p1a: Meganium|atk|2\n|move|p2a: Glastrier|Swords Dance|p2a: Glastrier\n|-boost|p2a: Glastrier|atk|2\n|\n|upkeep\n|turn|8\n|inactive|Time left: 300 sec this turn | 300 sec total\n|\n|t:|1783393150\n|-terastallize|p2a: Glastrier|Fighting\n|move|p1a: Meganium|Petal Blizzard|p2a: Glastrier\n|-damage|p2a: Glastrier|104/312\n|move|p2a: Glastrier|Close Combat|p1a: Meganium\n|-damage|p1a: Meganium|2/100\n|-unboost|p2a: Glastrier|def|1\n|-unboost|p2a: Glastrier|spd|1\n|\n|-heal|p1a: Meganium|8/100|[from] item: Leftovers\n|upkeep\n|turn|9\n|inactive|Time left: 300 sec this turn | 300 sec total\n|\n|t:|1783393150\n|switch|p2a: Mimikyu|Mimikyu, L79, F|216/216\n|move|p1a: Meganium|Petal Blizzard|p2a: Mimikyu\n|-activate|p2a: Mimikyu|ability: Disguise\n|-damage|p2a: Mimikyu|216/216\n|detailschange|p2a: Mimikyu|Mimikyu-Busted, L79, F\n|-damage|p2a: Mimikyu|189/216|[from] pokemon: Mimikyu-Busted\n|\n|-heal|p1a: Meganium|14/100|[from] item: Leftovers\n|upkeep\n|turn|10\n|inactive|Time left: 300 sec this turn | 300 sec total\n|\n|t:|1783393150\n|move|p2a: Mimikyu|Drain Punch|p1a: Meganium\n|-damage|p1a: Meganium|0 fnt\n|-heal|p2a: Mimikyu|209/216|[from] drain|[of] p1a: Meganium\n|faint|p1a: Meganium\n|-damage|p2a: Mimikyu|188/216|[from] item: Life Orb\n|\n|upkeep\n|\n|t:|1783393151\n|switch|p1a: Meowstic|Meowstic-F, L89, F|91/100\n|turn|11\n|inactive|Time left: 300 sec this turn | 300 sec total\n|\n|t:|1783393151\n|move|p1a: Meowstic|Nasty Plot|p1a: Meowstic\n|-boost|p1a: Meowstic|spa|2\n|move|p2a: Mimikyu|Play Rough|p1a: Meowstic\n|-damage|p1a: Meowstic|47/100\n|-damage|p2a: Mimikyu|167/216|[from] item: Life Orb\n|\n|upkeep\n|turn|12\n|inactive|Time left: 300 sec this turn | 300 sec total\n|\n|t:|1783393151\n|switch|p2a: Bronzong|Bronzong, L88|261/261\n|move|p1a: Meowstic|Psychic|p2a: Bronzong\n|-resisted|p2a: Bronzong\n|-damage|p2a: Bronzong|218/261\n|-damage|p1a: Meowstic|37/100|[from] item: Life Orb\n|\n|-heal|p2a: Bronzong|234/261|[from] item: Leftovers\n|upkeep\n|turn|13\n|inactive|Time left: 300 sec this turn | 300 sec total\n|\n|t:|1783393151\n|move|p1a: Meowstic|Dark Pulse|p2a: Bronzong\n|-supereffective|p2a: Bronzong\n|-damage|p2a: Bronzong|23/261\n|-damage|p1a: Meowstic|28/100|[from] item: Life Orb\n|move|p2a: Bronzong|Earthquake|p1a: Meowstic\n|-damage|p1a: Meowstic|0 fnt\n|faint|p1a: Meowstic\n|\n|-heal|p2a: Bronzong|39/261|[from] item: Leftovers\n|upkeep\n|\n|t:|1783393152\n|switch|p1a: Walking Wake|Walking Wake, L79|100/100\n|turn|14\n|inactive|Time left: 300 sec this turn | 300 sec total\n|\n|t:|1783393152\n|move|p1a: Walking Wake|Hydro Pump|p2a: Bronzong\n|-damage|p2a: Bronzong|0 fnt\n|faint|p2a: Bronzong\n|\n|upkeep\n|inactive|Time left: 300 sec this turn | 300 sec total | 5 sec grace\n|\n|t:|1783393152\n|switch|p2a: Gengar|Gengar, L81, M|230/230\n|turn|15\n|inactive|Time left: 300 sec this turn | 300 sec total\n|\n|t:|1783393152\n|move|p2a: Gengar|Sludge Wave|p1a: Walking Wake\n|-damage|p1a: Walking Wake|44/100\n|-damage|p2a: Gengar|207/230|[from] item: Life Orb\n|move|p1a: Walking Wake|Hydro Pump|p2a: Gengar\n|-damage|p2a: Gengar|0 fnt\n|faint|p2a: Gengar\n|\n|upkeep\n|inactive|Time left: 300 sec this turn | 300 sec total | 5 sec grace\n|\n|t:|1783393153\n|switch|p2a: Mimikyu|Mimikyu-Busted, L79, F|167/216\n|turn|16\n|inactive|Time left: 300 sec this turn | 300 sec total\n|\n|t:|1783393153\n|move|p1a: Walking Wake|Hydro Pump|p2a: Mimikyu\n|-damage|p2a: Mimikyu|0 fnt\n|faint|p2a: Mimikyu\n|\n|upkeep\n|inactive|Time left: 300 sec this turn | 300 sec total | 5 sec grace\n|\n|t:|1783393153\n|switch|p2a: Seviper|Seviper, L93, F|75/287\n|turn|17\n|inactive|Time left: 300 sec this turn | 300 sec total\n|\n|t:|1783393153\n|move|p1a: Walking Wake|Hydro Pump|p2a: Seviper\n|-damage|p2a: Seviper|0 fnt\n|faint|p2a: Seviper\n|\n|upkeep\n|inactive|Time left: 300 sec this turn | 300 sec total | 5 sec grace\n|\n|t:|1783393154\n|switch|p2a: Glastrier|Glastrier, L86, tera:Fighting|104/312\n|turn|18\n|inactive|Time left: 300 sec this turn | 300 sec total\n|\n|t:|1783393154\n|move|p1a: Walking Wake|Hydro Pump|p2a: Glastrier\n|-damage|p2a: Glastrier|0 fnt\n|faint|p2a: Glastrier\n|\n|win|p0x0041863", "uploadtime": 1783393154, "views": 0, "rating": 0, "private": 0, "password": null, "_winner": "p0x0041863", "_our_name": "p0y0045a88"}