{"id": "battle-gen9randombattle-2463", "formatid": "gen9randombattle", "format": "[Gen 9] Random Battle", "players": ["p0x2463d62c", "p0y24635b96"], "log": "|init|battle\n|title|p0x2463d62c vs. p0y24635b96\n|j|\u2606p0x2463d62c\n|j|\u2606p0y24635b96\n|t:|1783568551\n|gametype|singles\n|player|p1|p0x2463d62c|2|\n|player|p2|p0y24635b96|2|\n|gen|9\n|tier|[Gen 9] Random Battle\n|rule|Species Clause: Limit one of each Pok\u00e9mon\n|rule|HP Percentage Mod: HP is shown in percentages\n|rule|Sleep Clause Mod: Limit one foe put to sleep\n|rule|Illusion Level Mod: Illusion disguises the Pok\u00e9mon's true level\n|\n|t:|1783568551\n|teamsize|p1|6\n|teamsize|p2|6\n|start\n|switch|p1a: Oricorio|Oricorio-Pom-Pom, L82, F|257/257\n|switch|p2a: Alomomola|Alomomola, L87, F|100/100\n|turn|1\n|inactive|Battle timer is ON: inactive players will automatically lose when time's up. (requested by p0y24635b96)\n|inactive|Time left: 300 sec this turn | 300 sec total | 60 sec grace\n|inactive|p0x2463d62c also wants the timer to be on.\n|\n|t:|1783568552\n|move|p1a: Oricorio|Quiver Dance|p1a: Oricorio\n|-boost|p1a: Oricorio|spa|1\n|-boost|p1a: Oricorio|spd|1\n|-boost|p1a: Oricorio|spe|1\n|move|p2a: Alomomola|Flip Turn|p1a: Oricorio\n|-damage|p1a: Oricorio|188/257\n|\n|t:|1783568553\n|switch|p2a: Grumpig|Grumpig, L92, F|100/100|[from] Flip Turn\n|\n|upkeep\n|turn|2\n|inactive|Time left: 300 sec this turn | 300 sec total\n|\n|t:|1783568555\n|move|p1a: Oricorio|Quiver Dance|p1a: Oricorio\n|-boost|p1a: Oricorio|spa|1\n|-boost|p1a: Oricorio|spd|1\n|-boost|p1a: Oricorio|spe|1\n|move|p2a: Grumpig|Psyshock|p1a: Oricorio\n|-damage|p1a: Oricorio|76/257\n|\n|upkeep\n|turn|3\n|inactive|Time left: 300 sec this turn | 300 sec total\n|\n|t:|1783568556\n|move|p1a: Oricorio|Roost|p1a: Oricorio\n|-heal|p1a: Oricorio|205/257\n|-singleturn|p1a: Oricorio|move: Roost\n|move|p2a: Grumpig|Psyshock|p1a: Oricorio\n|-damage|p1a: Oricorio|90/257\n|\n|upkeep\n|turn|4\n|inactive|Time left: 300 sec this turn | 300 sec total\n|\n|t:|1783568557\n|move|p1a: Oricorio|Roost|p1a: Oricorio\n|-heal|p1a: Oricorio|219/257\n|-singleturn|p1a: Oricorio|move: Roost\n|move|p2a: Grumpig|Psyshock|p1a: Oricorio\n|-damage|p1a: Oricorio|96/257\n|\n|upkeep\n|turn|5\n|inactive|Time left: 300 sec this turn | 300 sec total\n|\n|t:|1783568558\n|move|p1a: Oricorio|Roost|p1a: Oricorio\n|-heal|p1a: Oricorio|225/257\n|-singleturn|p1a: Oricorio|move: Roost\n|move|p2a: Grumpig|Psyshock|p1a: Oricorio\n|-damage|p1a: Oricorio|119/257\n|\n|upkeep\n|turn|6\n|inactive|Time left: 300 sec this turn | 300 sec total\n|\n|t:|1783568559\n|move|p1a: Oricorio|Roost|p1a: Oricorio\n|-heal|p1a: Oricorio|248/257\n|-singleturn|p1a: Oricorio|move: Roost\n|move|p2a: Grumpig|Psyshock|p1a: Oricorio\n|-damage|p1a: Oricorio|131/257\n|\n|upkeep\n|turn|7\n|inactive|Time left: 300 sec this turn | 300 sec total\n|\n|t:|1783568560\n|move|p1a: Oricorio|Roost|p1a: Oricorio\n|-heal|p1a: Oricorio|257/257\n|-singleturn|p1a: Oricorio|move: Roost\n|move|p2a: Grumpig|Psyshock|p1a: Oricorio\n|-damage|p1a: Oricorio|133/257\n|\n|upkeep\n|turn|8\n|inactive|Time left: 300 sec this turn | 300 sec total\n|\n|t:|1783568561\n|move|p1a: Oricorio|Roost|p1a: Oricorio\n|-heal|p1a: Oricorio|257/257\n|-singleturn|p1a: Oricorio|move: Roost\n|move|p2a: Grumpig|Psyshock|p1a: Oricorio\n|-damage|p1a: Oricorio|140/257\n|\n|upkeep\n|turn|9\n|inactive|Time left: 300 sec this turn | 300 sec total\n|\n|t:|1783568563\n|move|p1a: Oricorio|Roost|p1a: Oricorio\n|-heal|p1a: Oricorio|257/257\n|-singleturn|p1a: Oricorio|move: Roost\n|move|p2a: Grumpig|Psyshock|p1a: Oricorio\n|-damage|p1a: Oricorio|146/257\n|\n|upkeep\n|turn|10\n|inactive|Time left: 300 sec this turn | 300 sec total\n|\n|t:|1783568564\n|move|p1a: Oricorio|Hurricane|p2a: Grumpig\n|-damage|p2a: Grumpig|47/100\n|move|p2a: Grumpig|Psyshock|p1a: Oricorio\n|-damage|p1a: Oricorio|25/257\n|\n|upkeep\n|turn|11\n|inactive|Time left: 300 sec this turn | 300 sec total\n|\n|t:|1783568565\n|move|p1a: Oricorio|Hurricane|p2a: Grumpig\n|-damage|p2a: Grumpig|0 fnt\n|faint|p2a: Grumpig\n|\n|upkeep\n|\n|t:|1783568566\n|switch|p2a: Lucario|Lucario, L84, M|100/100\n|turn|12\n|inactive|Time left: 300 sec this turn | 300 sec total\n|\n|t:|1783568567\n|-terastallize|p2a: Lucario|Fighting\n|move|p2a: Lucario|Vacuum Wave|p1a: Oricorio\n|-resisted|p1a: Oricorio\n|-damage|p1a: Oricorio|0 fnt\n|faint|p1a: Oricorio\n|-damage|p2a: Lucario|91/100|[from] item: Life Orb\n|\n|upkeep\n|inactive|Time left: 300 sec this turn | 300 sec total | 5 sec grace\n|\n|t:|1783568568\n|switch|p1a: Mewtwo|Mewtwo, L72|272/272\n|-ability|p1a: Mewtwo|Unnerve\n|turn|13\n|inactive|Time left: 300 sec this turn | 300 sec total\n|\n|t:|1783568570\n|switch|p2a: Alomomola|Alomomola, L87, F|100/100\n|move|p1a: Mewtwo|Nasty Plot|p1a: Mewtwo\n|-boost|p1a: Mewtwo|spa|2\n|\n|upkeep\n|turn|14\n|inactive|Time left: 300 sec this turn | 300 sec total\n|\n|t:|1783568571\n|move|p1a: Mewtwo|Psystrike|p2a: Alomomola\n|-crit|p2a: Alomomola\n|-damage|p2a: Alomomola|0 fnt\n|faint|p2a: Alomomola\n|-damage|p1a: Mewtwo|245/272|[from] item: Life Orb\n|\n|upkeep\n|\n|t:|1783568572\n|switch|p2a: Spectrier|Spectrier, L75|100/100\n|turn|15\n|inactive|Time left: 300 sec this turn | 300 sec total\n|\n|t:|1783568573\n|-terastallize|p1a: Mewtwo|Fighting\n|move|p2a: Spectrier|Substitute|p2a: Spectrier\n|-start|p2a: Spectrier|Substitute\n|-damage|p2a: Spectrier|76/100\n|move|p1a: Mewtwo|Psystrike|p2a: Spectrier\n|-end|p2a: Spectrier|Substitute\n|-damage|p1a: Mewtwo|218/272|[from] item: Life Orb\n|\n|-heal|p2a: Spectrier|82/100|[from] item: Leftovers\n|upkeep\n|turn|16\n|inactive|Time left: 300 sec this turn | 300 sec total\n|\n|t:|1783568574\n|move|p2a: Spectrier|Substitute|p2a: Spectrier\n|-start|p2a: Spectrier|Substitute\n|-damage|p2a: Spectrier|57/100\n|move|p1a: Mewtwo|Psystrike|p2a: Spectrier\n|-end|p2a: Spectrier|Substitute\n|-damage|p1a: Mewtwo|191/272|[from] item: Life Orb\n|\n|-heal|p2a: Spectrier|63/100|[from] item: Leftovers\n|upkeep\n|turn|17\n|inactive|Time left: 300 sec this turn | 300 sec total\n|\n|t:|1783568574\n|move|p2a: Spectrier|Substitute|p2a: Spectrier\n|-start|p2a: Spectrier|Substitute\n|-damage|p2a: Spectrier|38/100\n|move|p1a: Mewtwo|Psystrike|p2a: Spectrier\n|-end|p2a: Spectrier|Substitute\n|-damage|p1a: Mewtwo|164/272|[from] item: Life Orb\n|\n|-heal|p2a: Spectrier|45/100|[from] item: Leftovers\n|upkeep\n|turn|18\n|inactive|Time left: 300 sec this turn | 300 sec total\n|\n|t:|1783568575\n|move|p2a: Spectrier|Substitute|p2a: Spectrier\n|-start|p2a: Spectrier|Substitute\n|-damage|p2a: Spectrier|20/100\n|move|p1a: Mewtwo|Psystrike|p2a: Spectrier\n|-end|p2a: Spectrier|Substitute\n|-damage|p1a: Mewtwo|137/272|[from] item: Life Orb\n|\n|-heal|p2a: Spectrier|26/100|[from] item: Leftovers\n|upkeep\n|turn|19\n|inactive|Time left: 300 sec this turn | 300 sec total\n|\n|t:|1783568576\n|move|p2a: Spectrier|Substitute|p2a: Spectrier\n|-start|p2a: Spectrier|Substitute\n|-damage|p2a: Spectrier|1/100\n|move|p1a: Mewtwo|Recover|p1a: Mewtwo\n|-heal|p1a: Mewtwo|272/272\n|\n|-heal|p2a: Spectrier|7/100|[from] item: Leftovers\n|upkeep\n|turn|20\n|inactive|Time left: 300 sec this turn | 300 sec total\n|\n|t:|1783568577\n|move|p2a: Spectrier|Nasty Plot|p2a: Spectrier\n|-boost|p2a: Spectrier|spa|2\n|move|p1a: Mewtwo|Psystrike|p2a: Spectrier\n|-end|p2a: Spectrier|Substitute\n|-damage|p1a: Mewtwo|245/272|[from] item: Life Orb\n|\n|-heal|p2a: Spectrier|14/100|[from] item: Leftovers\n|upkeep\n|turn|21\n|inactive|Time left: 300 sec this turn | 300 sec total\n|\n|t:|1783568578\n|move|p2a: Spectrier|Shadow Ball|p1a: Mewtwo\n|-damage|p1a: Mewtwo|32/272\n|move|p1a: Mewtwo|Psystrike|p2a: Spectrier\n|-damage|p2a: Spectrier|0 fnt\n|faint|p2a: Spectrier\n|-damage|p1a: Mewtwo|5/272|[from] item: Life Orb\n|\n|upkeep\n|\n|t:|1783568579\n|switch|p2a: Lucario|Lucario, L84, M, tera:Fighting|91/100\n|turn|22\n|inactive|Time left: 300 sec this turn | 300 sec total\n|\n|t:|1783568580\n|move|p2a: Lucario|Vacuum Wave|p1a: Mewtwo\n|-damage|p1a: Mewtwo|0 fnt\n|faint|p1a: Mewtwo\n|-damage|p2a: Lucario|81/100|[from] item: Life Orb\n|\n|upkeep\n|inactive|Time left: 300 sec this turn | 300 sec total | 5 sec grace\n|\n|t:|1783568581\n|switch|p1a: Plusle|Plusle, L95, F|268/268\n|turn|23\n|inactive|Time left: 300 sec this turn | 300 sec total\n|\n|t:|1783568582\n|move|p1a: Plusle|Alluring Voice|p2a: Lucario\n|-supereffective|p2a: Lucario\n|-damage|p2a: Lucario|0 fnt\n|faint|p2a: Lucario\n|-damage|p1a: Plusle|242/268|[from] item: Life Orb\n|\n|upkeep\n|\n|t:|1783568583\n|switch|p2a: Rampardos|Rampardos, L90, F|100/100\n|turn|24\n|inactive|Time left: 300 sec this turn | 300 sec total\n|\n|t:|1783568584\n|move|p1a: Plusle|Grass Knot|p2a: Rampardos\n|-supereffective|p2a: Rampardos\n|-damage|p2a: Rampardos|6/100\n|-damage|p1a: Plusle|216/268|[from] item: Life Orb\n|move|p2a: Rampardos|Earthquake|p1a: Plusle\n|-supereffective|p1a: Plusle\n|-damage|p1a: Plusle|0 fnt\n|faint|p1a: Plusle\n|-damage|p2a: Rampardos|0 fnt|[from] item: Life Orb\n|faint|p2a: Rampardos\n|\n|upkeep\n|inactive|Time left: 300 sec this turn | 300 sec total | 5 sec grace\n|\n|t:|1783568585\n|switch|p1a: Heatran|Heatran, L79, M|273/273\n|switch|p2a: Eternatus|Eternatus, L69|100/100\n|-ability|p2a: Eternatus|Pressure\n|-item|p1a: Heatran|Air Balloon\n|turn|25\n|inactive|Time left: 300 sec this turn | 300 sec total\n|\n|t:|1783568586\n|move|p2a: Eternatus|Dynamax Cannon|p1a: Heatran\n|-resisted|p1a: Heatran\n|-damage|p1a: Heatran|230/273\n|-enditem|p1a: Heatran|Air Balloon\n|move|p1a: Heatran|Earth Power|p2a: Eternatus\n|-supereffective|p2a: Eternatus\n|-damage|p2a: Eternatus|47/100\n|\n|upkeep\n|turn|26\n|inactive|Time left: 300 sec this turn | 300 sec total\n|\n|t:|1783568587\n|move|p2a: Eternatus|Recover|p2a: Eternatus\n|-heal|p2a: Eternatus|97/100\n|move|p1a: Heatran|Earth Power|p2a: Eternatus\n|-supereffective|p2a: Eternatus\n|-damage|p2a: Eternatus|45/100\n|\n|upkeep\n|turn|27\n|inactive|Time left: 300 sec this turn | 300 sec total\n|\n|t:|1783568588\n|move|p2a: Eternatus|Recover|p2a: Eternatus\n|-heal|p2a: Eternatus|95/100\n|move|p1a: Heatran|Earth Power|p2a: Eternatus\n|-supereffective|p2a: Eternatus\n|-damage|p2a: Eternatus|46/100\n|\n|upkeep\n|turn|28\n|inactive|Time left: 300 sec this turn | 300 sec total\n|\n|t:|1783568589\n|move|p2a: Eternatus|Recover|p2a: Eternatus\n|-heal|p2a: Eternatus|96/100\n|move|p1a: Heatran|Earth Power|p2a: Eternatus\n|-supereffective|p2a: Eternatus\n|-damage|p2a: Eternatus|41/100\n|\n|upkeep\n|turn|29\n|inactive|Time left: 300 sec this turn | 300 sec total\n|\n|t:|1783568590\n|switch|p1a: Granbull|Granbull, L88, F|302/302\n|-ability|p1a: Granbull|Intimidate|boost\n|-unboost|p2a: Eternatus|atk|1\n|move|p2a: Eternatus|Recover|p2a: Eternatus\n|-heal|p2a: Eternatus|91/100\n|\n|upkeep\n|turn|30\n|inactive|Time left: 300 sec this turn | 300 sec total\n|\n|t:|1783568591\n|move|p2a: Eternatus|Sludge Bomb|p1a: Granbull\n|-supereffective|p1a: Granbull\n|-damage|p1a: Granbull|60/302\n|-status|p1a: Granbull|psn\n|move|p1a: Granbull|Earthquake|p2a: Eternatus\n|-supereffective|p2a: Eternatus\n|-damage|p2a: Eternatus|17/100\n|\n|-heal|p1a: Granbull|78/302 psn|[from] item: Leftovers\n|-damage|p1a: Granbull|41/302 psn|[from] psn\n|upkeep\n|turn|31\n|inactive|Time left: 300 sec this turn | 300 sec total\n|\n|t:|1783568592\n|move|p2a: Eternatus|Recover|p2a: Eternatus\n|-heal|p2a: Eternatus|67/100\n|move|p1a: Granbull|Earthquake|p2a: Eternatus\n|-supereffective|p2a: Eternatus\n|-damage|p2a: Eternatus|0 fnt\n|faint|p2a: Eternatus\n|\n|win|p0x2463d62c", "uploadtime": 1783568592, "views": 0, "rating": 0, "private": 0, "password": null, "_winner": "p0x2463d62c", "_our_name": "p0x2463d62c"}