{"id": "battle-gen9randombattle-1540", "formatid": "gen9randombattle", "format": "[Gen 9] Random Battle", "players": ["p0x15405936", "p0y1540c725"], "log": "|init|battle\n|title|p0x15405936 vs. p0y1540c725\n|j|\u2606p0x15405936\n|j|\u2606p0y1540c725\n|t:|1783557005\n|gametype|singles\n|player|p1|p0x15405936|266|\n|player|p2|p0y1540c725|169|\n|gen|9\n|tier|[Gen 9] Random Battle\n|rule|Species Clause: Limit one of each Pok\u00e9mon\n|rule|HP Percentage Mod: HP is shown in percentages\n|rule|Sleep Clause Mod: Limit one foe put to sleep\n|rule|Illusion Level Mod: Illusion disguises the Pok\u00e9mon's true level\n|\n|t:|1783557005\n|teamsize|p1|6\n|teamsize|p2|6\n|start\n|switch|p1a: Froslass|Froslass, L87, F|263/263\n|switch|p2a: Minun|Minun, L95, F|100/100\n|turn|1\n|inactive|Battle timer is ON: inactive players will automatically lose when time's up. (requested by p0y1540c725)\n|inactive|Time left: 300 sec this turn | 300 sec total | 60 sec grace\n|inactive|p0x15405936 also wants the timer to be on.\n|\n|t:|1783557006\n|move|p1a: Froslass|Triple Axel|p2a: Minun\n|-damage|p2a: Minun|91/100\n|-damage|p2a: Minun|72/100\n|-damage|p2a: Minun|42/100\n|-hitcount|p2a: Minun|3\n|move|p2a: Minun|Nasty Plot|p2a: Minun\n|-boost|p2a: Minun|spa|2\n|\n|upkeep\n|turn|2\n|inactive|Time left: 300 sec this turn | 300 sec total\n|\n|t:|1783557008\n|switch|p2a: Archaludon|Archaludon, L78, F|100/100\n|move|p1a: Froslass|Poltergeist|p2a: Archaludon\n|-activate|p2a: Archaludon|move: Poltergeist|Assault Vest\n|-crit|p2a: Archaludon\n|-damage|p2a: Archaludon|55/100\n|-ability|p2a: Archaludon|Stamina|boost\n|-boost|p2a: Archaludon|def|1\n|\n|upkeep\n|turn|3\n|inactive|Time left: 300 sec this turn | 300 sec total\n|\n|t:|1783557009\n|switch|p1a: Gastrodon|Gastrodon-East, L86, M|331/331\n|move|p2a: Archaludon|Flash Cannon|p1a: Gastrodon\n|-resisted|p1a: Gastrodon\n|-damage|p1a: Gastrodon|286/331\n|\n|-heal|p1a: Gastrodon|306/331|[from] item: Leftovers\n|upkeep\n|turn|4\n|inactive|Time left: 300 sec this turn | 300 sec total\n|\n|t:|1783557010\n|move|p2a: Archaludon|Body Press|p1a: Gastrodon\n|-crit|p1a: Gastrodon\n|-damage|p1a: Gastrodon|139/331\n|move|p1a: Gastrodon|Stealth Rock|p2a: Archaludon\n|-sidestart|p2: p0y1540c725|move: Stealth Rock\n|\n|-heal|p1a: Gastrodon|159/331|[from] item: Leftovers\n|upkeep\n|turn|5\n|inactive|Time left: 300 sec this turn | 300 sec total\n|\n|t:|1783557011\n|move|p1a: Gastrodon|Recover|p1a: Gastrodon\n|-heal|p1a: Gastrodon|325/331\n|move|p2a: Archaludon|Dragon Tail|p1a: Gastrodon|[miss]\n|-miss|p2a: Archaludon|p1a: Gastrodon\n|\n|-heal|p1a: Gastrodon|331/331|[from] item: Leftovers\n|upkeep\n|turn|6\n|inactive|Time left: 300 sec this turn | 300 sec total\n|\n|t:|1783557012\n|switch|p2a: Masquerain|Masquerain, L87, F|100/100\n|-ability|p2a: Masquerain|Intimidate|boost\n|-unboost|p1a: Gastrodon|atk|1\n|move|p1a: Gastrodon|Earthquake|p2a: Masquerain\n|-immune|p2a: Masquerain\n|\n|upkeep\n|turn|7\n|inactive|Time left: 300 sec this turn | 300 sec total\n|\n|t:|1783557013\n|switch|p1a: Arcanine|Arcanine-Hisui, L79, F|279/279\n|move|p2a: Masquerain|Sticky Web|p1a: Arcanine\n|-sidestart|p1: p0x15405936|move: Sticky Web\n|\n|upkeep\n|turn|8\n|inactive|Time left: 300 sec this turn | 300 sec total\n|\n|t:|1783557014\n|switch|p2a: Golduck|Golduck, L90, F|100/100\n|-damage|p2a: Golduck|88/100|[from] Stealth Rock\n|-ability|p2a: Golduck|Cloud Nine\n|move|p1a: Arcanine|Flare Blitz|p2a: Golduck\n|-resisted|p2a: Golduck\n|-damage|p2a: Golduck|56/100\n|\n|upkeep\n|turn|9\n|inactive|Time left: 300 sec this turn | 300 sec total\n|\n|t:|1783557015\n|move|p2a: Golduck|Hydro Pump|p1a: Arcanine\n|-supereffective|p1a: Arcanine\n|-damage|p1a: Arcanine|0 fnt\n|faint|p1a: Arcanine\n|\n|upkeep\n|inactive|Time left: 300 sec this turn | 300 sec total | 5 sec grace\n|\n|t:|1783557017\n|switch|p1a: Spidops|Spidops, L96, F|271/271\n|turn|10\n|inactive|Time left: 300 sec this turn | 300 sec total\n|\n|t:|1783557018\n|move|p2a: Golduck|Hydro Pump|p1a: Spidops\n|-damage|p1a: Spidops|103/271\n|move|p1a: Spidops|Sticky Web|p2a: Golduck\n|-sidestart|p2: p0y1540c725|move: Sticky Web\n|\n|upkeep\n|turn|11\n|inactive|Time left: 300 sec this turn | 300 sec total\n|\n|t:|1783557019\n|switch|p1a: Gastrodon|Gastrodon-East, L86, M|331/331\n|-activate|p1a: Gastrodon|move: Sticky Web\n|-unboost|p1a: Gastrodon|spe|1\n|move|p2a: Golduck|Hydro Pump|p1a: Gastrodon\n|-ability|p1a: Gastrodon|Storm Drain|boost\n|-boost|p1a: Gastrodon|spa|1\n|\n|upkeep\n|turn|12\n|inactive|Time left: 300 sec this turn | 300 sec total\n|\n|t:|1783557020\n|switch|p2a: Masquerain|Masquerain, L87, F|100/100\n|-ability|p2a: Masquerain|Intimidate|boost\n|-unboost|p1a: Gastrodon|atk|1\n|move|p1a: Gastrodon|Ice Beam|p2a: Masquerain\n|-supereffective|p2a: Masquerain\n|-damage|p2a: Masquerain|25/100\n|\n|upkeep\n|turn|13\n|inactive|Time left: 300 sec this turn | 300 sec total\n|\n|t:|1783557021\n|move|p2a: Masquerain|Stun Spore|p1a: Gastrodon|[miss]\n|-miss|p2a: Masquerain|p1a: Gastrodon\n|move|p1a: Gastrodon|Ice Beam|p2a: Masquerain\n|-supereffective|p2a: Masquerain\n|-damage|p2a: Masquerain|0 fnt\n|faint|p2a: Masquerain\n|\n|upkeep\n|\n|t:|1783557022\n|switch|p2a: Calyrex|Calyrex, L93|100/100\n|-ability|p2a: Calyrex|Unnerve\n|-damage|p2a: Calyrex|88/100|[from] Stealth Rock\n|-activate|p2a: Calyrex|move: Sticky Web\n|-unboost|p2a: Calyrex|spe|1\n|turn|14\n|inactive|Time left: 300 sec this turn | 300 sec total\n|\n|t:|1783557023\n|switch|p1a: Spidops|Spidops, L96, F|103/271\n|move|p2a: Calyrex|Giga Drain|p1a: Spidops\n|-resisted|p1a: Spidops\n|-damage|p1a: Spidops|68/271\n|-heal|p2a: Calyrex|93/100|[from] drain|[of] p1a: Spidops\n|\n|-heal|p2a: Calyrex|99/100|[from] item: Leftovers\n|upkeep\n|turn|15\n|inactive|Time left: 300 sec this turn | 300 sec total\n|\n|t:|1783557024\n|switch|p1a: Orthworm|Orthworm, L88, F|266/266\n|-activate|p1a: Orthworm|move: Sticky Web\n|-unboost|p1a: Orthworm|spe|1\n|move|p2a: Calyrex|Psyshock|p1a: Orthworm\n|-resisted|p1a: Orthworm\n|-damage|p1a: Orthworm|237/266\n|\n|-heal|p2a: Calyrex|100/100|[from] item: Leftovers\n|upkeep\n|turn|16\n|inactive|Time left: 300 sec this turn | 300 sec total\n|\n|t:|1783557025\n|move|p2a: Calyrex|Calm Mind|p2a: Calyrex\n|-boost|p2a: Calyrex|spa|1\n|-boost|p2a: Calyrex|spd|1\n|move|p1a: Orthworm|Coil|p1a: Orthworm\n|-boost|p1a: Orthworm|atk|1\n|-boost|p1a: Orthworm|def|1\n|-boost|p1a: Orthworm|accuracy|1\n|\n|upkeep\n|turn|17\n|inactive|Time left: 300 sec this turn | 300 sec total\n|\n|t:|1783557026\n|move|p2a: Calyrex|Calm Mind|p2a: Calyrex\n|-boost|p2a: Calyrex|spa|1\n|-boost|p2a: Calyrex|spd|1\n|move|p1a: Orthworm|Coil|p1a: Orthworm\n|-boost|p1a: Orthworm|atk|1\n|-boost|p1a: Orthworm|def|1\n|-boost|p1a: Orthworm|accuracy|1\n|\n|upkeep\n|turn|18\n|inactive|Time left: 300 sec this turn | 300 sec total\n|\n|t:|1783557027\n|move|p2a: Calyrex|Encore|p1a: Orthworm\n|-start|p1a: Orthworm|Encore\n|move|p1a: Orthworm|Coil|p1a: Orthworm\n|-boost|p1a: Orthworm|atk|1\n|-boost|p1a: Orthworm|def|1\n|-boost|p1a: Orthworm|accuracy|1\n|\n|upkeep\n|turn|19\n|inactive|Time left: 300 sec this turn | 300 sec total\n|\n|t:|1783557028\n|move|p2a: Calyrex|Giga Drain|p1a: Orthworm\n|-resisted|p1a: Orthworm\n|-damage|p1a: Orthworm|135/266\n|move|p1a: Orthworm|Coil|p1a: Orthworm\n|-boost|p1a: Orthworm|atk|1\n|-boost|p1a: Orthworm|def|1\n|-boost|p1a: Orthworm|accuracy|1\n|\n|upkeep\n|turn|20\n|inactive|Time left: 300 sec this turn | 300 sec total\n|\n|t:|1783557029\n|move|p2a: Calyrex|Giga Drain|p1a: Orthworm\n|-resisted|p1a: Orthworm\n|-damage|p1a: Orthworm|14/266\n|move|p1a: Orthworm|Coil|p1a: Orthworm\n|-boost|p1a: Orthworm|atk|1\n|-boost|p1a: Orthworm|def|1\n|-boost|p1a: Orthworm|accuracy|1\n|\n|-end|p1a: Orthworm|Encore\n|upkeep\n|turn|21\n|inactive|Time left: 300 sec this turn | 300 sec total\n|\n|t:|1783557030\n|move|p2a: Calyrex|Giga Drain|p1a: Orthworm\n|-resisted|p1a: Orthworm\n|-damage|p1a: Orthworm|0 fnt\n|faint|p1a: Orthworm\n|\n|upkeep\n|inactive|Time left: 300 sec this turn | 300 sec total | 5 sec grace\n|\n|t:|1783557031\n|switch|p1a: Froslass|Froslass, L87, F|263/263\n|-activate|p1a: Froslass|move: Sticky Web\n|-unboost|p1a: Froslass|spe|1\n|turn|22\n|inactive|Time left: 300 sec this turn | 300 sec total\n|\n|t:|1783557032\n|move|p1a: Froslass|Triple Axel|p2a: Calyrex\n|-supereffective|p2a: Calyrex\n|-damage|p2a: Calyrex|87/100\n|-supereffective|p2a: Calyrex\n|-damage|p2a: Calyrex|66/100\n|-supereffective|p2a: Calyrex\n|-damage|p2a: Calyrex|30/100\n|-hitcount|p2a: Calyrex|3\n|move|p2a: Calyrex|Giga Drain|p1a: Froslass\n|-damage|p1a: Froslass|85/263\n|-heal|p2a: Calyrex|56/100|[from] drain|[of] p1a: Froslass\n|\n|-heal|p2a: Calyrex|63/100|[from] item: Leftovers\n|upkeep\n|turn|23\n|inactive|Time left: 300 sec this turn | 300 sec total\n|\n|t:|1783557033\n|-terastallize|p2a: Calyrex|Steel\n|move|p1a: Froslass|Triple Axel|p2a: Calyrex\n|-resisted|p2a: Calyrex\n|-damage|p2a: Calyrex|59/100\n|-resisted|p2a: Calyrex\n|-damage|p2a: Calyrex|54/100\n|-resisted|p2a: Calyrex\n|-damage|p2a: Calyrex|45/100\n|-hitcount|p2a: Calyrex|3\n|move|p2a: Calyrex|Giga Drain|p1a: Froslass\n|-damage|p1a: Froslass|0 fnt\n|-heal|p2a: Calyrex|58/100|[from] drain|[of] p1a: Froslass\n|faint|p1a: Froslass\n|\n|-heal|p2a: Calyrex|64/100|[from] item: Leftovers\n|upkeep\n|inactive|Time left: 300 sec this turn | 300 sec total | 5 sec grace\n|\n|t:|1783557034\n|switch|p1a: Gastrodon|Gastrodon-East, L86, M|331/331\n|-activate|p1a: Gastrodon|move: Sticky Web\n|-unboost|p1a: Gastrodon|spe|1\n|turn|24\n|inactive|Time left: 300 sec this turn | 300 sec total\n|\n|t:|1783557035\n|-terastallize|p1a: Gastrodon|Steel\n|move|p2a: Calyrex|Giga Drain|p1a: Gastrodon\n|-resisted|p1a: Gastrodon\n|-damage|p1a: Gastrodon|250/331\n|-heal|p2a: Calyrex|76/100|[from] drain|[of] p1a: Gastrodon\n|move|p1a: Gastrodon|Earthquake|p2a: Calyrex\n|-supereffective|p2a: Calyrex\n|-damage|p2a: Calyrex|20/100\n|\n|-heal|p2a: Calyrex|27/100|[from] item: Leftovers\n|-heal|p1a: Gastrodon|270/331|[from] item: Leftovers\n|upkeep\n|turn|25\n|inactive|Time left: 300 sec this turn | 300 sec total\n|\n|t:|1783557036\n|move|p2a: Calyrex|Giga Drain|p1a: Gastrodon\n|-resisted|p1a: Gastrodon\n|-damage|p1a: Gastrodon|190/331\n|-heal|p2a: Calyrex|38/100|[from] drain|[of] p1a: Gastrodon\n|move|p1a: Gastrodon|Earthquake|p2a: Calyrex\n|-supereffective|p2a: Calyrex\n|-damage|p2a: Calyrex|0 fnt\n|faint|p2a: Calyrex\n|\n|-heal|p1a: Gastrodon|210/331|[from] item: Leftovers\n|upkeep\n|\n|t:|1783557037\n|switch|p2a: Uxie|Uxie, L83|100/100\n|-damage|p2a: Uxie|88/100|[from] Stealth Rock\n|turn|26\n|inactive|Time left: 300 sec this turn | 300 sec total\n|\n|t:|1783557038\n|move|p2a: Uxie|Thunder Wave|p1a: Gastrodon\n|-status|p1a: Gastrodon|par\n|move|p1a: Gastrodon|Recover|p1a: Gastrodon\n|-heal|p1a: Gastrodon|331/331 par\n|\n|-heal|p2a: Uxie|94/100|[from] item: Leftovers\n|upkeep\n|turn|27\n|inactive|Time left: 300 sec this turn | 300 sec total\n|\n|t:|1783557040\n|move|p2a: Uxie|Encore|p1a: Gastrodon\n|-start|p1a: Gastrodon|Encore\n|move|p1a: Gastrodon|Recover||[still]\n|-fail|p1a: Gastrodon|heal\n|\n|-heal|p2a: Uxie|100/100|[from] item: Leftovers\n|upkeep\n|turn|28\n|inactive|Time left: 300 sec this turn | 300 sec total\n|\n|t:|1783557040\n|move|p2a: Uxie|Psychic Noise|p1a: Gastrodon\n|-resisted|p1a: Gastrodon\n|-damage|p1a: Gastrodon|300/331 par\n|-start|p1a: Gastrodon|move: Heal Block\n|cant|p1a: Gastrodon|move: Heal Block|Recover\n|\n|upkeep\n|turn|29\n|inactive|Time left: 300 sec this turn | 300 sec total\n|\n|t:|1783557042\n|move|p2a: Uxie|Thunder Wave|p1a: Gastrodon\n|-fail|p1a: Gastrodon|par\n|-activate|p1a: Gastrodon|move: Struggle\n|move|p1a: Gastrodon|Struggle|p2a: Uxie\n|-damage|p2a: Uxie|91/100\n|-damage|p1a: Gastrodon|217/331 par|[from] recoil\n|\n|-heal|p2a: Uxie|97/100|[from] item: Leftovers\n|-end|p1a: Gastrodon|Encore\n|-end|p1a: Gastrodon|move: Heal Block\n|upkeep\n|turn|30\n|inactive|Time left: 300 sec this turn | 300 sec total\n|\n|t:|1783557043\n|move|p2a: Uxie|Psychic Noise|p1a: Gastrodon\n|-resisted|p1a: Gastrodon\n|-damage|p1a: Gastrodon|186/331 par\n|-start|p1a: Gastrodon|move: Heal Block\n|cant|p1a: Gastrodon|move: Heal Block|Recover\n|\n|-heal|p2a: Uxie|100/100|[from] item: Leftovers\n|upkeep\n|turn|31\n|inactive|Time left: 300 sec this turn | 300 sec total\n|\n|t:|1783557044\n|move|p2a: Uxie|Psychic Noise|p1a: Gastrodon\n|-resisted|p1a: Gastrodon\n|-damage|p1a: Gastrodon|153/331 par\n|move|p1a: Gastrodon|Earthquake|p2a: Uxie\n|-immune|p2a: Uxie|[from] ability: Levitate\n|\n|-end|p1a: Gastrodon|move: Heal Block\n|upkeep\n|turn|32\n|inactive|Time left: 300 sec this turn | 300 sec total\n|\n|t:|1783557045\n|move|p2a: Uxie|Psychic Noise|p1a: Gastrodon\n|-resisted|p1a: Gastrodon\n|-damage|p1a: Gastrodon|120/331 par\n|-start|p1a: Gastrodon|move: Heal Block\n|cant|p1a: Gastrodon|move: Heal Block|Recover\n|\n|upkeep\n|turn|33\n|inactive|Time left: 300 sec this turn | 300 sec total\n|\n|t:|1783557046\n|move|p2a: Uxie|Psychic Noise|p1a: Gastrodon\n|-resisted|p1a: Gastrodon\n|-damage|p1a: Gastrodon|90/331 par\n|move|p1a: Gastrodon|Ice Beam|p2a: Uxie\n|-damage|p2a: Uxie|81/100\n|\n|-heal|p2a: Uxie|87/100|[from] item: Leftovers\n|-end|p1a: Gastrodon|move: Heal Block\n|upkeep\n|turn|34\n|inactive|Time left: 300 sec this turn | 300 sec total\n|\n|t:|1783557048\n|move|p2a: Uxie|Psychic Noise|p1a: Gastrodon\n|-resisted|p1a: Gastrodon\n|-damage|p1a: Gastrodon|54/331 par\n|-start|p1a: Gastrodon|move: Heal Block\n|move|p1a: Gastrodon|Ice Beam|p2a: Uxie\n|-damage|p2a: Uxie|69/100\n|\n|-heal|p2a: Uxie|75/100|[from] item: Leftovers\n|upkeep\n|turn|35\n|inactive|Time left: 300 sec this turn | 300 sec total\n|\n|t:|1783557049\n|move|p2a: Uxie|Psychic Noise|p1a: Gastrodon\n|-resisted|p1a: Gastrodon\n|-damage|p1a: Gastrodon|22/331 par\n|move|p1a: Gastrodon|Ice Beam|p2a: Uxie\n|-damage|p2a: Uxie|57/100\n|\n|-heal|p2a: Uxie|64/100|[from] item: Leftovers\n|-end|p1a: Gastrodon|move: Heal Block\n|upkeep\n|turn|36\n|inactive|Time left: 300 sec this turn | 300 sec total\n|\n|t:|1783557050\n|move|p2a: Uxie|Psychic Noise|p1a: Gastrodon\n|-resisted|p1a: Gastrodon\n|-damage|p1a: Gastrodon|0 fnt\n|faint|p1a: Gastrodon\n|\n|-heal|p2a: Uxie|70/100|[from] item: Leftovers\n|upkeep\n|inactive|Time left: 300 sec this turn | 300 sec total | 5 sec grace\n|\n|t:|1783557051\n|switch|p1a: Spidops|Spidops, L96, F|68/271\n|turn|37\n|inactive|Time left: 300 sec this turn | 300 sec total\n|\n|t:|1783557052\n|move|p2a: Uxie|Psychic Noise|p1a: Spidops\n|-damage|p1a: Spidops|10/271\n|-start|p1a: Spidops|move: Heal Block\n|move|p1a: Spidops|Knock Off|p2a: Uxie\n|-supereffective|p2a: Uxie\n|-damage|p2a: Uxie|27/100\n|-enditem|p2a: Uxie|Leftovers|[from] move: Knock Off|[of] p1a: Spidops\n|\n|upkeep\n|turn|38\n|inactive|Time left: 300 sec this turn | 300 sec total\n|\n|t:|1783557053\n|switch|p1a: Dragalge|Dragalge, L88, F|258/258\n|-activate|p1a: Dragalge|move: Sticky Web\n|-unboost|p1a: Dragalge|spe|1\n|move|p2a: Uxie|U-turn|p1a: Dragalge\n|-resisted|p1a: Dragalge\n|-damage|p1a: Dragalge|240/258\n|\n|t:|1783557053\n|switch|p2a: Archaludon|Archaludon, L78, F|55/100|[from] U-turn\n|-damage|p2a: Archaludon|49/100|[from] Stealth Rock\n|-activate|p2a: Archaludon|move: Sticky Web\n|-unboost|p2a: Archaludon|spe|1\n|\n|-heal|p1a: Dragalge|256/258|[from] item: Leftovers\n|upkeep\n|turn|39\n|inactive|Time left: 300 sec this turn | 300 sec total\n|\n|t:|1783557054\n|move|p2a: Archaludon|Draco Meteor|p1a: Dragalge\n|-supereffective|p1a: Dragalge\n|-crit|p1a: Dragalge\n|-damage|p1a: Dragalge|0 fnt\n|-unboost|p2a: Archaludon|spa|2\n|faint|p1a: Dragalge\n|\n|upkeep\n|inactive|Time left: 300 sec this turn | 300 sec total | 5 sec grace\n|\n|t:|1783557055\n|switch|p1a: Spidops|Spidops, L96, F|10/271\n|turn|40\n|inactive|Time left: 300 sec this turn | 300 sec total\n|\n|t:|1783557056\n|move|p2a: Archaludon|Body Press|p1a: Spidops\n|-resisted|p1a: Spidops\n|-crit|p1a: Spidops\n|-damage|p1a: Spidops|0 fnt\n|faint|p1a: Spidops\n|\n|win|p0y1540c725", "uploadtime": 1783557056, "views": 0, "rating": 0, "private": 0, "password": null, "_winner": "p0y1540c725", "_our_name": "p0x15405936"}