{"id": "battle-gen9randombattle-2536", "formatid": "gen9randombattle", "format": "[Gen 9] Random Battle", "players": ["p0x2536162a", "p0y25366ba9"], "log": "|init|battle\n|title|p0x2536162a vs. p0y25366ba9\n|j|\u2606p0x2536162a\n|j|\u2606p0y25366ba9\n|t:|1783568385\n|gametype|singles\n|player|p1|p0x2536162a|2|\n|player|p2|p0y25366ba9|266|\n|gen|9\n|tier|[Gen 9] Random Battle\n|rule|Species Clause: Limit one of each Pok\u00e9mon\n|rule|HP Percentage Mod: HP is shown in percentages\n|rule|Sleep Clause Mod: Limit one foe put to sleep\n|rule|Illusion Level Mod: Illusion disguises the Pok\u00e9mon's true level\n|\n|t:|1783568385\n|teamsize|p1|6\n|teamsize|p2|6\n|start\n|switch|p1a: Kommo-o|Kommo-o, L77, F|242/242\n|switch|p2a: Walking Wake|Walking Wake, L79|100/100\n|turn|1\n|inactive|Battle timer is ON: inactive players will automatically lose when time's up. (requested by p0x2536162a)\n|inactive|p0y25366ba9 also wants the timer to be on.\n|\n|t:|1783568386\n|move|p2a: Walking Wake|Draco Meteor|p1a: Kommo-o\n|-supereffective|p1a: Kommo-o\n|-damage|p1a: Kommo-o|0 fnt\n|-unboost|p2a: Walking Wake|spa|2\n|faint|p1a: Kommo-o\n|-damage|p2a: Walking Wake|91/100|[from] item: Life Orb\n|\n|upkeep\n|inactive|Time left: 300 sec this turn | 300 sec total | 65 sec grace\n|\n|t:|1783568387\n|switch|p1a: Smeargle|Smeargle, L95, F|258/258\n|turn|2\n|inactive|Time left: 300 sec this turn | 300 sec total\n|\n|t:|1783568388\n|-end|p2a: Walking Wake|Protosynthesis|[silent]\n|switch|p2a: Tsareena|Tsareena, L87, F|100/100\n|move|p1a: Smeargle|Sticky Web|p2a: Tsareena\n|-sidestart|p2: p0y25366ba9|move: Sticky Web\n|\n|upkeep\n|turn|3\n|inactive|Time left: 300 sec this turn | 300 sec total\n|\n|t:|1783568389\n|switch|p1a: Cobalion|Cobalion, L80|277/277\n|move|p2a: Tsareena|Triple Axel|p1a: Cobalion\n|-resisted|p1a: Cobalion\n|-damage|p1a: Cobalion|270/277\n|-resisted|p1a: Cobalion\n|-damage|p1a: Cobalion|255/277\n|-resisted|p1a: Cobalion\n|-damage|p1a: Cobalion|233/277\n|-hitcount|p1a: Cobalion|3\n|\n|-heal|p1a: Cobalion|250/277|[from] item: Leftovers\n|upkeep\n|turn|4\n|inactive|Time left: 300 sec this turn | 300 sec total\n|\n|t:|1783568391\n|switch|p2a: Hitmonchan|Hitmonchan, L87, M|100/100\n|-activate|p2a: Hitmonchan|move: Sticky Web\n|-unboost|p2a: Hitmonchan|spe|1\n|move|p1a: Cobalion|Calm Mind|p1a: Cobalion\n|-boost|p1a: Cobalion|spa|1\n|-boost|p1a: Cobalion|spd|1\n|\n|-heal|p1a: Cobalion|267/277|[from] item: Leftovers\n|upkeep\n|turn|5\n|inactive|Time left: 300 sec this turn | 300 sec total\n|\n|t:|1783568392\n|move|p1a: Cobalion|Calm Mind|p1a: Cobalion\n|-boost|p1a: Cobalion|spa|1\n|-boost|p1a: Cobalion|spd|1\n|move|p2a: Hitmonchan|Rapid Spin|p1a: Cobalion\n|-resisted|p1a: Cobalion\n|-damage|p1a: Cobalion|252/277\n|-boost|p2a: Hitmonchan|spe|1\n|-sideend|p2: p0y25366ba9|Sticky Web|[from] move: Rapid Spin|[of] p2a: Hitmonchan\n|\n|-heal|p1a: Cobalion|269/277|[from] item: Leftovers\n|upkeep\n|turn|6\n|inactive|Time left: 300 sec this turn | 300 sec total\n|\n|t:|1783568393\n|move|p1a: Cobalion|Aura Sphere|p2a: Hitmonchan\n|-damage|p2a: Hitmonchan|46/100\n|move|p2a: Hitmonchan|Drain Punch|p1a: Cobalion\n|-supereffective|p1a: Cobalion\n|-damage|p1a: Cobalion|111/277\n|-heal|p2a: Hitmonchan|81/100|[from] drain|[of] p1a: Cobalion\n|\n|-heal|p1a: Cobalion|128/277|[from] item: Leftovers\n|-heal|p2a: Hitmonchan|87/100|[from] item: Leftovers\n|upkeep\n|turn|7\n|inactive|Time left: 300 sec this turn | 300 sec total\n|\n|t:|1783568394\n|-terastallize|p1a: Cobalion|Water\n|move|p1a: Cobalion|Aura Sphere|p2a: Hitmonchan\n|-damage|p2a: Hitmonchan|32/100\n|move|p2a: Hitmonchan|Drain Punch|p1a: Cobalion\n|-damage|p1a: Cobalion|46/277\n|-heal|p2a: Hitmonchan|49/100|[from] drain|[of] p1a: Cobalion\n|\n|-heal|p1a: Cobalion|63/277|[from] item: Leftovers\n|-heal|p2a: Hitmonchan|56/100|[from] item: Leftovers\n|upkeep\n|turn|8\n|inactive|Time left: 300 sec this turn | 300 sec total\n|\n|t:|1783568395\n|move|p1a: Cobalion|Aura Sphere|p2a: Hitmonchan\n|-crit|p2a: Hitmonchan\n|-damage|p2a: Hitmonchan|0 fnt\n|faint|p2a: Hitmonchan\n|\n|-heal|p1a: Cobalion|80/277|[from] item: Leftovers\n|upkeep\n|\n|t:|1783568396\n|switch|p2a: Tsareena|Tsareena, L87, F|100/100\n|turn|9\n|inactive|Time left: 300 sec this turn | 300 sec total\n|\n|t:|1783568397\n|move|p2a: Tsareena|Power Whip|p1a: Cobalion|[miss]\n|-miss|p2a: Tsareena|p1a: Cobalion\n|move|p1a: Cobalion|Aura Sphere|p2a: Tsareena\n|-damage|p2a: Tsareena|52/100\n|\n|-heal|p1a: Cobalion|97/277|[from] item: Leftovers\n|upkeep\n|turn|10\n|inactive|Time left: 300 sec this turn | 300 sec total\n|\n|t:|1783568398\n|switch|p1a: Scovillain|Scovillain, L91, F|266/266\n|move|p2a: Tsareena|Power Whip|p1a: Scovillain\n|-resisted|p1a: Scovillain\n|-damage|p1a: Scovillain|223/266\n|\n|upkeep\n|turn|11\n|inactive|Time left: 300 sec this turn | 300 sec total\n|\n|t:|1783568399\n|switch|p2a: Zapdos|Zapdos-Galar, L77|100/100\n|move|p1a: Scovillain|Flamethrower|p2a: Zapdos\n|-crit|p2a: Zapdos\n|-damage|p2a: Zapdos|0 fnt\n|faint|p2a: Zapdos\n|\n|upkeep\n|\n|t:|1783568400\n|switch|p2a: Klawf|Klawf, L90, M|100/100\n|turn|12\n|inactive|Time left: 300 sec this turn | 300 sec total\n|\n|t:|1783568401\n|move|p2a: Klawf|Stone Edge|p1a: Scovillain|[miss]\n|-miss|p2a: Klawf|p1a: Scovillain\n|move|p1a: Scovillain|Flamethrower|p2a: Klawf\n|-resisted|p2a: Klawf\n|-damage|p2a: Klawf|58/100\n|\n|upkeep\n|turn|13\n|inactive|Time left: 300 sec this turn | 300 sec total\n|\n|t:|1783568402\n|switch|p1a: Cobalion|Cobalion, L80, tera:Water|97/277\n|move|p2a: Klawf|Stone Edge|p1a: Cobalion\n|-damage|p1a: Cobalion|6/277\n|\n|-heal|p1a: Cobalion|23/277|[from] item: Leftovers\n|upkeep\n|turn|14\n|inactive|Time left: 300 sec this turn | 300 sec total\n|\n|t:|1783568403\n|move|p1a: Cobalion|Vacuum Wave|p2a: Klawf\n|-supereffective|p2a: Klawf\n|-damage|p2a: Klawf|22/100\n|move|p2a: Klawf|Stone Edge|p1a: Cobalion\n|-damage|p1a: Cobalion|0 fnt\n|faint|p1a: Cobalion\n|\n|upkeep\n|inactive|Time left: 300 sec this turn | 300 sec total | 5 sec grace\n|\n|t:|1783568405\n|switch|p1a: Smeargle|Smeargle, L95, F|258/258\n|turn|15\n|inactive|Time left: 300 sec this turn | 300 sec total\n|\n|t:|1783568406\n|move|p2a: Klawf|Stone Edge|p1a: Smeargle\n|-damage|p1a: Smeargle|53/258\n|move|p1a: Smeargle|Sticky Web|p2a: Klawf\n|-sidestart|p2: p0y25366ba9|move: Sticky Web\n|\n|upkeep\n|turn|16\n|inactive|Time left: 300 sec this turn | 300 sec total\n|\n|t:|1783568407\n|move|p2a: Klawf|Stone Edge|p1a: Smeargle\n|-crit|p1a: Smeargle\n|-damage|p1a: Smeargle|0 fnt\n|faint|p1a: Smeargle\n|\n|upkeep\n|inactive|Time left: 300 sec this turn | 300 sec total | 5 sec grace\n|\n|t:|1783568408\n|switch|p1a: Chansey|Chansey, L85, F|564/564\n|turn|17\n|inactive|Time left: 300 sec this turn | 300 sec total\n|\n|t:|1783568409\n|move|p2a: Klawf|Stone Edge|p1a: Chansey\n|-damage|p1a: Chansey|297/564\n|move|p1a: Chansey|Seismic Toss|p2a: Klawf\n|-damage|p2a: Klawf|0 fnt\n|faint|p2a: Klawf\n|\n|upkeep\n|\n|t:|1783568410\n|switch|p2a: Tsareena|Tsareena, L87, F|52/100\n|-activate|p2a: Tsareena|move: Sticky Web\n|-unboost|p2a: Tsareena|spe|1\n|turn|18\n|inactive|Time left: 300 sec this turn | 300 sec total\n|\n|t:|1783568411\n|switch|p1a: Scovillain|Scovillain, L91, F|223/266\n|move|p2a: Tsareena|High Jump Kick|p1a: Scovillain\n|-damage|p1a: Scovillain|91/266\n|\n|upkeep\n|turn|19\n|inactive|Time left: 300 sec this turn | 300 sec total\n|\n|t:|1783568412\n|move|p1a: Scovillain|Flamethrower|p2a: Tsareena\n|-supereffective|p2a: Tsareena\n|-damage|p2a: Tsareena|0 fnt\n|faint|p2a: Tsareena\n|\n|upkeep\n|\n|t:|1783568413\n|switch|p2a: Donphan|Donphan, L84, F|100/100\n|-activate|p2a: Donphan|move: Sticky Web\n|-unboost|p2a: Donphan|spe|1\n|turn|20\n|inactive|Time left: 300 sec this turn | 300 sec total\n|\n|t:|1783568414\n|-terastallize|p2a: Donphan|Dragon\n|move|p1a: Scovillain|Flamethrower|p2a: Donphan\n|-resisted|p2a: Donphan\n|-damage|p2a: Donphan|57/100\n|-status|p2a: Donphan|brn\n|move|p2a: Donphan|Stealth Rock|p1a: Scovillain\n|-sidestart|p1: p0x2536162a|move: Stealth Rock\n|\n|-heal|p2a: Donphan|64/100 brn|[from] item: Leftovers\n|-damage|p2a: Donphan|57/100 brn|[from] brn\n|upkeep\n|turn|21\n|inactive|Time left: 300 sec this turn | 300 sec total\n|\n|t:|1783568415\n|move|p1a: Scovillain|Flamethrower|p2a: Donphan\n|-resisted|p2a: Donphan\n|-damage|p2a: Donphan|14/100 brn\n|move|p2a: Donphan|Earthquake|p1a: Scovillain\n|-damage|p1a: Scovillain|17/266\n|\n|-heal|p2a: Donphan|21/100 brn|[from] item: Leftovers\n|-damage|p2a: Donphan|14/100 brn|[from] brn\n|upkeep\n|turn|22\n|inactive|Time left: 300 sec this turn | 300 sec total\n|\n|t:|1783568416\n|move|p2a: Donphan|Ice Shard|p1a: Scovillain\n|-damage|p1a: Scovillain|0 fnt\n|faint|p1a: Scovillain\n|\n|-heal|p2a: Donphan|21/100 brn|[from] item: Leftovers\n|-damage|p2a: Donphan|14/100 brn|[from] brn\n|upkeep\n|inactive|Time left: 300 sec this turn | 300 sec total | 5 sec grace\n|\n|t:|1783568417\n|switch|p1a: Chansey|Chansey, L85, F|297/564\n|-damage|p1a: Chansey|227/564|[from] Stealth Rock\n|turn|23\n|inactive|Time left: 300 sec this turn | 300 sec total\n|\n|t:|1783568418\n|move|p1a: Chansey|Seismic Toss|p2a: Donphan\n|-damage|p2a: Donphan|0 fnt\n|faint|p2a: Donphan\n|\n|upkeep\n|\n|t:|1783568419\n|switch|p2a: Walking Wake|Walking Wake, L79|91/100\n|-activate|p2a: Walking Wake|move: Sticky Web\n|-unboost|p2a: Walking Wake|spe|1\n|turn|24\n|inactive|Time left: 300 sec this turn | 300 sec total\n|\n|t:|1783568420\n|move|p2a: Walking Wake|Hydro Steam|p1a: Chansey\n|-damage|p1a: Chansey|163/564\n|-damage|p2a: Walking Wake|81/100|[from] item: Life Orb\n|move|p1a: Chansey|Seismic Toss|p2a: Walking Wake\n|-damage|p2a: Walking Wake|51/100\n|\n|upkeep\n|turn|25\n|inactive|Time left: 300 sec this turn | 300 sec total\n|\n|t:|1783568421\n|move|p2a: Walking Wake|Hydro Steam|p1a: Chansey\n|-damage|p1a: Chansey|97/564\n|-damage|p2a: Walking Wake|41/100|[from] item: Life Orb\n|move|p1a: Chansey|Seismic Toss|p2a: Walking Wake\n|-damage|p2a: Walking Wake|12/100\n|\n|upkeep\n|turn|26\n|inactive|Time left: 300 sec this turn | 300 sec total\n|\n|t:|1783568422\n|move|p2a: Walking Wake|Sunny Day|p2a: Walking Wake\n|-weather|SunnyDay\n|-activate|p2a: Walking Wake|ability: Protosynthesis\n|-start|p2a: Walking Wake|protosynthesisspa\n|move|p1a: Chansey|Seismic Toss|p2a: Walking Wake\n|-damage|p2a: Walking Wake|0 fnt\n|faint|p2a: Walking Wake\n|-end|p2a: Walking Wake|Protosynthesis|[silent]\n|\n|win|p0x2536162a", "uploadtime": 1783568422, "views": 0, "rating": 0, "private": 0, "password": null, "_winner": "p0x2536162a", "_our_name": "p0x2536162a"}