{"id": "battle-gen9randombattle-216", "formatid": "gen9randombattle", "format": "[Gen 9] Random Battle", "players": ["p0x216e612", "p0y216f595"], "log": "|init|battle\n|title|p0x216e612 vs. p0y216f595\n|j|\u2606p0x216e612\n|j|\u2606p0y216f595\n|t:|1783536293\n|gametype|singles\n|player|p1|p0x216e612|101|\n|player|p2|p0y216f595|169|\n|gen|9\n|tier|[Gen 9] Random Battle\n|rule|Species Clause: Limit one of each Pok\u00e9mon\n|rule|HP Percentage Mod: HP is shown in percentages\n|rule|Sleep Clause Mod: Limit one foe put to sleep\n|rule|Illusion Level Mod: Illusion disguises the Pok\u00e9mon's true level\n|\n|t:|1783536293\n|teamsize|p1|6\n|teamsize|p2|6\n|start\n|switch|p1a: Donphan|Donphan, L84, M|288/288\n|switch|p2a: Ting-Lu|Ting-Lu, L78|100/100\n|-ability|p2a: Ting-Lu|Vessel of Ruin\n|turn|1\n|inactive|Battle timer is ON: inactive players will automatically lose when time's up. (requested by p0y216f595)\n|inactive|Time left: 300 sec this turn | 300 sec total | 60 sec grace\n|inactive|p0x216e612 also wants the timer to be on.\n|\n|t:|1783536295\n|move|p1a: Donphan|Knock Off|p2a: Ting-Lu\n|-resisted|p2a: Ting-Lu\n|-damage|p2a: Ting-Lu|91/100\n|-enditem|p2a: Ting-Lu|Leftovers|[from] move: Knock Off|[of] p1a: Donphan\n|move|p2a: Ting-Lu|Stealth Rock|p1a: Donphan\n|-sidestart|p1: p0x216e612|move: Stealth Rock\n|\n|upkeep\n|turn|2\n|inactive|Time left: 300 sec this turn | 300 sec total\n|\n|t:|1783536296\n|move|p1a: Donphan|Rapid Spin|p2a: Ting-Lu\n|-damage|p2a: Ting-Lu|81/100\n|-boost|p1a: Donphan|spe|1\n|-sideend|p1: p0x216e612|Stealth Rock|[from] move: Rapid Spin|[of] p1a: Donphan\n|move|p2a: Ting-Lu|Earthquake|p1a: Donphan\n|-damage|p1a: Donphan|213/288\n|\n|upkeep\n|turn|3\n|inactive|Time left: 300 sec this turn | 300 sec total\n|\n|t:|1783536297\n|move|p1a: Donphan|Earthquake|p2a: Ting-Lu\n|-damage|p2a: Ting-Lu|53/100\n|move|p2a: Ting-Lu|Earthquake|p1a: Donphan\n|-damage|p1a: Donphan|134/288\n|\n|upkeep\n|turn|4\n|inactive|Time left: 300 sec this turn | 300 sec total\n|\n|t:|1783536298\n|move|p1a: Donphan|Earthquake|p2a: Ting-Lu\n|-damage|p2a: Ting-Lu|26/100\n|move|p2a: Ting-Lu|Earthquake|p1a: Donphan\n|-damage|p1a: Donphan|49/288\n|\n|upkeep\n|turn|5\n|inactive|Time left: 300 sec this turn | 300 sec total\n|\n|t:|1783536299\n|move|p1a: Donphan|Earthquake|p2a: Ting-Lu\n|-damage|p2a: Ting-Lu|0 fnt\n|faint|p2a: Ting-Lu\n|\n|upkeep\n|\n|t:|1783536300\n|switch|p2a: Venomoth|Venomoth, L84, M|100/100\n|turn|6\n|inactive|Time left: 300 sec this turn | 300 sec total\n|\n|t:|1783536302\n|move|p2a: Venomoth|Bug Buzz|p1a: Donphan\n|-damage|p1a: Donphan|0 fnt\n|faint|p1a: Donphan\n|\n|upkeep\n|inactive|Time left: 300 sec this turn | 300 sec total | 5 sec grace\n|\n|t:|1783536303\n|switch|p1a: Flapple|Flapple, L88, M|266/266\n|turn|7\n|inactive|Time left: 300 sec this turn | 300 sec total\n|\n|t:|1783536304\n|move|p2a: Venomoth|Sludge Wave|p1a: Flapple\n|-supereffective|p1a: Flapple\n|-damage|p1a: Flapple|44/266\n|move|p1a: Flapple|Outrage|p2a: Venomoth\n|-damage|p2a: Venomoth|0 fnt\n|faint|p2a: Venomoth\n|\n|upkeep\n|\n|t:|1783536305\n|switch|p2a: Vivillon|Vivillon-Marine, L83, F|100/100\n|turn|8\n|inactive|Time left: 300 sec this turn | 300 sec total\n|\n|t:|1783536306\n|move|p2a: Vivillon|Tera Blast|p1a: Flapple\n|-damage|p1a: Flapple|0 fnt\n|faint|p1a: Flapple\n|\n|upkeep\n|inactive|Time left: 300 sec this turn | 300 sec total | 5 sec grace\n|\n|t:|1783536307\n|switch|p1a: Cinccino|Cinccino, L83, F|260/260\n|turn|9\n|inactive|Time left: 300 sec this turn | 300 sec total\n|\n|t:|1783536308\n|switch|p2a: Torkoal|Torkoal, L88, M|100/100\n|-weather|SunnyDay|[from] ability: Drought|[of] p2a: Torkoal\n|move|p1a: Cinccino|Triple Axel|p2a: Torkoal\n|-resisted|p2a: Torkoal\n|-damage|p2a: Torkoal|98/100\n|-resisted|p2a: Torkoal\n|-damage|p2a: Torkoal|93/100\n|-resisted|p2a: Torkoal\n|-damage|p2a: Torkoal|85/100\n|-hitcount|p2a: Torkoal|3\n|\n|-weather|SunnyDay|[upkeep]\n|upkeep\n|turn|10\n|inactive|Time left: 300 sec this turn | 300 sec total\n|\n|t:|1783536309\n|move|p1a: Cinccino|Tidy Up|p1a: Cinccino\n|-boost|p1a: Cinccino|atk|1\n|-boost|p1a: Cinccino|spe|1\n|move|p2a: Torkoal|Lava Plume|p1a: Cinccino\n|-damage|p1a: Cinccino|100/260\n|\n|-weather|SunnyDay|[upkeep]\n|upkeep\n|turn|11\n|inactive|Time left: 300 sec this turn | 300 sec total\n|\n|t:|1783536310\n|move|p1a: Cinccino|Tail Slap|p2a: Torkoal\n|-damage|p2a: Torkoal|71/100\n|-crit|p2a: Torkoal\n|-damage|p2a: Torkoal|48/100\n|-damage|p2a: Torkoal|33/100\n|-damage|p2a: Torkoal|19/100\n|-damage|p2a: Torkoal|5/100\n|-hitcount|p2a: Torkoal|5\n|move|p2a: Torkoal|Lava Plume|p1a: Cinccino\n|-crit|p1a: Cinccino\n|-damage|p1a: Cinccino|0 fnt\n|faint|p1a: Cinccino\n|\n|-weather|SunnyDay|[upkeep]\n|upkeep\n|inactive|Time left: 300 sec this turn | 300 sec total | 5 sec grace\n|\n|t:|1783536311\n|switch|p1a: Electivire|Electivire, L84, M|263/263\n|turn|12\n|inactive|Time left: 300 sec this turn | 300 sec total\n|\n|t:|1783536312\n|move|p1a: Electivire|Knock Off|p2a: Torkoal\n|-damage|p2a: Torkoal|0 fnt\n|-enditem|p2a: Torkoal|Heavy-Duty Boots|[from] move: Knock Off|[of] p1a: Electivire\n|faint|p2a: Torkoal\n|-damage|p1a: Electivire|237/263|[from] item: Life Orb\n|\n|-weather|SunnyDay|[upkeep]\n|upkeep\n|\n|t:|1783536313\n|switch|p2a: Dedenne|Dedenne, L88, F|100/100\n|turn|13\n|inactive|Time left: 300 sec this turn | 300 sec total\n|\n|t:|1783536314\n|move|p2a: Dedenne|Super Fang|p1a: Electivire\n|-damage|p1a: Electivire|119/263\n|move|p1a: Electivire|Earthquake|p2a: Dedenne\n|-supereffective|p2a: Dedenne\n|-damage|p2a: Dedenne|0 fnt\n|faint|p2a: Dedenne\n|-damage|p1a: Electivire|93/263|[from] item: Life Orb\n|\n|-weather|none\n|upkeep\n|\n|t:|1783536315\n|switch|p2a: Vivillon|Vivillon-Marine, L83, F|100/100\n|turn|14\n|inactive|Time left: 300 sec this turn | 300 sec total\n|\n|t:|1783536315\n|-terastallize|p2a: Vivillon|Ground\n|move|p1a: Electivire|Flamethrower|p2a: Vivillon\n|-damage|p2a: Vivillon|56/100\n|-damage|p1a: Electivire|67/263|[from] item: Life Orb\n|move|p2a: Vivillon|Quiver Dance|p2a: Vivillon\n|-boost|p2a: Vivillon|spa|1\n|-boost|p2a: Vivillon|spd|1\n|-boost|p2a: Vivillon|spe|1\n|\n|upkeep\n|turn|15\n|inactive|Time left: 300 sec this turn | 300 sec total\n|\n|t:|1783536316\n|move|p2a: Vivillon|Tera Blast|p1a: Electivire|[anim] Tera Blast Ground\n|-supereffective|p1a: Electivire\n|-crit|p1a: Electivire\n|-damage|p1a: Electivire|0 fnt\n|faint|p1a: Electivire\n|\n|upkeep\n|inactive|Time left: 300 sec this turn | 300 sec total | 5 sec grace\n|\n|t:|1783536317\n|switch|p1a: Shaymin|Shaymin, L82|298/298\n|turn|16\n|inactive|Time left: 300 sec this turn | 300 sec total\n|\n|t:|1783536318\n|-terastallize|p1a: Shaymin|Steel\n|move|p2a: Vivillon|Hurricane|p1a: Shaymin\n|-resisted|p1a: Shaymin\n|-damage|p1a: Shaymin|218/298\n|move|p1a: Shaymin|Seed Flare|p2a: Vivillon\n|-supereffective|p2a: Vivillon\n|-damage|p2a: Vivillon|0 fnt\n|faint|p2a: Vivillon\n|\n|-heal|p1a: Shaymin|236/298|[from] item: Leftovers\n|upkeep\n|\n|t:|1783536318\n|switch|p2a: Flamigo|Flamigo, L82, M|100/100\n|turn|17\n|inactive|Time left: 300 sec this turn | 300 sec total\n|\n|t:|1783536319\n|move|p1a: Shaymin|Air Slash|p2a: Flamigo\n|-supereffective|p2a: Flamigo\n|-damage|p2a: Flamigo|48/100\n|move|p2a: Flamigo|Roost|p2a: Flamigo\n|-heal|p2a: Flamigo|99/100\n|-singleturn|p2a: Flamigo|move: Roost\n|\n|-heal|p1a: Shaymin|254/298|[from] item: Leftovers\n|upkeep\n|turn|18\n|inactive|Time left: 300 sec this turn | 300 sec total\n|\n|t:|1783536320\n|move|p1a: Shaymin|Air Slash|p2a: Flamigo\n|-supereffective|p2a: Flamigo\n|-damage|p2a: Flamigo|53/100\n|move|p2a: Flamigo|Roost|p2a: Flamigo\n|-heal|p2a: Flamigo|100/100\n|-singleturn|p2a: Flamigo|move: Roost\n|\n|-heal|p1a: Shaymin|272/298|[from] item: Leftovers\n|upkeep\n|turn|19\n|inactive|Time left: 300 sec this turn | 300 sec total\n|\n|t:|1783536321\n|move|p1a: Shaymin|Air Slash|p2a: Flamigo|[miss]\n|-miss|p1a: Shaymin|p2a: Flamigo\n|move|p2a: Flamigo|Roost||[still]\n|-fail|p2a: Flamigo|heal\n|\n|-heal|p1a: Shaymin|290/298|[from] item: Leftovers\n|upkeep\n|turn|20\n|inactive|Time left: 300 sec this turn | 300 sec total\n|\n|t:|1783536322\n|move|p1a: Shaymin|Air Slash|p2a: Flamigo\n|-supereffective|p2a: Flamigo\n|-damage|p2a: Flamigo|51/100\n|move|p2a: Flamigo|Roost|p2a: Flamigo\n|-heal|p2a: Flamigo|100/100\n|-singleturn|p2a: Flamigo|move: Roost\n|\n|-heal|p1a: Shaymin|298/298|[from] item: Leftovers\n|upkeep\n|turn|21\n|inactive|Time left: 300 sec this turn | 300 sec total\n|\n|t:|1783536323\n|move|p1a: Shaymin|Air Slash|p2a: Flamigo\n|-supereffective|p2a: Flamigo\n|-damage|p2a: Flamigo|52/100\n|move|p2a: Flamigo|Roost|p2a: Flamigo\n|-heal|p2a: Flamigo|100/100\n|-singleturn|p2a: Flamigo|move: Roost\n|\n|upkeep\n|turn|22\n|inactive|Time left: 300 sec this turn | 300 sec total\n|\n|t:|1783536324\n|move|p1a: Shaymin|Air Slash|p2a: Flamigo\n|-supereffective|p2a: Flamigo\n|-damage|p2a: Flamigo|54/100\n|move|p2a: Flamigo|Roost|p2a: Flamigo\n|-heal|p2a: Flamigo|100/100\n|-singleturn|p2a: Flamigo|move: Roost\n|\n|upkeep\n|turn|23\n|inactive|Time left: 300 sec this turn | 300 sec total\n|\n|t:|1783536325\n|move|p1a: Shaymin|Air Slash|p2a: Flamigo\n|-supereffective|p2a: Flamigo\n|-damage|p2a: Flamigo|47/100\n|cant|p2a: Flamigo|flinch\n|\n|upkeep\n|turn|24\n|inactive|Time left: 300 sec this turn | 300 sec total\n|\n|t:|1783536326\n|move|p1a: Shaymin|Air Slash|p2a: Flamigo\n|-supereffective|p2a: Flamigo\n|-damage|p2a: Flamigo|0 fnt\n|faint|p2a: Flamigo\n|\n|win|p0x216e612", "uploadtime": 1783536326, "views": 0, "rating": 0, "private": 0, "password": null, "_winner": "p0x216e612", "_our_name": "p0x216e612"}