{"id": "battle-gen9randombattle-1067", "formatid": "gen9randombattle", "format": "[Gen 9] Random Battle", "players": ["p0x1067ca97", "p0y106726de"], "log": "|init|battle\n|title|p0x1067ca97 vs. p0y106726de\n|j|\u2606p0x1067ca97\n|j|\u2606p0y106726de\n|t:|1783552259\n|gametype|singles\n|player|p1|p0x1067ca97|266|\n|player|p2|p0y106726de|169|\n|gen|9\n|tier|[Gen 9] Random Battle\n|rule|Species Clause: Limit one of each Pok\u00e9mon\n|rule|HP Percentage Mod: HP is shown in percentages\n|rule|Sleep Clause Mod: Limit one foe put to sleep\n|rule|Illusion Level Mod: Illusion disguises the Pok\u00e9mon's true level\n|\n|t:|1783552259\n|teamsize|p1|6\n|teamsize|p2|6\n|start\n|switch|p1a: Grumpig|Grumpig, L92, M|100/100\n|switch|p2a: Dugtrio|Dugtrio, L84, M|196/196\n|turn|1\n|inactive|Battle timer is ON: inactive players will automatically lose when time's up. (requested by p0y106726de)\n|inactive|p0x1067ca97 also wants the timer to be on.\n|\n|t:|1783552261\n|move|p2a: Dugtrio|Earthquake|p1a: Grumpig\n|-damage|p1a: Grumpig|37/100\n|move|p1a: Grumpig|Psyshock|p2a: Dugtrio\n|-damage|p2a: Dugtrio|0 fnt\n|faint|p2a: Dugtrio\n|\n|upkeep\n|inactive|Time left: 300 sec this turn | 300 sec total | 65 sec grace\n|\n|t:|1783552262\n|switch|p2a: Miraidon|Miraidon, L65|238/238\n|-fieldstart|move: Electric Terrain|[from] ability: Hadron Engine|[of] p2a: Miraidon\n|turn|2\n|inactive|Time left: 300 sec this turn | 300 sec total\n|\n|t:|1783552263\n|switch|p1a: Wyrdeer|Wyrdeer, L87, F|100/100\n|-ability|p1a: Wyrdeer|Intimidate|boost\n|-unboost|p2a: Miraidon|atk|1\n|move|p2a: Miraidon|Electro Drift|p1a: Wyrdeer\n|-damage|p1a: Wyrdeer|52/100\n|\n|upkeep\n|turn|3\n|inactive|Time left: 300 sec this turn | 300 sec total\n|\n|t:|1783552264\n|-terastallize|p1a: Wyrdeer|Ground\n|move|p2a: Miraidon|Electro Drift|p1a: Wyrdeer\n|-immune|p1a: Wyrdeer\n|move|p1a: Wyrdeer|Earthquake|p2a: Miraidon\n|-supereffective|p2a: Miraidon\n|-damage|p2a: Miraidon|0 fnt\n|faint|p2a: Miraidon\n|\n|upkeep\n|inactive|Time left: 300 sec this turn | 300 sec total | 5 sec grace\n|\n|t:|1783552266\n|switch|p2a: Pelipper|Pelipper, L86, M|243/243\n|-weather|RainDance|[from] ability: Drizzle|[of] p2a: Pelipper\n|turn|4\n|inactive|Time left: 300 sec this turn | 300 sec total\n|\n|t:|1783552267\n|move|p1a: Wyrdeer|Body Slam|p2a: Pelipper\n|-damage|p2a: Pelipper|159/243\n|move|p2a: Pelipper|Weather Ball|p1a: Wyrdeer\n|-supereffective|p1a: Wyrdeer\n|-damage|p1a: Wyrdeer|0 fnt\n|faint|p1a: Wyrdeer\n|\n|-weather|RainDance|[upkeep]\n|upkeep\n|\n|t:|1783552268\n|switch|p1a: Salamence|Salamence, L77, F|100/100\n|turn|5\n|inactive|Time left: 300 sec this turn | 300 sec total\n|\n|t:|1783552269\n|move|p1a: Salamence|Outrage|p2a: Pelipper\n|-damage|p2a: Pelipper|39/243\n|move|p2a: Pelipper|Weather Ball|p1a: Salamence\n|-resisted|p1a: Salamence\n|-damage|p1a: Salamence|50/100\n|\n|-weather|RainDance|[upkeep]\n|upkeep\n|turn|6\n|inactive|Time left: 300 sec this turn | 300 sec total\n|\n|t:|1783552270\n|switch|p2a: Vigoroth|Vigoroth, L85, F|275/275\n|move|p1a: Salamence|Outrage|p2a: Vigoroth|[from] lockedmove\n|-damage|p2a: Vigoroth|178/275\n|\n|-weather|RainDance|[upkeep]\n|-fieldend|move: Electric Terrain\n|upkeep\n|turn|7\n|inactive|Time left: 300 sec this turn | 300 sec total\n|\n|t:|1783552272\n|move|p2a: Vigoroth|Bulk Up|p2a: Vigoroth\n|-boost|p2a: Vigoroth|atk|1\n|-boost|p2a: Vigoroth|def|1\n|move|p1a: Salamence|Outrage|p2a: Vigoroth|[from] lockedmove\n|-damage|p2a: Vigoroth|112/275\n|-start|p1a: Salamence|confusion|[fatigue]\n|\n|-weather|RainDance|[upkeep]\n|upkeep\n|turn|8\n|inactive|Time left: 300 sec this turn | 300 sec total\n|\n|t:|1783552273\n|switch|p1a: Clefable|Clefable, L83, F|100/100\n|move|p2a: Vigoroth|Slack Off|p2a: Vigoroth\n|-heal|p2a: Vigoroth|250/275\n|\n|-weather|none\n|upkeep\n|turn|9\n|inactive|Time left: 300 sec this turn | 300 sec total\n|\n|t:|1783552274\n|move|p2a: Vigoroth|Bulk Up|p2a: Vigoroth\n|-boost|p2a: Vigoroth|atk|1\n|-boost|p2a: Vigoroth|def|1\n|move|p1a: Clefable|Moonblast|p2a: Vigoroth\n|-damage|p2a: Vigoroth|133/275\n|-unboost|p2a: Vigoroth|spa|1\n|\n|upkeep\n|turn|10\n|inactive|Time left: 300 sec this turn | 300 sec total\n|\n|t:|1783552275\n|move|p2a: Vigoroth|Body Slam|p1a: Clefable\n|-damage|p1a: Clefable|40/100\n|move|p1a: Clefable|Moonblast|p2a: Vigoroth\n|-damage|p2a: Vigoroth|7/275\n|-unboost|p2a: Vigoroth|spa|1\n|\n|upkeep\n|turn|11\n|inactive|Time left: 300 sec this turn | 300 sec total\n|\n|t:|1783552276\n|switch|p1a: Sandslash|Sandslash-Alola, L88, F|100/100\n|move|p2a: Vigoroth|Body Slam|p1a: Sandslash\n|-resisted|p1a: Sandslash\n|-damage|p1a: Sandslash|76/100\n|-status|p1a: Sandslash|par\n|\n|upkeep\n|turn|12\n|inactive|Time left: 300 sec this turn | 300 sec total\n|\n|t:|1783552277\n|move|p2a: Vigoroth|Slack Off|p2a: Vigoroth\n|-heal|p2a: Vigoroth|145/275\n|move|p1a: Sandslash|Triple Axel|p2a: Vigoroth\n|-damage|p2a: Vigoroth|135/275\n|-damage|p2a: Vigoroth|117/275\n|-damage|p2a: Vigoroth|89/275\n|-hitcount|p2a: Vigoroth|3\n|\n|upkeep\n|turn|13\n|inactive|Time left: 300 sec this turn | 300 sec total\n|\n|t:|1783552278\n|move|p2a: Vigoroth|Knock Off|p1a: Sandslash\n|-damage|p1a: Sandslash|44/100 par\n|-enditem|p1a: Sandslash|Assault Vest|[from] move: Knock Off|[of] p2a: Vigoroth\n|move|p1a: Sandslash|Triple Axel|p2a: Vigoroth\n|-damage|p2a: Vigoroth|79/275\n|-damage|p2a: Vigoroth|61/275\n|-damage|p2a: Vigoroth|33/275\n|-hitcount|p2a: Vigoroth|3\n|\n|upkeep\n|turn|14\n|inactive|Time left: 300 sec this turn | 300 sec total\n|\n|t:|1783552279\n|move|p2a: Vigoroth|Slack Off|p2a: Vigoroth\n|-heal|p2a: Vigoroth|171/275\n|move|p1a: Sandslash|Knock Off|p2a: Vigoroth\n|-damage|p2a: Vigoroth|143/275\n|-enditem|p2a: Vigoroth|Eviolite|[from] move: Knock Off|[of] p1a: Sandslash\n|\n|upkeep\n|turn|15\n|inactive|Time left: 300 sec this turn | 300 sec total\n|\n|t:|1783552281\n|move|p2a: Vigoroth|Body Slam|p1a: Sandslash\n|-resisted|p1a: Sandslash\n|-damage|p1a: Sandslash|23/100 par\n|move|p1a: Sandslash|Triple Axel|p2a: Vigoroth\n|-damage|p2a: Vigoroth|128/275\n|-damage|p2a: Vigoroth|101/275\n|-damage|p2a: Vigoroth|58/275\n|-hitcount|p2a: Vigoroth|3\n|\n|upkeep\n|turn|16\n|inactive|Time left: 300 sec this turn | 300 sec total\n|\n|t:|1783552282\n|move|p2a: Vigoroth|Slack Off|p2a: Vigoroth\n|-heal|p2a: Vigoroth|196/275\n|move|p1a: Sandslash|Triple Axel|p2a: Vigoroth\n|-damage|p2a: Vigoroth|181/275\n|-damage|p2a: Vigoroth|153/275\n|-damage|p2a: Vigoroth|113/275\n|-hitcount|p2a: Vigoroth|3\n|\n|upkeep\n|turn|17\n|inactive|Time left: 300 sec this turn | 300 sec total\n|\n|t:|1783552283\n|move|p2a: Vigoroth|Slack Off|p2a: Vigoroth\n|-heal|p2a: Vigoroth|251/275\n|move|p1a: Sandslash|Triple Axel|p2a: Vigoroth|[miss]\n|-miss|p1a: Sandslash|p2a: Vigoroth\n|\n|upkeep\n|turn|18\n|inactive|Time left: 300 sec this turn | 300 sec total\n|\n|t:|1783552284\n|move|p2a: Vigoroth|Bulk Up|p2a: Vigoroth\n|-boost|p2a: Vigoroth|atk|1\n|-boost|p2a: Vigoroth|def|1\n|move|p1a: Sandslash|Triple Axel|p2a: Vigoroth\n|-damage|p2a: Vigoroth|239/275\n|-crit|p2a: Vigoroth\n|-damage|p2a: Vigoroth|157/275\n|-damage|p2a: Vigoroth|123/275\n|-hitcount|p2a: Vigoroth|3\n|\n|upkeep\n|turn|19\n|inactive|Time left: 300 sec this turn | 300 sec total\n|\n|t:|1783552285\n|move|p2a: Vigoroth|Body Slam|p1a: Sandslash\n|-resisted|p1a: Sandslash\n|-damage|p1a: Sandslash|0 fnt\n|faint|p1a: Sandslash\n|\n|upkeep\n|\n|t:|1783552286\n|switch|p1a: Samurott|Samurott-Hisui, L77, F|100/100\n|turn|20\n|inactive|Time left: 300 sec this turn | 300 sec total\n|\n|t:|1783552287\n|move|p2a: Vigoroth|Body Slam|p1a: Samurott\n|-damage|p1a: Samurott|11/100\n|move|p1a: Samurott|Swords Dance|p1a: Samurott\n|-boost|p1a: Samurott|atk|2\n|\n|upkeep\n|turn|21\n|inactive|Time left: 300 sec this turn | 300 sec total\n|\n|t:|1783552288\n|move|p1a: Samurott|Sucker Punch|p2a: Vigoroth\n|-damage|p2a: Vigoroth|48/275\n|-damage|p1a: Samurott|1/100|[from] item: Life Orb\n|move|p2a: Vigoroth|Body Slam|p1a: Samurott\n|-damage|p1a: Samurott|0 fnt\n|faint|p1a: Samurott\n|\n|upkeep\n|\n|t:|1783552288\n|switch|p1a: Salamence|Salamence, L77, F|50/100\n|turn|22\n|inactive|Time left: 300 sec this turn | 300 sec total\n|\n|t:|1783552289\n|move|p2a: Vigoroth|Body Slam|p1a: Salamence\n|-damage|p1a: Salamence|0 fnt\n|faint|p1a: Salamence\n|\n|upkeep\n|\n|t:|1783552290\n|switch|p1a: Grumpig|Grumpig, L92, M|37/100\n|turn|23\n|inactive|Time left: 300 sec this turn | 300 sec total\n|\n|t:|1783552291\n|switch|p1a: Clefable|Clefable, L83, F|40/100\n|move|p2a: Vigoroth|Body Slam|p1a: Clefable\n|-damage|p1a: Clefable|0 fnt\n|faint|p1a: Clefable\n|\n|upkeep\n|\n|t:|1783552291\n|switch|p1a: Grumpig|Grumpig, L92, M|37/100\n|turn|24\n|inactive|Time left: 300 sec this turn | 300 sec total\n|\n|t:|1783552292\n|-terastallize|p2a: Vigoroth|Ghost\n|move|p2a: Vigoroth|Body Slam|p1a: Grumpig\n|-damage|p1a: Grumpig|0 fnt\n|faint|p1a: Grumpig\n|\n|win|p0y106726de", "uploadtime": 1783552292, "views": 0, "rating": 0, "private": 0, "password": null, "_winner": "p0y106726de", "_our_name": "p0y106726de"}