{"id": "battle-gen9randombattle-126", "formatid": "gen9randombattle", "format": "[Gen 9] Random Battle", "players": ["p0x12607e6", "p0y1262b39"], "log": "|init|battle\n|title|p0x12607e6 vs. p0y1262b39\n|j|\u2606p0x12607e6\n|j|\u2606p0y1262b39\n|t:|1783540630\n|gametype|singles\n|player|p1|p0x12607e6|1|\n|player|p2|p0y1262b39|169|\n|gen|9\n|tier|[Gen 9] Random Battle\n|rule|Species Clause: Limit one of each Pok\u00e9mon\n|rule|HP Percentage Mod: HP is shown in percentages\n|rule|Sleep Clause Mod: Limit one foe put to sleep\n|rule|Illusion Level Mod: Illusion disguises the Pok\u00e9mon's true level\n|\n|t:|1783540630\n|teamsize|p1|6\n|teamsize|p2|6\n|start\n|switch|p1a: Iron Boulder|Iron Boulder, L77|265/265\n|switch|p2a: Dachsbun|Dachsbun, L92, F|100/100\n|turn|1\n|inactive|Battle timer is ON: inactive players will automatically lose when time's up. (requested by p0x12607e6)\n|inactive|p0y1262b39 also wants the timer to be on.\n|\n|t:|1783540631\n|move|p1a: Iron Boulder|Swords Dance|p1a: Iron Boulder\n|-boost|p1a: Iron Boulder|atk|2\n|move|p2a: Dachsbun|Play Rough|p1a: Iron Boulder\n|-damage|p1a: Iron Boulder|144/265\n|\n|upkeep\n|turn|2\n|inactive|Time left: 300 sec this turn | 300 sec total\n|\n|t:|1783540632\n|move|p1a: Iron Boulder|Mighty Cleave|p2a: Dachsbun\n|-damage|p2a: Dachsbun|20/100\n|-damage|p1a: Iron Boulder|118/265|[from] item: Life Orb\n|move|p2a: Dachsbun|Play Rough|p1a: Iron Boulder|[miss]\n|-miss|p2a: Dachsbun|p1a: Iron Boulder\n|\n|-heal|p2a: Dachsbun|26/100|[from] item: Leftovers\n|upkeep\n|turn|3\n|inactive|Time left: 300 sec this turn | 300 sec total\n|\n|t:|1783540633\n|switch|p2a: Gholdengo|Gholdengo, L77|100/100\n|move|p1a: Iron Boulder|Mighty Cleave|p2a: Gholdengo\n|-resisted|p2a: Gholdengo\n|-damage|p2a: Gholdengo|50/100\n|-damage|p1a: Iron Boulder|92/265|[from] item: Life Orb\n|\n|upkeep\n|turn|4\n|inactive|Time left: 300 sec this turn | 300 sec total\n|\n|t:|1783540634\n|move|p2a: Gholdengo|Shadow Ball|p1a: Iron Boulder\n|-supereffective|p1a: Iron Boulder\n|-damage|p1a: Iron Boulder|0 fnt\n|faint|p1a: Iron Boulder\n|-end|p1a: Iron Boulder|Quark Drive|[silent]\n|\n|upkeep\n|inactive|Time left: 300 sec this turn | 300 sec total | 5 sec grace\n|\n|t:|1783540635\n|switch|p1a: Chien-Pao|Chien-Pao, L72|234/234\n|-ability|p1a: Chien-Pao|Sword of Ruin\n|turn|5\n|inactive|Time left: 300 sec this turn | 300 sec total\n|\n|t:|1783540637\n|move|p2a: Gholdengo|Shadow Ball|p1a: Chien-Pao\n|-resisted|p1a: Chien-Pao\n|-damage|p1a: Chien-Pao|168/234\n|-unboost|p1a: Chien-Pao|spd|1\n|move|p1a: Chien-Pao|Throat Chop|p2a: Gholdengo\n|-supereffective|p2a: Gholdengo\n|-damage|p2a: Gholdengo|0 fnt\n|faint|p2a: Gholdengo\n|\n|upkeep\n|\n|t:|1783540637\n|switch|p2a: Stonjourner|Stonjourner, L91, M|100/100\n|turn|6\n|inactive|Time left: 300 sec this turn | 300 sec total\n|\n|t:|1783540639\n|move|p1a: Chien-Pao|Throat Chop|p2a: Stonjourner\n|-damage|p2a: Stonjourner|70/100\n|-start|p2a: Stonjourner|Throat Chop|[silent]\n|move|p2a: Stonjourner|Stone Edge|p1a: Chien-Pao|[miss]\n|-miss|p2a: Stonjourner|p1a: Chien-Pao\n|\n|upkeep\n|turn|7\n|inactive|Time left: 300 sec this turn | 300 sec total\n|\n|t:|1783540640\n|move|p1a: Chien-Pao|Throat Chop|p2a: Stonjourner\n|-damage|p2a: Stonjourner|40/100\n|move|p2a: Stonjourner|Stone Edge|p1a: Chien-Pao\n|-supereffective|p1a: Chien-Pao\n|-damage|p1a: Chien-Pao|0 fnt\n|faint|p1a: Chien-Pao\n|-damage|p2a: Stonjourner|30/100|[from] item: Life Orb\n|\n|-end|p2a: Stonjourner|Throat Chop|[silent]\n|upkeep\n|inactive|Time left: 300 sec this turn | 300 sec total | 5 sec grace\n|\n|t:|1783540641\n|switch|p1a: Iron Leaves|Iron Leaves, L80|275/275\n|turn|8\n|inactive|Time left: 300 sec this turn | 300 sec total\n|\n|t:|1783540642\n|switch|p2a: Oricorio|Oricorio, L84, F|100/100\n|move|p1a: Iron Leaves|Leaf Blade|p2a: Oricorio\n|-resisted|p2a: Oricorio\n|-damage|p2a: Oricorio|86/100\n|-damage|p1a: Iron Leaves|248/275|[from] item: Life Orb\n|\n|upkeep\n|turn|9\n|inactive|Time left: 300 sec this turn | 300 sec total\n|\n|t:|1783540643\n|move|p1a: Iron Leaves|Swords Dance|p1a: Iron Leaves\n|-boost|p1a: Iron Leaves|atk|2\n|-activate|p2a: Oricorio|ability: Dancer\n|move|p2a: Oricorio|Swords Dance|p2a: Oricorio|[from] ability: Dancer\n|-boost|p2a: Oricorio|atk|2\n|move|p2a: Oricorio|Quiver Dance|p2a: Oricorio\n|-boost|p2a: Oricorio|spa|1\n|-boost|p2a: Oricorio|spd|1\n|-boost|p2a: Oricorio|spe|1\n|\n|upkeep\n|turn|10\n|inactive|Time left: 300 sec this turn | 300 sec total\n|\n|t:|1783540644\n|-terastallize|p1a: Iron Leaves|Fighting\n|move|p2a: Oricorio|Hurricane|p1a: Iron Leaves|[miss]\n|-miss|p2a: Oricorio|p1a: Iron Leaves\n|move|p1a: Iron Leaves|Psyblade|p2a: Oricorio\n|-damage|p2a: Oricorio|0 fnt\n|faint|p2a: Oricorio\n|-damage|p1a: Iron Leaves|221/275|[from] item: Life Orb\n|\n|upkeep\n|\n|t:|1783540645\n|switch|p2a: Dachsbun|Dachsbun, L92, F|26/100\n|turn|11\n|inactive|Time left: 300 sec this turn | 300 sec total\n|\n|t:|1783540646\n|move|p2a: Dachsbun|Play Rough|p1a: Iron Leaves\n|-supereffective|p1a: Iron Leaves\n|-damage|p1a: Iron Leaves|33/275\n|move|p1a: Iron Leaves|Psyblade|p2a: Dachsbun\n|-damage|p2a: Dachsbun|0 fnt\n|faint|p2a: Dachsbun\n|-damage|p1a: Iron Leaves|6/275|[from] item: Life Orb\n|\n|upkeep\n|\n|t:|1783540647\n|switch|p2a: Sawsbuck|Sawsbuck-Summer, L88, F|100/100\n|turn|12\n|inactive|Time left: 300 sec this turn | 300 sec total\n|\n|t:|1783540648\n|move|p2a: Sawsbuck|High Horsepower|p1a: Iron Leaves\n|-damage|p1a: Iron Leaves|0 fnt\n|faint|p1a: Iron Leaves\n|-end|p1a: Iron Leaves|Quark Drive|[silent]\n|-damage|p2a: Sawsbuck|91/100|[from] item: Life Orb\n|\n|upkeep\n|inactive|Time left: 300 sec this turn | 300 sec total | 5 sec grace\n|\n|t:|1783540649\n|switch|p1a: Lycanroc|Lycanroc, L86, F|269/269\n|turn|13\n|inactive|Time left: 300 sec this turn | 300 sec total\n|\n|t:|1783540650\n|switch|p2a: Medicham|Medicham, L86, M|100/100\n|move|p1a: Lycanroc|Close Combat|p2a: Medicham\n|-resisted|p2a: Medicham\n|-damage|p2a: Medicham|71/100\n|-unboost|p1a: Lycanroc|def|1\n|-unboost|p1a: Lycanroc|spd|1\n|-damage|p1a: Lycanroc|243/269|[from] item: Life Orb\n|\n|upkeep\n|turn|14\n|inactive|Time left: 300 sec this turn | 300 sec total\n|\n|t:|1783540651\n|switch|p1a: Torkoal|Torkoal, L88, F|266/266\n|-weather|SunnyDay|[from] ability: Drought|[of] p1a: Torkoal\n|move|p2a: Medicham|Close Combat|p1a: Torkoal\n|-damage|p1a: Torkoal|65/266\n|-unboost|p2a: Medicham|def|1\n|-unboost|p2a: Medicham|spd|1\n|\n|-weather|SunnyDay|[upkeep]\n|upkeep\n|turn|15\n|inactive|Time left: 300 sec this turn | 300 sec total\n|\n|t:|1783540652\n|move|p2a: Medicham|Close Combat|p1a: Torkoal\n|-damage|p1a: Torkoal|0 fnt\n|-unboost|p2a: Medicham|def|1\n|-unboost|p2a: Medicham|spd|1\n|faint|p1a: Torkoal\n|\n|-weather|SunnyDay|[upkeep]\n|upkeep\n|inactive|Time left: 300 sec this turn | 300 sec total | 5 sec grace\n|\n|t:|1783540653\n|switch|p1a: Cyclizar|Cyclizar, L84, F|255/255\n|turn|16\n|inactive|Time left: 300 sec this turn | 300 sec total\n|\n|t:|1783540654\n|switch|p2a: Stonjourner|Stonjourner, L91, M|30/100\n|move|p1a: Cyclizar|Draco Meteor|p2a: Stonjourner\n|-damage|p2a: Stonjourner|0 fnt\n|-unboost|p1a: Cyclizar|spa|2\n|faint|p2a: Stonjourner\n|\n|-weather|SunnyDay|[upkeep]\n|upkeep\n|\n|t:|1783540654\n|switch|p2a: Medicham|Medicham, L86, M|71/100\n|turn|17\n|inactive|Time left: 300 sec this turn | 300 sec total\n|\n|t:|1783540655\n|move|p1a: Cyclizar|Knock Off|p2a: Medicham\n|-damage|p2a: Medicham|42/100\n|-enditem|p2a: Medicham|Choice Band|[from] move: Knock Off|[of] p1a: Cyclizar\n|move|p2a: Medicham|Close Combat|p1a: Cyclizar\n|-supereffective|p1a: Cyclizar\n|-damage|p1a: Cyclizar|0 fnt\n|-unboost|p2a: Medicham|def|1\n|-unboost|p2a: Medicham|spd|1\n|faint|p1a: Cyclizar\n|\n|-weather|SunnyDay|[upkeep]\n|upkeep\n|inactive|Time left: 300 sec this turn | 300 sec total | 5 sec grace\n|\n|t:|1783540656\n|switch|p1a: Lycanroc|Lycanroc, L86, F|243/269\n|turn|18\n|inactive|Time left: 300 sec this turn | 300 sec total\n|\n|t:|1783540657\n|switch|p2a: Sawsbuck|Sawsbuck-Summer, L88, F|91/100\n|move|p1a: Lycanroc|Swords Dance|p1a: Lycanroc\n|-boost|p1a: Lycanroc|atk|2\n|\n|-weather|none\n|upkeep\n|turn|19\n|inactive|Time left: 300 sec this turn | 300 sec total\n|\n|t:|1783540658\n|move|p1a: Lycanroc|Close Combat|p2a: Sawsbuck\n|-supereffective|p2a: Sawsbuck\n|-crit|p2a: Sawsbuck\n|-damage|p2a: Sawsbuck|0 fnt\n|-unboost|p1a: Lycanroc|def|1\n|-unboost|p1a: Lycanroc|spd|1\n|faint|p2a: Sawsbuck\n|-damage|p1a: Lycanroc|217/269|[from] item: Life Orb\n|\n|upkeep\n|\n|t:|1783540658\n|switch|p2a: Medicham|Medicham, L86, M|42/100\n|turn|20\n|inactive|Time left: 300 sec this turn | 300 sec total\n|\n|t:|1783540659\n|move|p1a: Lycanroc|Close Combat|p2a: Medicham\n|-resisted|p2a: Medicham\n|-damage|p2a: Medicham|0 fnt\n|-unboost|p1a: Lycanroc|def|1\n|-unboost|p1a: Lycanroc|spd|1\n|faint|p2a: Medicham\n|-damage|p1a: Lycanroc|191/269|[from] item: Life Orb\n|\n|win|p0x12607e6", "uploadtime": 1783540659, "views": 0, "rating": 0, "private": 0, "password": null, "_winner": "p0x12607e6", "_our_name": "p0x12607e6"}