{"id": "battle-gen9randombattle-1642", "formatid": "gen9randombattle", "format": "[Gen 9] Random Battle", "players": ["p0x16421335", "p0y16420302"], "log": "|init|battle\n|title|p0x16421335 vs. p0y16420302\n|j|\u2606p0x16421335\n|j|\u2606p0y16420302\n|t:|1783558267\n|gametype|singles\n|player|p1|p0x16421335|266|\n|player|p2|p0y16420302|101|\n|gen|9\n|tier|[Gen 9] Random Battle\n|rule|Species Clause: Limit one of each Pok\u00e9mon\n|rule|HP Percentage Mod: HP is shown in percentages\n|rule|Sleep Clause Mod: Limit one foe put to sleep\n|rule|Illusion Level Mod: Illusion disguises the Pok\u00e9mon's true level\n|\n|t:|1783558267\n|teamsize|p1|6\n|teamsize|p2|6\n|start\n|switch|p1a: Kricketune|Kricketune, L99, F|311/311\n|switch|p2a: Ninetales|Ninetales-Alola, L78, M|100/100\n|-weather|Snowscape|[from] ability: Snow Warning|[of] p2a: Ninetales\n|turn|1\n|inactive|Battle timer is ON: inactive players will automatically lose when time's up. (requested by p0y16420302)\n|inactive|Time left: 300 sec this turn | 300 sec total | 60 sec grace\n|inactive|p0x16421335 also wants the timer to be on.\n|\n|t:|1783558269\n|move|p2a: Ninetales|Aurora Veil|p2a: Ninetales\n|-sidestart|p2: p0y16420302|move: Aurora Veil\n|move|p1a: Kricketune|Sticky Web|p2a: Ninetales\n|-sidestart|p2: p0y16420302|move: Sticky Web\n|\n|-weather|Snowscape|[upkeep]\n|upkeep\n|turn|2\n|inactive|Time left: 300 sec this turn | 300 sec total\n|\n|t:|1783558270\n|move|p2a: Ninetales|Moonblast|p1a: Kricketune\n|-damage|p1a: Kricketune|208/311\n|move|p1a: Kricketune|Pounce|p2a: Ninetales\n|-resisted|p2a: Ninetales\n|-damage|p2a: Ninetales|93/100\n|-unboost|p2a: Ninetales|spe|1\n|\n|-weather|Snowscape|[upkeep]\n|upkeep\n|turn|3\n|inactive|Time left: 300 sec this turn | 300 sec total\n|\n|t:|1783558271\n|switch|p2a: Overqwil|Overqwil, L82, M|100/100\n|-activate|p2a: Overqwil|move: Sticky Web\n|-unboost|p2a: Overqwil|spe|1\n|-ability|p2a: Overqwil|Intimidate|boost\n|-unboost|p1a: Kricketune|atk|1\n|move|p1a: Kricketune|Pounce|p2a: Overqwil\n|-damage|p2a: Overqwil|88/100\n|-unboost|p2a: Overqwil|spe|1\n|\n|-weather|Snowscape|[upkeep]\n|upkeep\n|turn|4\n|inactive|Time left: 300 sec this turn | 300 sec total\n|\n|t:|1783558272\n|switch|p1a: Ting-Lu|Ting-Lu, L78|370/370\n|-ability|p1a: Ting-Lu|Vessel of Ruin\n|move|p2a: Overqwil|Crunch|p1a: Ting-Lu\n|-resisted|p1a: Ting-Lu\n|-damage|p1a: Ting-Lu|332/370\n|\n|-weather|Snowscape|[upkeep]\n|-heal|p1a: Ting-Lu|355/370|[from] item: Leftovers\n|upkeep\n|turn|5\n|inactive|Time left: 300 sec this turn | 300 sec total\n|\n|t:|1783558273\n|move|p1a: Ting-Lu|Stealth Rock|p2a: Overqwil\n|-sidestart|p2: p0y16420302|move: Stealth Rock\n|move|p2a: Overqwil|Swords Dance|p2a: Overqwil\n|-boost|p2a: Overqwil|atk|2\n|\n|-weather|none\n|-heal|p1a: Ting-Lu|370/370|[from] item: Leftovers\n|upkeep\n|turn|6\n|inactive|Time left: 300 sec this turn | 300 sec total\n|\n|t:|1783558274\n|move|p1a: Ting-Lu|Spikes|p2a: Overqwil\n|-sidestart|p2: p0y16420302|Spikes\n|move|p2a: Overqwil|Swords Dance|p2a: Overqwil\n|-boost|p2a: Overqwil|atk|2\n|\n|upkeep\n|turn|7\n|inactive|Time left: 300 sec this turn | 300 sec total\n|\n|t:|1783558275\n|move|p1a: Ting-Lu|Earthquake|p2a: Overqwil\n|-supereffective|p2a: Overqwil\n|-crit|p2a: Overqwil\n|-damage|p2a: Overqwil|0 fnt\n|faint|p2a: Overqwil\n|\n|upkeep\n|\n|t:|1783558276\n|switch|p2a: Gliscor|Gliscor, L76, M|100/100\n|-damage|p2a: Gliscor|88/100|[from] Stealth Rock\n|turn|8\n|inactive|Time left: 300 sec this turn | 300 sec total\n|\n|t:|1783558277\n|move|p2a: Gliscor|Toxic|p1a: Ting-Lu\n|-status|p1a: Ting-Lu|tox\n|move|p1a: Ting-Lu|Spikes|p2a: Gliscor\n|-sidestart|p2: p0y16420302|Spikes\n|\n|-damage|p1a: Ting-Lu|347/370 tox|[from] psn\n|-sideend|p2: p0y16420302|move: Aurora Veil\n|-status|p2a: Gliscor|tox|[from] item: Toxic Orb\n|upkeep\n|turn|9\n|inactive|Time left: 300 sec this turn | 300 sec total\n|\n|t:|1783558278\n|switch|p1a: Dewgong|Dewgong, L94, F|322/322\n|move|p2a: Gliscor|Earthquake|p1a: Dewgong\n|-damage|p1a: Dewgong|238/322\n|\n|-heal|p2a: Gliscor|100/100 tox|[from] ability: Poison Heal\n|upkeep\n|turn|10\n|inactive|Time left: 300 sec this turn | 300 sec total\n|\n|t:|1783558279\n|move|p2a: Gliscor|Protect|p2a: Gliscor\n|-singleturn|p2a: Gliscor|Protect\n|move|p1a: Dewgong|Ice Beam|p2a: Gliscor\n|-activate|p2a: Gliscor|move: Protect\n|\n|upkeep\n|turn|11\n|inactive|Time left: 300 sec this turn | 300 sec total\n|\n|t:|1783558280\n|move|p2a: Gliscor|Substitute|p2a: Gliscor\n|-start|p2a: Gliscor|Substitute\n|-damage|p2a: Gliscor|76/100 tox\n|move|p1a: Dewgong|Hydro Pump|p2a: Gliscor|[miss]\n|-miss|p1a: Dewgong|p2a: Gliscor\n|\n|-heal|p2a: Gliscor|88/100 tox|[from] ability: Poison Heal\n|upkeep\n|turn|12\n|inactive|Time left: 300 sec this turn | 300 sec total\n|\n|t:|1783558281\n|move|p2a: Gliscor|Toxic|p1a: Dewgong\n|-status|p1a: Dewgong|tox\n|move|p1a: Dewgong|Ice Beam|p2a: Gliscor\n|-supereffective|p2a: Gliscor\n|-end|p2a: Gliscor|Substitute\n|\n|-heal|p2a: Gliscor|99/100 tox|[from] ability: Poison Heal\n|-damage|p1a: Dewgong|218/322 tox|[from] psn\n|upkeep\n|turn|13\n|inactive|Time left: 300 sec this turn | 300 sec total\n|\n|t:|1783558282\n|move|p2a: Gliscor|Substitute|p2a: Gliscor\n|-start|p2a: Gliscor|Substitute\n|-damage|p2a: Gliscor|75/100 tox\n|move|p1a: Dewgong|Ice Beam|p2a: Gliscor\n|-supereffective|p2a: Gliscor\n|-end|p2a: Gliscor|Substitute\n|\n|-heal|p2a: Gliscor|88/100 tox|[from] ability: Poison Heal\n|-damage|p1a: Dewgong|178/322 tox|[from] psn\n|upkeep\n|turn|14\n|inactive|Time left: 300 sec this turn | 300 sec total\n|\n|t:|1783558283\n|move|p2a: Gliscor|Protect|p2a: Gliscor\n|-singleturn|p2a: Gliscor|Protect\n|move|p1a: Dewgong|Ice Beam|p2a: Gliscor\n|-activate|p2a: Gliscor|move: Protect\n|\n|-heal|p2a: Gliscor|99/100 tox|[from] ability: Poison Heal\n|-damage|p1a: Dewgong|118/322 tox|[from] psn\n|upkeep\n|turn|15\n|inactive|Time left: 300 sec this turn | 300 sec total\n|\n|t:|1783558284\n|move|p2a: Gliscor|Substitute|p2a: Gliscor\n|-start|p2a: Gliscor|Substitute\n|-damage|p2a: Gliscor|75/100 tox\n|move|p1a: Dewgong|Ice Beam|p2a: Gliscor\n|-supereffective|p2a: Gliscor\n|-end|p2a: Gliscor|Substitute\n|\n|-heal|p2a: Gliscor|87/100 tox|[from] ability: Poison Heal\n|-damage|p1a: Dewgong|38/322 tox|[from] psn\n|upkeep\n|turn|16\n|inactive|Time left: 300 sec this turn | 300 sec total\n|\n|t:|1783558285\n|switch|p1a: Ludicolo|Ludicolo, L90, F|290/290\n|move|p2a: Gliscor|Earthquake|p1a: Ludicolo\n|-resisted|p1a: Ludicolo\n|-damage|p1a: Ludicolo|246/290\n|\n|-heal|p2a: Gliscor|99/100 tox|[from] ability: Poison Heal\n|upkeep\n|turn|17\n|inactive|Time left: 300 sec this turn | 300 sec total\n|\n|t:|1783558286\n|move|p2a: Gliscor|Substitute|p2a: Gliscor\n|-start|p2a: Gliscor|Substitute\n|-damage|p2a: Gliscor|75/100 tox\n|move|p1a: Ludicolo|Giga Drain|p2a: Gliscor\n|-end|p2a: Gliscor|Substitute\n|-heal|p1a: Ludicolo|276/290|[from] drain|[of] p2a: Gliscor\n|-damage|p1a: Ludicolo|247/290|[from] item: Life Orb\n|\n|-heal|p2a: Gliscor|87/100 tox|[from] ability: Poison Heal\n|upkeep\n|turn|18\n|inactive|Time left: 300 sec this turn | 300 sec total\n|\n|t:|1783558287\n|move|p2a: Gliscor|Protect|p2a: Gliscor\n|-singleturn|p2a: Gliscor|Protect\n|move|p1a: Ludicolo|Ice Beam|p2a: Gliscor\n|-activate|p2a: Gliscor|move: Protect\n|\n|-heal|p2a: Gliscor|99/100 tox|[from] ability: Poison Heal\n|upkeep\n|turn|19\n|inactive|Time left: 300 sec this turn | 300 sec total\n|\n|t:|1783558288\n|move|p2a: Gliscor|Substitute|p2a: Gliscor\n|-start|p2a: Gliscor|Substitute\n|-damage|p2a: Gliscor|74/100 tox\n|move|p1a: Ludicolo|Ice Beam|p2a: Gliscor\n|-supereffective|p2a: Gliscor\n|-end|p2a: Gliscor|Substitute\n|-damage|p1a: Ludicolo|218/290|[from] item: Life Orb\n|\n|-heal|p2a: Gliscor|86/100 tox|[from] ability: Poison Heal\n|upkeep\n|turn|20\n|inactive|Time left: 300 sec this turn | 300 sec total\n|\n|t:|1783558289\n|move|p2a: Gliscor|Protect|p2a: Gliscor\n|-singleturn|p2a: Gliscor|Protect\n|move|p1a: Ludicolo|Hydro Pump|p2a: Gliscor\n|-activate|p2a: Gliscor|move: Protect\n|\n|-heal|p2a: Gliscor|98/100 tox|[from] ability: Poison Heal\n|upkeep\n|turn|21\n|inactive|Time left: 300 sec this turn | 300 sec total\n|\n|t:|1783558290\n|move|p2a: Gliscor|Substitute|p2a: Gliscor\n|-start|p2a: Gliscor|Substitute\n|-damage|p2a: Gliscor|74/100 tox\n|move|p1a: Ludicolo|Ice Beam|p2a: Gliscor\n|-supereffective|p2a: Gliscor\n|-end|p2a: Gliscor|Substitute\n|-damage|p1a: Ludicolo|189/290|[from] item: Life Orb\n|\n|-heal|p2a: Gliscor|86/100 tox|[from] ability: Poison Heal\n|upkeep\n|turn|22\n|inactive|Time left: 300 sec this turn | 300 sec total\n|\n|t:|1783558291\n|move|p2a: Gliscor|Protect|p2a: Gliscor\n|-singleturn|p2a: Gliscor|Protect\n|move|p1a: Ludicolo|Ice Beam|p2a: Gliscor\n|-activate|p2a: Gliscor|move: Protect\n|\n|-heal|p2a: Gliscor|98/100 tox|[from] ability: Poison Heal\n|upkeep\n|turn|23\n|inactive|Time left: 300 sec this turn | 300 sec total\n|\n|t:|1783558292\n|move|p2a: Gliscor|Substitute|p2a: Gliscor\n|-start|p2a: Gliscor|Substitute\n|-damage|p2a: Gliscor|73/100 tox\n|move|p1a: Ludicolo|Hydro Pump|p2a: Gliscor\n|-supereffective|p2a: Gliscor\n|-end|p2a: Gliscor|Substitute\n|-damage|p1a: Ludicolo|160/290|[from] item: Life Orb\n|\n|-heal|p2a: Gliscor|85/100 tox|[from] ability: Poison Heal\n|upkeep\n|turn|24\n|inactive|Time left: 300 sec this turn | 300 sec total\n|\n|t:|1783558293\n|move|p2a: Gliscor|Substitute|p2a: Gliscor\n|-start|p2a: Gliscor|Substitute\n|-damage|p2a: Gliscor|61/100 tox\n|move|p1a: Ludicolo|Hydro Pump|p2a: Gliscor\n|-supereffective|p2a: Gliscor\n|-end|p2a: Gliscor|Substitute\n|-damage|p1a: Ludicolo|131/290|[from] item: Life Orb\n|\n|-heal|p2a: Gliscor|73/100 tox|[from] ability: Poison Heal\n|upkeep\n|turn|25\n|inactive|Time left: 300 sec this turn | 300 sec total\n|\n|t:|1783558294\n|move|p2a: Gliscor|Protect|p2a: Gliscor\n|-singleturn|p2a: Gliscor|Protect\n|move|p1a: Ludicolo|Giga Drain|p2a: Gliscor\n|-activate|p2a: Gliscor|move: Protect\n|\n|-heal|p2a: Gliscor|85/100 tox|[from] ability: Poison Heal\n|upkeep\n|turn|26\n|inactive|Time left: 300 sec this turn | 300 sec total\n|\n|t:|1783558295\n|move|p2a: Gliscor|Substitute|p2a: Gliscor\n|-start|p2a: Gliscor|Substitute\n|-damage|p2a: Gliscor|60/100 tox\n|move|p1a: Ludicolo|Giga Drain|p2a: Gliscor\n|-end|p2a: Gliscor|Substitute\n|-heal|p1a: Ludicolo|161/290|[from] drain|[of] p2a: Gliscor\n|-damage|p1a: Ludicolo|132/290|[from] item: Life Orb\n|\n|-heal|p2a: Gliscor|72/100 tox|[from] ability: Poison Heal\n|upkeep\n|turn|27\n|inactive|Time left: 300 sec this turn | 300 sec total\n|\n|t:|1783558296\n|move|p2a: Gliscor|Protect|p2a: Gliscor\n|-singleturn|p2a: Gliscor|Protect\n|move|p1a: Ludicolo|Hydro Pump|p2a: Gliscor\n|-activate|p2a: Gliscor|move: Protect\n|\n|-heal|p2a: Gliscor|85/100 tox|[from] ability: Poison Heal\n|upkeep\n|turn|28\n|inactive|Time left: 300 sec this turn | 300 sec total\n|\n|t:|1783558297\n|move|p2a: Gliscor|Substitute|p2a: Gliscor\n|-start|p2a: Gliscor|Substitute\n|-damage|p2a: Gliscor|60/100 tox\n|move|p1a: Ludicolo|Giga Drain|p2a: Gliscor\n|-end|p2a: Gliscor|Substitute\n|-heal|p1a: Ludicolo|162/290|[from] drain|[of] p2a: Gliscor\n|-damage|p1a: Ludicolo|133/290|[from] item: Life Orb\n|\n|-heal|p2a: Gliscor|72/100 tox|[from] ability: Poison Heal\n|upkeep\n|turn|29\n|inactive|Time left: 300 sec this turn | 300 sec total\n|\n|t:|1783558298\n|move|p2a: Gliscor|Substitute|p2a: Gliscor\n|-start|p2a: Gliscor|Substitute\n|-damage|p2a: Gliscor|47/100 tox\n|move|p1a: Ludicolo|Hydro Pump|p2a: Gliscor\n|-supereffective|p2a: Gliscor\n|-end|p2a: Gliscor|Substitute\n|-damage|p1a: Ludicolo|104/290|[from] item: Life Orb\n|\n|-heal|p2a: Gliscor|59/100 tox|[from] ability: Poison Heal\n|upkeep\n|turn|30\n|inactive|Time left: 300 sec this turn | 300 sec total\n|\n|t:|1783558299\n|move|p2a: Gliscor|Substitute|p2a: Gliscor\n|-start|p2a: Gliscor|Substitute\n|-damage|p2a: Gliscor|35/100 tox\n|move|p1a: Ludicolo|Giga Drain|p2a: Gliscor\n|-end|p2a: Gliscor|Substitute\n|-heal|p1a: Ludicolo|134/290|[from] drain|[of] p2a: Gliscor\n|-damage|p1a: Ludicolo|105/290|[from] item: Life Orb\n|\n|-heal|p2a: Gliscor|47/100 tox|[from] ability: Poison Heal\n|upkeep\n|turn|31\n|inactive|Time left: 300 sec this turn | 300 sec total\n|\n|t:|1783558300\n|move|p2a: Gliscor|Substitute|p2a: Gliscor\n|-start|p2a: Gliscor|Substitute\n|-damage|p2a: Gliscor|22/100 tox\n|move|p1a: Ludicolo|Giga Drain|p2a: Gliscor\n|-end|p2a: Gliscor|Substitute\n|-heal|p1a: Ludicolo|135/290|[from] drain|[of] p2a: Gliscor\n|-damage|p1a: Ludicolo|106/290|[from] item: Life Orb\n|\n|-heal|p2a: Gliscor|34/100 tox|[from] ability: Poison Heal\n|upkeep\n|turn|32\n|inactive|Time left: 300 sec this turn | 300 sec total\n|\n|t:|1783558301\n|move|p2a: Gliscor|Protect|p2a: Gliscor\n|-singleturn|p2a: Gliscor|Protect\n|move|p1a: Ludicolo|Giga Drain|p2a: Gliscor\n|-activate|p2a: Gliscor|move: Protect\n|\n|-heal|p2a: Gliscor|47/100 tox|[from] ability: Poison Heal\n|upkeep\n|turn|33\n|inactive|Time left: 300 sec this turn | 300 sec total\n|\n|t:|1783558302\n|move|p2a: Gliscor|Substitute|p2a: Gliscor\n|-start|p2a: Gliscor|Substitute\n|-damage|p2a: Gliscor|22/100 tox\n|move|p1a: Ludicolo|Giga Drain|p2a: Gliscor\n|-end|p2a: Gliscor|Substitute\n|-heal|p1a: Ludicolo|136/290|[from] drain|[of] p2a: Gliscor\n|-damage|p1a: Ludicolo|107/290|[from] item: Life Orb\n|\n|-heal|p2a: Gliscor|34/100 tox|[from] ability: Poison Heal\n|upkeep\n|turn|34\n|inactive|Time left: 300 sec this turn | 300 sec total\n|\n|t:|1783558303\n|move|p2a: Gliscor|Substitute|p2a: Gliscor\n|-start|p2a: Gliscor|Substitute\n|-damage|p2a: Gliscor|9/100 tox\n|move|p1a: Ludicolo|Giga Drain|p2a: Gliscor\n|-end|p2a: Gliscor|Substitute\n|-heal|p1a: Ludicolo|137/290|[from] drain|[of] p2a: Gliscor\n|-damage|p1a: Ludicolo|108/290|[from] item: Life Orb\n|\n|-heal|p2a: Gliscor|21/100 tox|[from] ability: Poison Heal\n|upkeep\n|turn|35\n|inactive|Time left: 300 sec this turn | 300 sec total\n|\n|t:|1783558304\n|move|p2a: Gliscor|Protect|p2a: Gliscor\n|-singleturn|p2a: Gliscor|Protect\n|move|p1a: Ludicolo|Ice Beam|p2a: Gliscor\n|-activate|p2a: Gliscor|move: Protect\n|\n|-heal|p2a: Gliscor|34/100 tox|[from] ability: Poison Heal\n|upkeep\n|turn|36\n|inactive|Time left: 300 sec this turn | 300 sec total\n|\n|t:|1783558305\n|move|p2a: Gliscor|Substitute|p2a: Gliscor\n|-start|p2a: Gliscor|Substitute\n|-damage|p2a: Gliscor|9/100 tox\n|move|p1a: Ludicolo|Giga Drain|p2a: Gliscor\n|-end|p2a: Gliscor|Substitute\n|-heal|p1a: Ludicolo|138/290|[from] drain|[of] p2a: Gliscor\n|-damage|p1a: Ludicolo|109/290|[from] item: Life Orb\n|\n|-heal|p2a: Gliscor|21/100 tox|[from] ability: Poison Heal\n|upkeep\n|turn|37\n|inactive|Time left: 300 sec this turn | 300 sec total\n|\n|t:|1783558306\n|move|p2a: Gliscor|Protect|p2a: Gliscor\n|-singleturn|p2a: Gliscor|Protect\n|move|p1a: Ludicolo|Giga Drain|p2a: Gliscor\n|-activate|p2a: Gliscor|move: Protect\n|\n|-heal|p2a: Gliscor|33/100 tox|[from] ability: Poison Heal\n|upkeep\n|turn|38\n|inactive|Time left: 300 sec this turn | 300 sec total\n|\n|t:|1783558307\n|move|p2a: Gliscor|Toxic|p1a: Ludicolo\n|-status|p1a: Ludicolo|tox\n|move|p1a: Ludicolo|Giga Drain|p2a: Gliscor\n|-damage|p2a: Gliscor|0 fnt\n|-heal|p1a: Ludicolo|148/290 tox|[from] drain|[of] p2a: Gliscor\n|faint|p2a: Gliscor\n|-damage|p1a: Ludicolo|119/290 tox|[from] item: Life Orb\n|\n|-damage|p1a: Ludicolo|101/290 tox|[from] psn\n|upkeep\n|\n|t:|1783558308\n|switch|p2a: Thundurus|Thundurus, L80, M|100/100\n|-damage|p2a: Thundurus|76/100|[from] Stealth Rock\n|turn|39\n|inactive|Time left: 300 sec this turn | 300 sec total\n|\n|t:|1783558309\n|move|p2a: Thundurus|Acrobatics|p1a: Ludicolo\n|-supereffective|p1a: Ludicolo\n|-damage|p1a: Ludicolo|0 fnt\n|faint|p1a: Ludicolo\n|\n|upkeep\n|inactive|Time left: 300 sec this turn | 300 sec total | 5 sec grace\n|\n|t:|1783558310\n|switch|p1a: Ting-Lu|Ting-Lu, L78|347/370 tox\n|-ability|p1a: Ting-Lu|Vessel of Ruin\n|turn|40\n|inactive|Time left: 300 sec this turn | 300 sec total\n|\n|t:|1783558311\n|move|p2a: Thundurus|Acrobatics|p1a: Ting-Lu\n|-damage|p1a: Ting-Lu|251/370 tox\n|move|p1a: Ting-Lu|Throat Chop|p2a: Thundurus\n|-damage|p2a: Thundurus|36/100\n|-start|p2a: Thundurus|Throat Chop|[silent]\n|\n|-heal|p1a: Ting-Lu|274/370 tox|[from] item: Leftovers\n|-damage|p1a: Ting-Lu|251/370 tox|[from] psn\n|upkeep\n|turn|41\n|inactive|Time left: 300 sec this turn | 300 sec total\n|\n|t:|1783558312\n|move|p2a: Thundurus|Acrobatics|p1a: Ting-Lu\n|-damage|p1a: Ting-Lu|151/370 tox\n|move|p1a: Ting-Lu|Throat Chop|p2a: Thundurus\n|-damage|p2a: Thundurus|0 fnt\n|faint|p2a: Thundurus\n|\n|-heal|p1a: Ting-Lu|174/370 tox|[from] item: Leftovers\n|-damage|p1a: Ting-Lu|128/370 tox|[from] psn\n|upkeep\n|\n|t:|1783558313\n|switch|p2a: Ninetales|Ninetales-Alola, L78, M|93/100\n|-activate|p2a: Ninetales|move: Sticky Web\n|-unboost|p2a: Ninetales|spe|1\n|-damage|p2a: Ninetales|68/100|[from] Stealth Rock\n|-damage|p2a: Ninetales|52/100|[from] Spikes\n|-weather|Snowscape|[from] ability: Snow Warning|[of] p2a: Ninetales\n|turn|42\n|inactive|Time left: 300 sec this turn | 300 sec total\n|\n|t:|1783558313\n|switch|p1a: Tornadus|Tornadus, L82, M|264/264\n|move|p2a: Ninetales|Aurora Veil|p2a: Ninetales\n|-sidestart|p2: p0y16420302|move: Aurora Veil\n|\n|-weather|Snowscape|[upkeep]\n|upkeep\n|turn|43\n|inactive|Time left: 300 sec this turn | 300 sec total\n|\n|t:|1783558314\n|move|p1a: Tornadus|Nasty Plot|p1a: Tornadus\n|-boost|p1a: Tornadus|spa|2\n|move|p2a: Ninetales|Blizzard|p1a: Tornadus\n|-supereffective|p1a: Tornadus\n|-damage|p1a: Tornadus|82/264\n|\n|-weather|Snowscape|[upkeep]\n|upkeep\n|turn|44\n|inactive|Time left: 300 sec this turn | 300 sec total\n|\n|t:|1783558315\n|move|p1a: Tornadus|Heat Wave|p2a: Ninetales\n|-supereffective|p2a: Ninetales\n|-damage|p2a: Ninetales|0 fnt\n|faint|p2a: Ninetales\n|\n|-weather|Snowscape|[upkeep]\n|upkeep\n|\n|t:|1783558316\n|switch|p2a: Jolteon|Jolteon, L84, F|100/100\n|-activate|p2a: Jolteon|move: Sticky Web\n|-unboost|p2a: Jolteon|spe|1\n|-damage|p2a: Jolteon|88/100|[from] Stealth Rock\n|-damage|p2a: Jolteon|72/100|[from] Spikes\n|turn|45\n|inactive|Time left: 300 sec this turn | 300 sec total\n|\n|t:|1783558318\n|switch|p1a: Ting-Lu|Ting-Lu, L78|128/370 tox\n|-ability|p1a: Ting-Lu|Vessel of Ruin\n|move|p2a: Jolteon|Calm Mind|p2a: Jolteon\n|-boost|p2a: Jolteon|spa|1\n|-boost|p2a: Jolteon|spd|1\n|\n|-weather|Snowscape|[upkeep]\n|-heal|p1a: Ting-Lu|151/370 tox|[from] item: Leftovers\n|-damage|p1a: Ting-Lu|128/370 tox|[from] psn\n|upkeep\n|turn|46\n|inactive|Time left: 300 sec this turn | 300 sec total\n|\n|t:|1783558318\n|move|p2a: Jolteon|Alluring Voice|p1a: Ting-Lu\n|-supereffective|p1a: Ting-Lu\n|-damage|p1a: Ting-Lu|0 fnt\n|faint|p1a: Ting-Lu\n|-damage|p2a: Jolteon|62/100|[from] item: Life Orb\n|\n|-weather|none\n|upkeep\n|inactive|Time left: 300 sec this turn | 300 sec total | 5 sec grace\n|\n|t:|1783558319\n|switch|p1a: Sceptile|Sceptile, L87, F|264/264\n|turn|47\n|inactive|Time left: 300 sec this turn | 300 sec total\n|\n|t:|1783558320\n|move|p1a: Sceptile|Earthquake|p2a: Jolteon\n|-supereffective|p2a: Jolteon\n|-damage|p2a: Jolteon|18/100\n|-damage|p1a: Sceptile|238/264|[from] item: Life Orb\n|move|p2a: Jolteon|Calm Mind|p2a: Jolteon\n|-boost|p2a: Jolteon|spa|1\n|-boost|p2a: Jolteon|spd|1\n|\n|upkeep\n|turn|48\n|inactive|Time left: 300 sec this turn | 300 sec total\n|\n|t:|1783558322\n|move|p1a: Sceptile|Earthquake|p2a: Jolteon\n|-supereffective|p2a: Jolteon\n|-damage|p2a: Jolteon|0 fnt\n|faint|p2a: Jolteon\n|-damage|p1a: Sceptile|212/264|[from] item: Life Orb\n|\n|upkeep\n|\n|t:|1783558323\n|switch|p2a: Lokix|Lokix, L82, F|100/100\n|-activate|p2a: Lokix|move: Sticky Web\n|-unboost|p2a: Lokix|spe|1\n|-damage|p2a: Lokix|76/100|[from] Stealth Rock\n|-damage|p2a: Lokix|59/100|[from] Spikes\n|turn|49\n|inactive|Time left: 300 sec this turn | 300 sec total\n|\n|t:|1783558324\n|switch|p1a: Dewgong|Dewgong, L94, F|38/322 tox\n|move|p2a: Lokix|First Impression|p1a: Dewgong\n|-damage|p1a: Dewgong|0 fnt\n|faint|p1a: Dewgong\n|\n|-sideend|p2: p0y16420302|move: Aurora Veil\n|upkeep\n|inactive|Time left: 300 sec this turn | 300 sec total | 5 sec grace\n|\n|t:|1783558325\n|switch|p1a: Sceptile|Sceptile, L87, F|212/264\n|turn|50\n|inactive|Time left: 300 sec this turn | 300 sec total\n|\n|t:|1783558326\n|move|p1a: Sceptile|Rock Slide|p2a: Lokix\n|-supereffective|p2a: Lokix\n|-damage|p2a: Lokix|4/100\n|-damage|p1a: Sceptile|186/264|[from] item: Life Orb\n|cant|p2a: Lokix|flinch\n|\n|upkeep\n|turn|51\n|inactive|Time left: 300 sec this turn | 300 sec total\n|\n|t:|1783558327\n|-terastallize|p1a: Sceptile|Steel\n|-terastallize|p2a: Lokix|Bug\n|move|p2a: Lokix|Sucker Punch|p1a: Sceptile\n|-damage|p1a: Sceptile|101/264\n|move|p1a: Sceptile|Giga Drain|p2a: Lokix\n|-resisted|p2a: Lokix\n|-damage|p2a: Lokix|0 fnt\n|-heal|p1a: Sceptile|105/264|[from] drain|[of] p2a: Lokix\n|faint|p2a: Lokix\n|-damage|p1a: Sceptile|79/264|[from] item: Life Orb\n|\n|win|p0x16421335", "uploadtime": 1783558327, "views": 0, "rating": 0, "private": 0, "password": null, "_winner": "p0x16421335", "_our_name": "p0x16421335"}