{"id": "battle-gen9randombattle-2837", "formatid": "gen9randombattle", "format": "[Gen 9] Random Battle", "players": ["p0x2837d1e2", "p0y2837c33b"], "log": "|init|battle\n|title|p0x2837d1e2 vs. p0y2837c33b\n|j|\u2606p0x2837d1e2\n|j|\u2606p0y2837c33b\n|t:|1783572682\n|gametype|singles\n|player|p1|p0x2837d1e2|102|\n|player|p2|p0y2837c33b|101|\n|gen|9\n|tier|[Gen 9] Random Battle\n|rule|Species Clause: Limit one of each Pok\u00e9mon\n|rule|HP Percentage Mod: HP is shown in percentages\n|rule|Sleep Clause Mod: Limit one foe put to sleep\n|rule|Illusion Level Mod: Illusion disguises the Pok\u00e9mon's true level\n|\n|t:|1783572682\n|teamsize|p1|6\n|teamsize|p2|6\n|start\n|switch|p1a: Heatran|Heatran, L79, M|100/100\n|switch|p2a: Grimmsnarl|Grimmsnarl, L83, M|293/293\n|-item|p1a: Heatran|Air Balloon\n|turn|1\n|inactive|Battle timer is ON: inactive players will automatically lose when time's up. (requested by p0x2837d1e2)\n|inactive|Time left: 300 sec this turn | 300 sec total | 60 sec grace\n|inactive|p0y2837c33b also wants the timer to be on.\n|\n|t:|1783572683\n|move|p2a: Grimmsnarl|Parting Shot|p1a: Heatran\n|-unboost|p1a: Heatran|atk|1\n|-unboost|p1a: Heatran|spa|1\n|inactive|Time left: 300 sec this turn | 300 sec total | 65 sec grace\n|\n|t:|1783572685\n|switch|p2a: Charizard|Charizard, L85, F|271/271|[from] Parting Shot\n|move|p1a: Heatran|Heavy Slam|p2a: Charizard\n|-resisted|p2a: Charizard\n|-damage|p2a: Charizard|238/271\n|\n|upkeep\n|turn|2\n|inactive|Time left: 300 sec this turn | 300 sec total\n|\n|t:|1783572686\n|switch|p1a: Lapras|Lapras, L87, M|100/100\n|move|p2a: Charizard|Dragon Dance|p2a: Charizard\n|-boost|p2a: Charizard|atk|1\n|-boost|p2a: Charizard|spe|1\n|\n|upkeep\n|turn|3\n|inactive|Time left: 300 sec this turn | 300 sec total\n|\n|t:|1783572687\n|move|p2a: Charizard|Outrage|p1a: Lapras\n|-damage|p1a: Lapras|66/100\n|move|p1a: Lapras|Sparkling Aria|p2a: Charizard\n|-supereffective|p2a: Charizard\n|-damage|p2a: Charizard|62/271\n|\n|upkeep\n|turn|4\n|inactive|Time left: 300 sec this turn | 300 sec total\n|\n|t:|1783572688\n|move|p2a: Charizard|Outrage|p1a: Lapras|[from] lockedmove\n|-damage|p1a: Lapras|31/100\n|move|p1a: Lapras|Freeze-Dry|p2a: Charizard\n|-damage|p2a: Charizard|0 fnt\n|faint|p2a: Charizard\n|\n|upkeep\n|inactive|Time left: 300 sec this turn | 300 sec total | 5 sec grace\n|\n|t:|1783572689\n|switch|p2a: Dodrio|Dodrio, L85, F|241/241\n|turn|5\n|inactive|Time left: 300 sec this turn | 300 sec total\n|\n|t:|1783572690\n|switch|p1a: Kingambit|Kingambit, L74, M|100/100\n|move|p2a: Dodrio|Double-Edge|p1a: Kingambit\n|-resisted|p1a: Kingambit\n|-damage|p1a: Kingambit|79/100\n|-damage|p2a: Dodrio|222/241|[from] Recoil\n|\n|-heal|p1a: Kingambit|85/100|[from] item: Leftovers\n|upkeep\n|turn|6\n|inactive|Time left: 300 sec this turn | 300 sec total\n|\n|t:|1783572691\n|move|p2a: Dodrio|Swords Dance|p2a: Dodrio\n|-boost|p2a: Dodrio|atk|2\n|move|p1a: Kingambit|Swords Dance|p1a: Kingambit\n|-boost|p1a: Kingambit|atk|2\n|\n|-heal|p1a: Kingambit|90/100|[from] item: Leftovers\n|upkeep\n|turn|7\n|inactive|Time left: 300 sec this turn | 300 sec total\n|\n|t:|1783572692\n|move|p2a: Dodrio|Drill Run|p1a: Kingambit\n|-supereffective|p1a: Kingambit\n|-damage|p1a: Kingambit|10/100\n|move|p1a: Kingambit|Iron Head|p2a: Dodrio\n|-damage|p2a: Dodrio|23/241\n|\n|-heal|p1a: Kingambit|16/100|[from] item: Leftovers\n|upkeep\n|turn|8\n|inactive|Time left: 300 sec this turn | 300 sec total\n|\n|t:|1783572693\n|move|p1a: Kingambit|Sucker Punch|p2a: Dodrio\n|-damage|p2a: Dodrio|0 fnt\n|faint|p2a: Dodrio\n|\n|-heal|p1a: Kingambit|22/100|[from] item: Leftovers\n|upkeep\n|inactive|Time left: 300 sec this turn | 300 sec total | 5 sec grace\n|\n|t:|1783572693\n|switch|p2a: Grimmsnarl|Grimmsnarl, L83, M|293/293\n|turn|9\n|inactive|Time left: 300 sec this turn | 300 sec total\n|\n|t:|1783572694\n|move|p1a: Kingambit|Sucker Punch|p2a: Grimmsnarl\n|-resisted|p2a: Grimmsnarl\n|-damage|p2a: Grimmsnarl|248/293\n|move|p2a: Grimmsnarl|Spirit Break|p1a: Kingambit\n|-damage|p1a: Kingambit|0 fnt\n|faint|p1a: Kingambit\n|-end|p1a: Kingambit|fallenundefined|[silent]\n|\n|-heal|p2a: Grimmsnarl|266/293|[from] item: Leftovers\n|upkeep\n|\n|t:|1783572695\n|switch|p1a: Basculin|Basculin-Blue-Striped, L86, F|100/100\n|turn|10\n|inactive|Time left: 300 sec this turn | 300 sec total\n|\n|t:|1783572696\n|move|p2a: Grimmsnarl|Parting Shot|p1a: Basculin\n|-unboost|p1a: Basculin|atk|1\n|-unboost|p1a: Basculin|spa|1\n|inactive|Time left: 300 sec this turn | 300 sec total | 5 sec grace\n|\n|t:|1783572697\n|switch|p2a: Leafeon|Leafeon, L88, M|258/258|[from] Parting Shot\n|move|p1a: Basculin|Wave Crash|p2a: Leafeon\n|-resisted|p2a: Leafeon\n|-crit|p2a: Leafeon\n|-damage|p2a: Leafeon|114/258\n|-damage|p1a: Basculin|82/100|[from] Recoil\n|\n|-heal|p2a: Leafeon|130/258|[from] item: Leftovers\n|upkeep\n|turn|11\n|inactive|Time left: 300 sec this turn | 300 sec total\n|\n|t:|1783572697\n|switch|p1a: Heatran|Heatran, L79, M|100/100\n|-item|p1a: Heatran|Air Balloon\n|move|p2a: Leafeon|Swords Dance|p2a: Leafeon\n|-boost|p2a: Leafeon|atk|2\n|\n|-heal|p2a: Leafeon|146/258|[from] item: Leftovers\n|upkeep\n|turn|12\n|inactive|Time left: 300 sec this turn | 300 sec total\n|\n|t:|1783572698\n|move|p2a: Leafeon|Substitute|p2a: Leafeon\n|-start|p2a: Leafeon|Substitute\n|-damage|p2a: Leafeon|82/258\n|move|p1a: Heatran|Magma Storm|p2a: Leafeon\n|-supereffective|p2a: Leafeon\n|-end|p2a: Leafeon|Substitute\n|\n|-heal|p2a: Leafeon|98/258|[from] item: Leftovers\n|upkeep\n|turn|13\n|inactive|Time left: 300 sec this turn | 300 sec total\n|\n|t:|1783572699\n|move|p2a: Leafeon|Leaf Blade|p1a: Heatran\n|-resisted|p1a: Heatran\n|-damage|p1a: Heatran|83/100\n|-enditem|p1a: Heatran|Air Balloon\n|move|p1a: Heatran|Magma Storm|p2a: Leafeon\n|-supereffective|p2a: Leafeon\n|-damage|p2a: Leafeon|0 fnt\n|faint|p2a: Leafeon\n|\n|upkeep\n|inactive|Time left: 300 sec this turn | 300 sec total | 5 sec grace\n|\n|t:|1783572700\n|switch|p2a: Dunsparce|Dunsparce, L86, F|312/312\n|turn|14\n|inactive|Time left: 300 sec this turn | 300 sec total\n|\n|t:|1783572701\n|switch|p1a: Sinistcha|Sinistcha-Masterpiece, L83|100/100\n|move|p2a: Dunsparce|Coil|p2a: Dunsparce\n|-boost|p2a: Dunsparce|atk|1\n|-boost|p2a: Dunsparce|def|1\n|-boost|p2a: Dunsparce|accuracy|1\n|\n|upkeep\n|turn|15\n|inactive|Time left: 300 sec this turn | 300 sec total\n|\n|t:|1783572702\n|move|p1a: Sinistcha|Calm Mind|p1a: Sinistcha\n|-boost|p1a: Sinistcha|spa|1\n|-boost|p1a: Sinistcha|spd|1\n|move|p2a: Dunsparce|Coil|p2a: Dunsparce\n|-boost|p2a: Dunsparce|atk|1\n|-boost|p2a: Dunsparce|def|1\n|-boost|p2a: Dunsparce|accuracy|1\n|\n|upkeep\n|turn|16\n|inactive|Time left: 300 sec this turn | 300 sec total\n|\n|t:|1783572703\n|move|p1a: Sinistcha|Calm Mind|p1a: Sinistcha\n|-boost|p1a: Sinistcha|spa|1\n|-boost|p1a: Sinistcha|spd|1\n|move|p2a: Dunsparce|Coil|p2a: Dunsparce\n|-boost|p2a: Dunsparce|atk|1\n|-boost|p2a: Dunsparce|def|1\n|-boost|p2a: Dunsparce|accuracy|1\n|\n|upkeep\n|turn|17\n|inactive|Time left: 300 sec this turn | 300 sec total\n|\n|t:|1783572705\n|move|p1a: Sinistcha|Matcha Gotcha|p2a: Dunsparce\n|-damage|p2a: Dunsparce|164/312\n|move|p2a: Dunsparce|Roost|p2a: Dunsparce\n|-heal|p2a: Dunsparce|312/312\n|-singleturn|p2a: Dunsparce|move: Roost\n|\n|upkeep\n|turn|18\n|inactive|Time left: 300 sec this turn | 300 sec total\n|\n|t:|1783572706\n|move|p1a: Sinistcha|Matcha Gotcha|p2a: Dunsparce\n|-crit|p2a: Dunsparce\n|-damage|p2a: Dunsparce|63/312\n|move|p2a: Dunsparce|Roost|p2a: Dunsparce\n|-heal|p2a: Dunsparce|219/312\n|-singleturn|p2a: Dunsparce|move: Roost\n|\n|upkeep\n|turn|19\n|inactive|Time left: 300 sec this turn | 300 sec total\n|\n|t:|1783572707\n|move|p1a: Sinistcha|Matcha Gotcha|p2a: Dunsparce|[miss]\n|-miss|p1a: Sinistcha|p2a: Dunsparce\n|move|p2a: Dunsparce|Roost|p2a: Dunsparce\n|-heal|p2a: Dunsparce|312/312\n|-singleturn|p2a: Dunsparce|move: Roost\n|\n|upkeep\n|turn|20\n|inactive|Time left: 300 sec this turn | 300 sec total\n|\n|t:|1783572708\n|move|p1a: Sinistcha|Matcha Gotcha|p2a: Dunsparce\n|-damage|p2a: Dunsparce|155/312\n|move|p2a: Dunsparce|Roost|p2a: Dunsparce\n|-heal|p2a: Dunsparce|311/312\n|-singleturn|p2a: Dunsparce|move: Roost\n|\n|upkeep\n|turn|21\n|inactive|Time left: 300 sec this turn | 300 sec total\n|\n|t:|1783572709\n|move|p1a: Sinistcha|Matcha Gotcha|p2a: Dunsparce\n|-damage|p2a: Dunsparce|145/312\n|move|p2a: Dunsparce|Roost|p2a: Dunsparce\n|-heal|p2a: Dunsparce|301/312\n|-singleturn|p2a: Dunsparce|move: Roost\n|\n|upkeep\n|turn|22\n|inactive|Time left: 300 sec this turn | 300 sec total\n|\n|t:|1783572710\n|move|p1a: Sinistcha|Matcha Gotcha|p2a: Dunsparce\n|-damage|p2a: Dunsparce|135/312\n|-status|p2a: Dunsparce|brn\n|move|p2a: Dunsparce|Roost|p2a: Dunsparce\n|-heal|p2a: Dunsparce|291/312 brn\n|-singleturn|p2a: Dunsparce|move: Roost\n|\n|-damage|p2a: Dunsparce|272/312 brn|[from] brn\n|upkeep\n|turn|23\n|inactive|Time left: 300 sec this turn | 300 sec total\n|\n|t:|1783572710\n|move|p1a: Sinistcha|Matcha Gotcha|p2a: Dunsparce|[miss]\n|-miss|p1a: Sinistcha|p2a: Dunsparce\n|move|p2a: Dunsparce|Roost|p2a: Dunsparce\n|-heal|p2a: Dunsparce|312/312 brn\n|-singleturn|p2a: Dunsparce|move: Roost\n|\n|-damage|p2a: Dunsparce|293/312 brn|[from] brn\n|upkeep\n|turn|24\n|inactive|Time left: 300 sec this turn | 300 sec total\n|\n|t:|1783572711\n|move|p1a: Sinistcha|Matcha Gotcha|p2a: Dunsparce|[miss]\n|-miss|p1a: Sinistcha|p2a: Dunsparce\n|move|p2a: Dunsparce|Roost|p2a: Dunsparce\n|-heal|p2a: Dunsparce|312/312 brn\n|-singleturn|p2a: Dunsparce|move: Roost\n|\n|-damage|p2a: Dunsparce|293/312 brn|[from] brn\n|upkeep\n|turn|25\n|inactive|Time left: 300 sec this turn | 300 sec total\n|\n|t:|1783572712\n|move|p1a: Sinistcha|Matcha Gotcha|p2a: Dunsparce\n|-damage|p2a: Dunsparce|143/312 brn\n|move|p2a: Dunsparce|Body Slam|p1a: Sinistcha\n|-immune|p1a: Sinistcha\n|\n|-damage|p2a: Dunsparce|124/312 brn|[from] brn\n|upkeep\n|turn|26\n|inactive|Time left: 300 sec this turn | 300 sec total\n|\n|t:|1783572713\n|move|p1a: Sinistcha|Matcha Gotcha|p2a: Dunsparce\n|-damage|p2a: Dunsparce|0 fnt\n|faint|p2a: Dunsparce\n|\n|upkeep\n|inactive|Time left: 300 sec this turn | 300 sec total | 5 sec grace\n|\n|t:|1783572714\n|switch|p2a: Grimmsnarl|Grimmsnarl, L83, M|266/293\n|turn|27\n|inactive|Time left: 300 sec this turn | 300 sec total\n|\n|t:|1783572715\n|move|p2a: Grimmsnarl|Thunder Wave|p1a: Sinistcha\n|-status|p1a: Sinistcha|par\n|move|p1a: Sinistcha|Matcha Gotcha|p2a: Grimmsnarl\n|-damage|p2a: Grimmsnarl|58/293\n|\n|-heal|p2a: Grimmsnarl|76/293|[from] item: Leftovers\n|upkeep\n|turn|28\n|inactive|Time left: 300 sec this turn | 300 sec total\n|\n|t:|1783572716\n|move|p2a: Grimmsnarl|Parting Shot|p1a: Sinistcha\n|-unboost|p1a: Sinistcha|atk|1\n|-unboost|p1a: Sinistcha|spa|1\n|inactive|Time left: 300 sec this turn | 300 sec total | 5 sec grace\n|\n|t:|1783572717\n|switch|p2a: Houndoom|Houndoom, L87, M|272/272|[from] Parting Shot\n|cant|p1a: Sinistcha|par\n|\n|upkeep\n|turn|29\n|inactive|Time left: 300 sec this turn | 300 sec total\n|\n|t:|1783572718\n|switch|p1a: Basculin|Basculin-Blue-Striped, L86, F|82/100\n|move|p2a: Houndoom|Dark Pulse|p1a: Basculin\n|-damage|p1a: Basculin|33/100\n|\n|upkeep\n|turn|30\n|inactive|Time left: 300 sec this turn | 300 sec total\n|\n|t:|1783572719\n|-terastallize|p1a: Basculin|Water\n|move|p1a: Basculin|Aqua Jet|p2a: Houndoom\n|-supereffective|p2a: Houndoom\n|-damage|p2a: Houndoom|0 fnt\n|faint|p2a: Houndoom\n|\n|upkeep\n|inactive|Time left: 300 sec this turn | 300 sec total | 5 sec grace\n|\n|t:|1783572720\n|switch|p2a: Grimmsnarl|Grimmsnarl, L83, M|76/293\n|turn|31\n|inactive|Time left: 300 sec this turn | 300 sec total\n|\n|t:|1783572721\n|move|p1a: Basculin|Aqua Jet|p2a: Grimmsnarl\n|-damage|p2a: Grimmsnarl|0 fnt\n|faint|p2a: Grimmsnarl\n|\n|win|p0x2837d1e2", "uploadtime": 1783572721, "views": 0, "rating": 0, "private": 0, "password": null, "_winner": "p0x2837d1e2", "_our_name": "p0y2837c33b"}