{"id": "battle-gen9randombattle-434", "formatid": "gen9randombattle", "format": "[Gen 9] Random Battle", "players": ["p0x4345992", "p0y4341612"], "log": "|init|battle\n|title|p0x4345992 vs. p0y4341612\n|j|\u2606p0x4345992\n|j|\u2606p0y4341612\n|t:|1783544085\n|gametype|singles\n|player|p1|p0x4345992|1|\n|player|p2|p0y4341612|265|\n|gen|9\n|tier|[Gen 9] Random Battle\n|rule|Species Clause: Limit one of each Pok\u00e9mon\n|rule|HP Percentage Mod: HP is shown in percentages\n|rule|Sleep Clause Mod: Limit one foe put to sleep\n|rule|Illusion Level Mod: Illusion disguises the Pok\u00e9mon's true level\n|\n|t:|1783544085\n|teamsize|p1|6\n|teamsize|p2|6\n|start\n|switch|p1a: Galvantula|Galvantula, L82, M|100/100\n|switch|p2a: Feraligatr|Feraligatr, L79, F|264/264\n|turn|1\n|inactive|Battle timer is ON: inactive players will automatically lose when time's up. (requested by p0y4341612)\n|inactive|p0x4345992 also wants the timer to be on.\n|\n|t:|1783544087\n|move|p1a: Galvantula|Sticky Web|p2a: Feraligatr\n|-sidestart|p2: p0y4341612|move: Sticky Web\n|move|p2a: Feraligatr|Dragon Dance|p2a: Feraligatr\n|-boost|p2a: Feraligatr|atk|1\n|-boost|p2a: Feraligatr|spe|1\n|\n|upkeep\n|turn|2\n|inactive|Time left: 300 sec this turn | 300 sec total\n|\n|t:|1783544088\n|move|p2a: Feraligatr|Liquidation|p1a: Galvantula\n|-enditem|p1a: Galvantula|Focus Sash\n|-damage|p1a: Galvantula|1/100\n|move|p1a: Galvantula|Thunder|p2a: Feraligatr\n|-supereffective|p2a: Feraligatr\n|-crit|p2a: Feraligatr\n|-damage|p2a: Feraligatr|0 fnt\n|faint|p2a: Feraligatr\n|\n|upkeep\n|inactive|Time left: 300 sec this turn | 300 sec total | 5 sec grace\n|\n|t:|1783544089\n|switch|p2a: Entei|Entei, L78|307/307\n|-activate|p2a: Entei|move: Sticky Web\n|-unboost|p2a: Entei|spe|1\n|turn|3\n|inactive|Time left: 300 sec this turn | 300 sec total\n|\n|t:|1783544090\n|move|p2a: Entei|Extreme Speed|p1a: Galvantula\n|-damage|p1a: Galvantula|0 fnt\n|faint|p1a: Galvantula\n|\n|upkeep\n|\n|t:|1783544091\n|switch|p1a: Bruxish|Bruxish, L85, M|100/100\n|turn|4\n|inactive|Time left: 300 sec this turn | 300 sec total\n|\n|t:|1783544092\n|move|p2a: Entei|Extreme Speed|p1a: Bruxish\n|-damage|p1a: Bruxish|61/100\n|move|p1a: Bruxish|Psychic Fangs|p2a: Entei\n|-damage|p2a: Entei|49/307\n|\n|upkeep\n|turn|5\n|inactive|Time left: 300 sec this turn | 300 sec total\n|\n|t:|1783544093\n|move|p2a: Entei|Extreme Speed|p1a: Bruxish\n|-crit|p1a: Bruxish\n|-damage|p1a: Bruxish|0 fnt\n|faint|p1a: Bruxish\n|\n|upkeep\n|\n|t:|1783544094\n|switch|p1a: Vaporeon|Vaporeon, L86, M|100/100\n|turn|6\n|inactive|Time left: 300 sec this turn | 300 sec total\n|\n|t:|1783544095\n|move|p2a: Entei|Extreme Speed|p1a: Vaporeon\n|-damage|p1a: Vaporeon|72/100\n|move|p1a: Vaporeon|Scald|p2a: Entei\n|-supereffective|p2a: Entei\n|-damage|p2a: Entei|0 fnt\n|faint|p2a: Entei\n|\n|-heal|p1a: Vaporeon|79/100|[from] item: Leftovers\n|upkeep\n|inactive|Time left: 300 sec this turn | 300 sec total | 5 sec grace\n|\n|t:|1783544096\n|switch|p2a: Clodsire|Clodsire, L81, M|343/343\n|-activate|p2a: Clodsire|move: Sticky Web\n|-unboost|p2a: Clodsire|spe|1\n|turn|7\n|inactive|Time left: 300 sec this turn | 300 sec total\n|\n|t:|1783544097\n|move|p1a: Vaporeon|Calm Mind|p1a: Vaporeon\n|-boost|p1a: Vaporeon|spa|1\n|-boost|p1a: Vaporeon|spd|1\n|move|p2a: Clodsire|Toxic|p1a: Vaporeon\n|-status|p1a: Vaporeon|tox\n|\n|-heal|p1a: Vaporeon|85/100 tox|[from] item: Leftovers\n|-damage|p1a: Vaporeon|79/100 tox|[from] psn\n|upkeep\n|turn|8\n|inactive|Time left: 300 sec this turn | 300 sec total\n|\n|t:|1783544098\n|move|p1a: Vaporeon|Wish|p1a: Vaporeon\n|move|p2a: Clodsire|Earthquake|p1a: Vaporeon\n|-damage|p1a: Vaporeon|50/100 tox\n|\n|-heal|p1a: Vaporeon|56/100 tox|[from] item: Leftovers\n|-damage|p1a: Vaporeon|44/100 tox|[from] psn\n|upkeep\n|turn|9\n|inactive|Time left: 300 sec this turn | 300 sec total\n|\n|t:|1783544099\n|move|p1a: Vaporeon|Scald|p2a: Clodsire\n|-immune|p2a: Clodsire|[from] ability: Water Absorb\n|move|p2a: Clodsire|Gunk Shot|p1a: Vaporeon\n|-damage|p1a: Vaporeon|9/100 tox\n|\n|-heal|p1a: Vaporeon|59/100 tox|[from] move: Wish|[wisher] Vaporeon\n|-heal|p1a: Vaporeon|65/100 tox|[from] item: Leftovers\n|-damage|p1a: Vaporeon|47/100 tox|[from] psn\n|upkeep\n|turn|10\n|inactive|Time left: 300 sec this turn | 300 sec total\n|\n|t:|1783544100\n|move|p1a: Vaporeon|Wish|p1a: Vaporeon\n|move|p2a: Clodsire|Earthquake|p1a: Vaporeon\n|-damage|p1a: Vaporeon|16/100 tox\n|\n|-heal|p1a: Vaporeon|22/100 tox|[from] item: Leftovers\n|-damage|p1a: Vaporeon|0 fnt|[from] psn\n|faint|p1a: Vaporeon\n|upkeep\n|\n|t:|1783544101\n|switch|p1a: Dudunsparce|Dudunsparce-Three-Segment, L83, M|100/100\n|turn|11\n|inactive|Time left: 300 sec this turn | 300 sec total\n|\n|t:|1783544102\n|move|p1a: Dudunsparce|Boomburst|p2a: Clodsire\n|-damage|p2a: Clodsire|222/343\n|move|p2a: Clodsire|Toxic|p1a: Dudunsparce\n|-status|p1a: Dudunsparce|tox\n|\n|-heal|p2a: Clodsire|243/343|[from] item: Leftovers\n|-damage|p1a: Dudunsparce|94/100 tox|[from] psn\n|upkeep\n|turn|12\n|inactive|Time left: 300 sec this turn | 300 sec total\n|\n|t:|1783544103\n|move|p1a: Dudunsparce|Earthquake|p2a: Clodsire\n|-supereffective|p2a: Clodsire\n|-damage|p2a: Clodsire|59/343\n|move|p2a: Clodsire|Earthquake|p1a: Dudunsparce\n|-damage|p1a: Dudunsparce|70/100 tox\n|\n|-heal|p1a: Dudunsparce|76/100 tox|[from] item: Leftovers\n|-heal|p2a: Clodsire|80/343|[from] item: Leftovers\n|-damage|p1a: Dudunsparce|63/100 tox|[from] psn\n|upkeep\n|turn|13\n|inactive|Time left: 300 sec this turn | 300 sec total\n|\n|t:|1783544104\n|switch|p2a: Regigigas|Regigigas, L84|322/322\n|-activate|p2a: Regigigas|move: Sticky Web\n|-unboost|p2a: Regigigas|spe|1\n|-start|p2a: Regigigas|ability: Slow Start\n|move|p1a: Dudunsparce|Boomburst|p2a: Regigigas\n|-damage|p2a: Regigigas|211/322\n|\n|-heal|p1a: Dudunsparce|70/100 tox|[from] item: Leftovers\n|-heal|p2a: Regigigas|231/322|[from] item: Leftovers\n|-damage|p1a: Dudunsparce|51/100 tox|[from] psn\n|upkeep\n|turn|14\n|inactive|Time left: 300 sec this turn | 300 sec total\n|\n|t:|1783544105\n|move|p2a: Regigigas|Protect|p2a: Regigigas\n|-singleturn|p2a: Regigigas|Protect\n|move|p1a: Dudunsparce|Roost|p1a: Dudunsparce\n|-heal|p1a: Dudunsparce|100/100 tox\n|-singleturn|p1a: Dudunsparce|move: Roost\n|\n|-heal|p2a: Regigigas|251/322|[from] item: Leftovers\n|-damage|p1a: Dudunsparce|76/100 tox|[from] psn\n|upkeep\n|turn|15\n|inactive|Time left: 300 sec this turn | 300 sec total\n|\n|t:|1783544107\n|switch|p1a: Iron Valiant|Iron Valiant, L78|100/100\n|move|p2a: Regigigas|Body Slam|p1a: Iron Valiant\n|-damage|p1a: Iron Valiant|71/100\n|\n|-heal|p2a: Regigigas|271/322|[from] item: Leftovers\n|upkeep\n|turn|16\n|inactive|Time left: 300 sec this turn | 300 sec total\n|\n|t:|1783544108\n|move|p1a: Iron Valiant|Close Combat|p2a: Regigigas\n|-supereffective|p2a: Regigigas\n|-damage|p2a: Regigigas|0 fnt\n|-unboost|p1a: Iron Valiant|def|1\n|-unboost|p1a: Iron Valiant|spd|1\n|faint|p2a: Regigigas\n|-end|p2a: Regigigas|Slow Start|[silent]\n|-damage|p1a: Iron Valiant|61/100|[from] item: Life Orb\n|\n|upkeep\n|inactive|Time left: 300 sec this turn | 300 sec total | 5 sec grace\n|\n|t:|1783544109\n|switch|p2a: Scizor|Scizor, L79, M|240/240\n|-activate|p2a: Scizor|move: Sticky Web\n|-unboost|p2a: Scizor|spe|1\n|turn|17\n|inactive|Time left: 300 sec this turn | 300 sec total\n|\n|t:|1783544110\n|-end|p1a: Iron Valiant|Quark Drive|[silent]\n|switch|p1a: Dudunsparce|Dudunsparce-Three-Segment, L83, M|76/100 tox\n|move|p2a: Scizor|Bullet Punch|p1a: Dudunsparce\n|-damage|p1a: Dudunsparce|42/100 tox\n|\n|-heal|p1a: Dudunsparce|48/100 tox|[from] item: Leftovers\n|-damage|p1a: Dudunsparce|42/100 tox|[from] psn\n|upkeep\n|turn|18\n|inactive|Time left: 300 sec this turn | 300 sec total\n|\n|t:|1783544111\n|move|p2a: Scizor|Bullet Punch|p1a: Dudunsparce\n|-damage|p1a: Dudunsparce|9/100 tox\n|move|p1a: Dudunsparce|Roost|p1a: Dudunsparce\n|-heal|p1a: Dudunsparce|59/100 tox\n|-singleturn|p1a: Dudunsparce|move: Roost\n|\n|-heal|p1a: Dudunsparce|65/100 tox|[from] item: Leftovers\n|-damage|p1a: Dudunsparce|53/100 tox|[from] psn\n|upkeep\n|turn|19\n|inactive|Time left: 300 sec this turn | 300 sec total\n|\n|t:|1783544112\n|move|p2a: Scizor|Bullet Punch|p1a: Dudunsparce\n|-damage|p1a: Dudunsparce|19/100 tox\n|move|p1a: Dudunsparce|Roost|p1a: Dudunsparce\n|-heal|p1a: Dudunsparce|70/100 tox\n|-singleturn|p1a: Dudunsparce|move: Roost\n|\n|-heal|p1a: Dudunsparce|76/100 tox|[from] item: Leftovers\n|-damage|p1a: Dudunsparce|57/100 tox|[from] psn\n|upkeep\n|turn|20\n|inactive|Time left: 300 sec this turn | 300 sec total\n|\n|t:|1783544113\n|switch|p1a: Oinkologne|Oinkologne-F, L92, F|100/100\n|move|p2a: Scizor|Bullet Punch|p1a: Oinkologne\n|-damage|p1a: Oinkologne|71/100\n|\n|-heal|p1a: Oinkologne|77/100|[from] item: Leftovers\n|upkeep\n|turn|21\n|inactive|Time left: 300 sec this turn | 300 sec total\n|\n|t:|1783544114\n|move|p2a: Scizor|Bullet Punch|p1a: Oinkologne\n|-damage|p1a: Oinkologne|46/100\n|move|p1a: Oinkologne|Body Slam|p2a: Scizor\n|-resisted|p2a: Scizor\n|-damage|p2a: Scizor|194/240\n|\n|-heal|p1a: Oinkologne|52/100|[from] item: Leftovers\n|upkeep\n|turn|22\n|inactive|Time left: 300 sec this turn | 300 sec total\n|\n|t:|1783544115\n|move|p2a: Scizor|Bullet Punch|p1a: Oinkologne\n|-crit|p1a: Oinkologne\n|-damage|p1a: Oinkologne|6/100\n|move|p1a: Oinkologne|Rest|p1a: Oinkologne\n|-status|p1a: Oinkologne|slp|[from] move: Rest\n|-heal|p1a: Oinkologne|100/100 slp|[silent]\n|\n|upkeep\n|turn|23\n|inactive|Time left: 300 sec this turn | 300 sec total\n|\n|t:|1783544116\n|move|p2a: Scizor|Bullet Punch|p1a: Oinkologne\n|-crit|p1a: Oinkologne\n|-damage|p1a: Oinkologne|53/100 slp\n|cant|p1a: Oinkologne|slp\n|move|p1a: Oinkologne|Sleep Talk|p1a: Oinkologne\n|move|p1a: Oinkologne|Body Slam|p2a: Scizor|[from] move: Sleep Talk\n|-resisted|p2a: Scizor\n|-damage|p2a: Scizor|143/240\n|-status|p2a: Scizor|par\n|\n|-heal|p1a: Oinkologne|59/100 slp|[from] item: Leftovers\n|upkeep\n|turn|24\n|inactive|Time left: 300 sec this turn | 300 sec total\n|\n|t:|1783544117\n|cant|p2a: Scizor|par\n|cant|p1a: Oinkologne|slp\n|move|p1a: Oinkologne|Sleep Talk|p1a: Oinkologne\n|move|p1a: Oinkologne|Rest||[from] move: Sleep Talk|[still]\n|-fail|p1a: Oinkologne\n|\n|-heal|p1a: Oinkologne|65/100 slp|[from] item: Leftovers\n|upkeep\n|turn|25\n|inactive|Time left: 300 sec this turn | 300 sec total\n|\n|t:|1783544118\n|cant|p2a: Scizor|par\n|-curestatus|p1a: Oinkologne|slp|[msg]\n|move|p1a: Oinkologne|Body Slam|p2a: Scizor\n|-resisted|p2a: Scizor\n|-crit|p2a: Scizor\n|-damage|p2a: Scizor|75/240 par\n|\n|-heal|p1a: Oinkologne|71/100|[from] item: Leftovers\n|upkeep\n|turn|26\n|inactive|Time left: 300 sec this turn | 300 sec total\n|\n|t:|1783544119\n|move|p2a: Scizor|Bullet Punch|p1a: Oinkologne\n|-damage|p1a: Oinkologne|38/100\n|move|p1a: Oinkologne|Curse|p1a: Oinkologne\n|-unboost|p1a: Oinkologne|spe|1\n|-boost|p1a: Oinkologne|atk|1\n|-boost|p1a: Oinkologne|def|1\n|\n|-heal|p1a: Oinkologne|44/100|[from] item: Leftovers\n|upkeep\n|turn|27\n|inactive|Time left: 300 sec this turn | 300 sec total\n|\n|t:|1783544120\n|move|p2a: Scizor|Bullet Punch|p1a: Oinkologne\n|-damage|p1a: Oinkologne|24/100\n|move|p1a: Oinkologne|Body Slam|p2a: Scizor\n|-resisted|p2a: Scizor\n|-damage|p2a: Scizor|1/240 par\n|\n|-heal|p1a: Oinkologne|30/100|[from] item: Leftovers\n|upkeep\n|turn|28\n|inactive|Time left: 300 sec this turn | 300 sec total\n|\n|t:|1783544121\n|move|p2a: Scizor|Bullet Punch|p1a: Oinkologne\n|-damage|p1a: Oinkologne|8/100\n|move|p1a: Oinkologne|Rest|p1a: Oinkologne\n|-status|p1a: Oinkologne|slp|[from] move: Rest\n|-heal|p1a: Oinkologne|100/100 slp|[silent]\n|\n|upkeep\n|turn|29\n|inactive|Time left: 300 sec this turn | 300 sec total\n|\n|t:|1783544122\n|move|p2a: Scizor|Bullet Punch|p1a: Oinkologne\n|-damage|p1a: Oinkologne|80/100 slp\n|cant|p1a: Oinkologne|slp\n|move|p1a: Oinkologne|Sleep Talk|p1a: Oinkologne\n|move|p1a: Oinkologne|Curse|p1a: Oinkologne|[from] move: Sleep Talk\n|-unboost|p1a: Oinkologne|spe|1\n|-boost|p1a: Oinkologne|atk|1\n|-boost|p1a: Oinkologne|def|1\n|\n|-heal|p1a: Oinkologne|86/100 slp|[from] item: Leftovers\n|upkeep\n|turn|30\n|inactive|Time left: 300 sec this turn | 300 sec total\n|\n|t:|1783544123\n|move|p2a: Scizor|Bullet Punch|p1a: Oinkologne\n|-damage|p1a: Oinkologne|71/100 slp\n|cant|p1a: Oinkologne|slp\n|move|p1a: Oinkologne|Sleep Talk|p1a: Oinkologne\n|move|p1a: Oinkologne|Body Slam|p2a: Scizor|[from] move: Sleep Talk\n|-resisted|p2a: Scizor\n|-damage|p2a: Scizor|0 fnt\n|faint|p2a: Scizor\n|\n|-heal|p1a: Oinkologne|77/100 slp|[from] item: Leftovers\n|upkeep\n|inactive|Time left: 300 sec this turn | 300 sec total | 5 sec grace\n|\n|t:|1783544124\n|switch|p2a: Arceus|Arceus-Water, L71|288/288\n|-activate|p2a: Arceus|move: Sticky Web\n|-unboost|p2a: Arceus|spe|1\n|turn|31\n|inactive|Time left: 300 sec this turn | 300 sec total\n|\n|t:|1783544125\n|-terastallize|p2a: Arceus|Steel\n|move|p2a: Arceus|Calm Mind|p2a: Arceus\n|-boost|p2a: Arceus|spa|1\n|-boost|p2a: Arceus|spd|1\n|-curestatus|p1a: Oinkologne|slp|[msg]\n|move|p1a: Oinkologne|Body Slam|p2a: Arceus\n|-resisted|p2a: Arceus\n|-damage|p2a: Arceus|192/288\n|\n|-heal|p1a: Oinkologne|83/100|[from] item: Leftovers\n|upkeep\n|turn|32\n|inactive|Time left: 300 sec this turn | 300 sec total\n|\n|t:|1783544126\n|move|p2a: Arceus|Judgment|p1a: Oinkologne\n|-damage|p1a: Oinkologne|40/100\n|move|p1a: Oinkologne|Body Slam|p2a: Arceus\n|-resisted|p2a: Arceus\n|-damage|p2a: Arceus|105/288\n|\n|-heal|p1a: Oinkologne|46/100|[from] item: Leftovers\n|upkeep\n|turn|33\n|inactive|Time left: 300 sec this turn | 300 sec total\n|\n|t:|1783544127\n|move|p2a: Arceus|Recover|p2a: Arceus\n|-heal|p2a: Arceus|249/288\n|move|p1a: Oinkologne|Body Slam|p2a: Arceus\n|-resisted|p2a: Arceus\n|-damage|p2a: Arceus|165/288\n|\n|-heal|p1a: Oinkologne|52/100|[from] item: Leftovers\n|upkeep\n|turn|34\n|inactive|Time left: 300 sec this turn | 300 sec total\n|\n|t:|1783544128\n|move|p2a: Arceus|Judgment|p1a: Oinkologne\n|-damage|p1a: Oinkologne|7/100\n|move|p1a: Oinkologne|Body Slam|p2a: Arceus\n|-resisted|p2a: Arceus\n|-damage|p2a: Arceus|78/288\n|\n|-heal|p1a: Oinkologne|14/100|[from] item: Leftovers\n|upkeep\n|turn|35\n|inactive|Time left: 300 sec this turn | 300 sec total\n|\n|t:|1783544129\n|move|p2a: Arceus|Recover|p2a: Arceus\n|-heal|p2a: Arceus|222/288\n|move|p1a: Oinkologne|Rest|p1a: Oinkologne\n|-status|p1a: Oinkologne|slp|[from] move: Rest\n|-heal|p1a: Oinkologne|100/100 slp|[silent]\n|\n|upkeep\n|turn|36\n|inactive|Time left: 300 sec this turn | 300 sec total\n|\n|t:|1783544129\n|move|p2a: Arceus|Judgment|p1a: Oinkologne\n|-damage|p1a: Oinkologne|60/100 slp\n|cant|p1a: Oinkologne|slp\n|move|p1a: Oinkologne|Sleep Talk|p1a: Oinkologne\n|move|p1a: Oinkologne|Body Slam|p2a: Arceus|[from] move: Sleep Talk\n|-resisted|p2a: Arceus\n|-damage|p2a: Arceus|124/288\n|\n|-heal|p1a: Oinkologne|66/100 slp|[from] item: Leftovers\n|upkeep\n|turn|37\n|inactive|Time left: 300 sec this turn | 300 sec total\n|\n|t:|1783544130\n|move|p2a: Arceus|Judgment|p1a: Oinkologne\n|-damage|p1a: Oinkologne|27/100 slp\n|cant|p1a: Oinkologne|slp\n|move|p1a: Oinkologne|Sleep Talk|p1a: Oinkologne\n|move|p1a: Oinkologne|Body Slam|p2a: Arceus|[from] move: Sleep Talk\n|-resisted|p2a: Arceus\n|-crit|p2a: Arceus\n|-damage|p2a: Arceus|0 fnt\n|faint|p2a: Arceus\n|\n|-heal|p1a: Oinkologne|33/100 slp|[from] item: Leftovers\n|upkeep\n|inactive|Time left: 300 sec this turn | 300 sec total | 5 sec grace\n|\n|t:|1783544131\n|switch|p2a: Clodsire|Clodsire, L81, M|80/343\n|-activate|p2a: Clodsire|move: Sticky Web\n|-unboost|p2a: Clodsire|spe|1\n|turn|38\n|inactive|Time left: 300 sec this turn | 300 sec total\n|\n|t:|1783544132\n|-curestatus|p1a: Oinkologne|slp|[msg]\n|move|p1a: Oinkologne|Body Slam|p2a: Clodsire\n|-damage|p2a: Clodsire|0 fnt\n|faint|p2a: Clodsire\n|\n|win|p0x4345992", "uploadtime": 1783544132, "views": 0, "rating": 0, "private": 0, "password": null, "_winner": "p0x4345992", "_our_name": "p0y4341612"}