{"id": "battle-gen9randombattle-996", "formatid": "gen9randombattle", "format": "[Gen 9] Random Battle", "players": ["p0x996edd5", "p0y99657a0"], "log": "|init|battle\n|title|p0x996edd5 vs. p0y99657a0\n|j|\u2606p0x996edd5\n|j|\u2606p0y99657a0\n|t:|1783550729\n|gametype|singles\n|player|p1|p0x996edd5|101|\n|player|p2|p0y99657a0|265|\n|gen|9\n|tier|[Gen 9] Random Battle\n|rule|Species Clause: Limit one of each Pok\u00e9mon\n|rule|HP Percentage Mod: HP is shown in percentages\n|rule|Sleep Clause Mod: Limit one foe put to sleep\n|rule|Illusion Level Mod: Illusion disguises the Pok\u00e9mon's true level\n|\n|t:|1783550729\n|teamsize|p1|6\n|teamsize|p2|6\n|start\n|switch|p1a: Hippowdon|Hippowdon, L82, F|311/311\n|switch|p2a: Crabominable|Crabominable, L90, M|100/100\n|-weather|Sandstorm|[from] ability: Sand Stream|[of] p1a: Hippowdon\n|turn|1\n|inactive|Battle timer is ON: inactive players will automatically lose when time's up. (requested by p0x996edd5)\n|\n|t:|1783550731\n|switch|p1a: Misdreavus|Misdreavus, L90, F|254/254\n|move|p2a: Crabominable|Ice Hammer|p1a: Misdreavus\n|-damage|p1a: Misdreavus|94/254\n|-unboost|p2a: Crabominable|spe|1\n|\n|-weather|Sandstorm|[upkeep]\n|-damage|p1a: Misdreavus|79/254|[from] Sandstorm\n|-damage|p2a: Crabominable|94/100|[from] Sandstorm\n|upkeep\n|turn|2\n|inactive|Time left: 300 sec this turn | 300 sec total\n|inactive|p0y99657a0 also wants the timer to be on.\n|\n|t:|1783550732\n|switch|p2a: Blaziken|Blaziken, L76, F|100/100\n|move|p1a: Misdreavus|Will-O-Wisp|p2a: Blaziken\n|-immune|p2a: Blaziken\n|\n|-weather|Sandstorm|[upkeep]\n|-damage|p1a: Misdreavus|64/254|[from] Sandstorm\n|-damage|p2a: Blaziken|94/100|[from] Sandstorm\n|upkeep\n|turn|3\n|inactive|Time left: 300 sec this turn | 300 sec total\n|\n|t:|1783550733\n|move|p1a: Misdreavus|Shadow Ball|p2a: Blaziken\n|-damage|p2a: Blaziken|47/100\n|move|p2a: Blaziken|Swords Dance|p2a: Blaziken\n|-boost|p2a: Blaziken|atk|2\n|\n|-weather|Sandstorm|[upkeep]\n|-damage|p1a: Misdreavus|49/254|[from] Sandstorm\n|-damage|p2a: Blaziken|41/100|[from] Sandstorm\n|-ability|p2a: Blaziken|Speed Boost|boost\n|-boost|p2a: Blaziken|spe|1\n|upkeep\n|turn|4\n|inactive|Time left: 300 sec this turn | 300 sec total\n|\n|t:|1783550734\n|move|p2a: Blaziken|Knock Off|p1a: Misdreavus\n|-supereffective|p1a: Misdreavus\n|-damage|p1a: Misdreavus|0 fnt\n|-enditem|p1a: Misdreavus|Eviolite|[from] move: Knock Off|[of] p2a: Blaziken\n|faint|p1a: Misdreavus\n|-damage|p2a: Blaziken|31/100|[from] item: Life Orb\n|\n|-weather|Sandstorm|[upkeep]\n|-damage|p2a: Blaziken|25/100|[from] Sandstorm\n|-ability|p2a: Blaziken|Speed Boost|boost\n|-boost|p2a: Blaziken|spe|1\n|upkeep\n|inactive|Time left: 300 sec this turn | 300 sec total | 5 sec grace\n|\n|t:|1783550735\n|switch|p1a: Dragalge|Dragalge, L88, F|258/258\n|turn|5\n|inactive|Time left: 300 sec this turn | 300 sec total\n|\n|t:|1783550736\n|move|p2a: Blaziken|Close Combat|p1a: Dragalge\n|-resisted|p1a: Dragalge\n|-damage|p1a: Dragalge|102/258\n|-unboost|p2a: Blaziken|def|1\n|-unboost|p2a: Blaziken|spd|1\n|-damage|p2a: Blaziken|15/100|[from] item: Life Orb\n|move|p1a: Dragalge|Sludge Wave|p2a: Blaziken\n|-damage|p2a: Blaziken|0 fnt\n|faint|p2a: Blaziken\n|\n|-weather|none\n|upkeep\n|\n|t:|1783550737\n|switch|p2a: Basculin|Basculin, L86, F|100/100\n|turn|6\n|inactive|Time left: 300 sec this turn | 300 sec total\n|\n|t:|1783550738\n|switch|p1a: Brute Bonnet|Brute Bonnet, L80|309/309\n|move|p2a: Basculin|Wave Crash|p1a: Brute Bonnet\n|-resisted|p1a: Brute Bonnet\n|-damage|p1a: Brute Bonnet|187/309\n|-damage|p2a: Basculin|85/100|[from] Recoil\n|\n|-heal|p1a: Brute Bonnet|206/309|[from] item: Leftovers\n|upkeep\n|turn|7\n|inactive|Time left: 300 sec this turn | 300 sec total\n|\n|t:|1783550739\n|switch|p2a: Enamorus|Enamorus-Therian, L83, F|100/100\n|move|p1a: Brute Bonnet|Crunch|p2a: Enamorus\n|-resisted|p2a: Enamorus\n|-damage|p2a: Enamorus|84/100\n|\n|-heal|p1a: Brute Bonnet|225/309|[from] item: Leftovers\n|upkeep\n|turn|8\n|inactive|Time left: 300 sec this turn | 300 sec total\n|\n|t:|1783550740\n|-end|p1a: Brute Bonnet|Protosynthesis|[silent]\n|switch|p1a: Regice|Regice, L88, shiny|284/284\n|move|p2a: Enamorus|Moonblast|p1a: Regice\n|-damage|p1a: Regice|223/284\n|\n|upkeep\n|turn|9\n|inactive|Time left: 300 sec this turn | 300 sec total\n|\n|t:|1783550741\n|switch|p2a: Crabominable|Crabominable, L90, M|94/100\n|move|p1a: Regice|Ice Beam|p2a: Crabominable\n|-resisted|p2a: Crabominable\n|-damage|p2a: Crabominable|81/100\n|\n|upkeep\n|turn|10\n|inactive|Time left: 300 sec this turn | 300 sec total\n|\n|t:|1783550742\n|switch|p1a: Mew|Mew, L82|298/298\n|move|p2a: Crabominable|Drain Punch|p1a: Mew\n|-resisted|p1a: Mew\n|-damage|p1a: Mew|238/298\n|-heal|p2a: Crabominable|91/100|[from] drain|[of] p1a: Mew\n|\n|upkeep\n|turn|11\n|inactive|Time left: 300 sec this turn | 300 sec total\n|\n|t:|1783550744\n|move|p1a: Mew|Psyshock|p2a: Crabominable\n|-supereffective|p2a: Crabominable\n|-damage|p2a: Crabominable|24/100\n|-damage|p1a: Mew|209/298|[from] item: Life Orb\n|move|p2a: Crabominable|Knock Off|p1a: Mew\n|-supereffective|p1a: Mew\n|-damage|p1a: Mew|25/298\n|-enditem|p1a: Mew|Life Orb|[from] move: Knock Off|[of] p2a: Crabominable\n|\n|upkeep\n|turn|12\n|inactive|Time left: 300 sec this turn | 300 sec total\n|\n|t:|1783550745\n|switch|p2a: Gothitelle|Gothitelle, L90, M|100/100\n|move|p1a: Mew|Psyshock|p2a: Gothitelle\n|-resisted|p2a: Gothitelle\n|-damage|p2a: Gothitelle|86/100\n|\n|upkeep\n|turn|13\n|inactive|Time left: 300 sec this turn | 300 sec total\n|\n|t:|1783550746\n|move|p2a: Gothitelle|Dark Pulse|p1a: Mew\n|-supereffective|p1a: Mew\n|-damage|p1a: Mew|0 fnt\n|faint|p1a: Mew\n|\n|upkeep\n|inactive|Time left: 300 sec this turn | 300 sec total | 5 sec grace\n|\n|t:|1783550747\n|switch|p1a: Dragalge|Dragalge, L88, F|102/258\n|turn|14\n|inactive|Time left: 300 sec this turn | 300 sec total\n|\n|t:|1783550747\n|move|p2a: Gothitelle|Dark Pulse|p1a: Dragalge\n|-damage|p1a: Dragalge|56/258\n|move|p1a: Dragalge|Sludge Wave|p2a: Gothitelle\n|-damage|p2a: Gothitelle|18/100\n|\n|upkeep\n|turn|15\n|inactive|Time left: 300 sec this turn | 300 sec total\n|\n|t:|1783550748\n|move|p2a: Gothitelle|Dark Pulse|p1a: Dragalge\n|-damage|p1a: Dragalge|10/258\n|move|p1a: Dragalge|Sludge Wave|p2a: Gothitelle\n|-damage|p2a: Gothitelle|0 fnt\n|faint|p2a: Gothitelle\n|\n|upkeep\n|\n|t:|1783550749\n|switch|p2a: Crabominable|Crabominable, L90, M|24/100\n|turn|16\n|inactive|Time left: 300 sec this turn | 300 sec total\n|\n|t:|1783550750\n|move|p2a: Crabominable|Drain Punch|p1a: Dragalge\n|-resisted|p1a: Dragalge\n|-damage|p1a: Dragalge|0 fnt\n|-heal|p2a: Crabominable|26/100|[from] drain|[of] p1a: Dragalge\n|faint|p1a: Dragalge\n|\n|upkeep\n|inactive|Time left: 300 sec this turn | 300 sec total | 5 sec grace\n|\n|t:|1783550751\n|switch|p1a: Brute Bonnet|Brute Bonnet, L80|225/309\n|turn|17\n|inactive|Time left: 300 sec this turn | 300 sec total\n|\n|t:|1783550752\n|switch|p2a: Enamorus|Enamorus-Therian, L83, F|84/100\n|move|p1a: Brute Bonnet|Close Combat|p2a: Enamorus\n|-resisted|p2a: Enamorus\n|-damage|p2a: Enamorus|77/100\n|-unboost|p1a: Brute Bonnet|def|1\n|-unboost|p1a: Brute Bonnet|spd|1\n|\n|-heal|p1a: Brute Bonnet|244/309|[from] item: Leftovers\n|upkeep\n|turn|18\n|inactive|Time left: 300 sec this turn | 300 sec total\n|\n|t:|1783550753\n|-end|p1a: Brute Bonnet|Protosynthesis|[silent]\n|switch|p1a: Regice|Regice, L88, shiny|223/284\n|move|p2a: Enamorus|Moonblast|p1a: Regice\n|-damage|p1a: Regice|159/284\n|\n|upkeep\n|turn|19\n|inactive|Time left: 300 sec this turn | 300 sec total\n|\n|t:|1783550754\n|move|p1a: Regice|Ice Beam|p2a: Enamorus\n|-supereffective|p2a: Enamorus\n|-damage|p2a: Enamorus|23/100\n|move|p2a: Enamorus|Superpower|p1a: Regice\n|-supereffective|p1a: Regice\n|-damage|p1a: Regice|0 fnt\n|-unboost|p2a: Enamorus|atk|1\n|-unboost|p2a: Enamorus|def|1\n|faint|p1a: Regice\n|\n|upkeep\n|inactive|Time left: 300 sec this turn | 300 sec total | 5 sec grace\n|\n|t:|1783550755\n|switch|p1a: Brute Bonnet|Brute Bonnet, L80|244/309\n|turn|20\n|inactive|Time left: 300 sec this turn | 300 sec total\n|\n|t:|1783550756\n|switch|p2a: Donphan|Donphan, L84, F|100/100\n|move|p1a: Brute Bonnet|Crunch|p2a: Donphan\n|-crit|p2a: Donphan\n|-damage|p2a: Donphan|63/100\n|\n|-heal|p1a: Brute Bonnet|263/309|[from] item: Leftovers\n|upkeep\n|turn|21\n|inactive|Time left: 300 sec this turn | 300 sec total\n|\n|t:|1783550757\n|move|p1a: Brute Bonnet|Crunch|p2a: Donphan\n|-damage|p2a: Donphan|35/100\n|move|p2a: Donphan|Earthquake|p1a: Brute Bonnet\n|-resisted|p1a: Brute Bonnet\n|-damage|p1a: Brute Bonnet|198/309\n|\n|-heal|p1a: Brute Bonnet|217/309|[from] item: Leftovers\n|upkeep\n|turn|22\n|inactive|Time left: 300 sec this turn | 300 sec total\n|\n|t:|1783550758\n|switch|p2a: Enamorus|Enamorus-Therian, L83, F|23/100\n|move|p1a: Brute Bonnet|Crunch|p2a: Enamorus\n|-resisted|p2a: Enamorus\n|-damage|p2a: Enamorus|7/100\n|\n|-heal|p1a: Brute Bonnet|236/309|[from] item: Leftovers\n|upkeep\n|turn|23\n|inactive|Time left: 300 sec this turn | 300 sec total\n|\n|t:|1783550759\n|move|p1a: Brute Bonnet|Crunch|p2a: Enamorus\n|-resisted|p2a: Enamorus\n|-damage|p2a: Enamorus|0 fnt\n|faint|p2a: Enamorus\n|\n|-heal|p1a: Brute Bonnet|255/309|[from] item: Leftovers\n|upkeep\n|\n|t:|1783550760\n|switch|p2a: Crabominable|Crabominable, L90, M|26/100\n|turn|24\n|inactive|Time left: 300 sec this turn | 300 sec total\n|\n|t:|1783550761\n|move|p1a: Brute Bonnet|Spore|p2a: Crabominable\n|-status|p2a: Crabominable|slp|[from] move: Spore\n|cant|p2a: Crabominable|slp\n|\n|-heal|p1a: Brute Bonnet|274/309|[from] item: Leftovers\n|upkeep\n|turn|25\n|inactive|Time left: 300 sec this turn | 300 sec total\n|\n|t:|1783550762\n|move|p1a: Brute Bonnet|Close Combat|p2a: Crabominable\n|-supereffective|p2a: Crabominable\n|-damage|p2a: Crabominable|0 fnt\n|-unboost|p1a: Brute Bonnet|def|1\n|-unboost|p1a: Brute Bonnet|spd|1\n|faint|p2a: Crabominable\n|\n|-heal|p1a: Brute Bonnet|293/309|[from] item: Leftovers\n|upkeep\n|\n|t:|1783550763\n|switch|p2a: Basculin|Basculin, L86, F|85/100\n|turn|26\n|inactive|Time left: 300 sec this turn | 300 sec total\n|\n|t:|1783550764\n|move|p2a: Basculin|Wave Crash|p1a: Brute Bonnet\n|-resisted|p1a: Brute Bonnet\n|-damage|p1a: Brute Bonnet|95/309\n|-damage|p2a: Basculin|60/100|[from] Recoil\n|move|p1a: Brute Bonnet|Crunch|p2a: Basculin\n|-damage|p2a: Basculin|14/100\n|\n|-heal|p1a: Brute Bonnet|114/309|[from] item: Leftovers\n|upkeep\n|turn|27\n|inactive|Time left: 300 sec this turn | 300 sec total\n|\n|t:|1783550765\n|switch|p2a: Donphan|Donphan, L84, F|35/100\n|-terastallize|p1a: Brute Bonnet|Poison\n|move|p1a: Brute Bonnet|Crunch|p2a: Donphan\n|-damage|p2a: Donphan|7/100\n|\n|-heal|p1a: Brute Bonnet|133/309|[from] item: Leftovers\n|upkeep\n|turn|28\n|inactive|Time left: 300 sec this turn | 300 sec total\n|\n|t:|1783550766\n|move|p1a: Brute Bonnet|Crunch|p2a: Donphan\n|-damage|p2a: Donphan|0 fnt\n|faint|p2a: Donphan\n|\n|-heal|p1a: Brute Bonnet|152/309|[from] item: Leftovers\n|upkeep\n|\n|t:|1783550767\n|switch|p2a: Basculin|Basculin, L86, F|14/100\n|turn|29\n|inactive|Time left: 300 sec this turn | 300 sec total\n|\n|t:|1783550768\n|move|p2a: Basculin|Aqua Jet|p1a: Brute Bonnet\n|-damage|p1a: Brute Bonnet|28/309\n|move|p1a: Brute Bonnet|Crunch|p2a: Basculin\n|-damage|p2a: Basculin|0 fnt\n|faint|p2a: Basculin\n|\n|win|p0x996edd5", "uploadtime": 1783550768, "views": 0, "rating": 0, "private": 0, "password": null, "_winner": "p0x996edd5", "_our_name": "p0x996edd5"}