{"id": "battle-gen9randombattle-2698", "formatid": "gen9randombattle", "format": "[Gen 9] Random Battle", "players": ["p0x2698b34b", "p0y2698b7e9"], "log": "|init|battle\n|title|p0x2698b34b vs. p0y2698b7e9\n|j|\u2606p0x2698b34b\n|j|\u2606p0y2698b7e9\n|t:|1783570111\n|gametype|singles\n|player|p1|p0x2698b34b|101|\n|player|p2|p0y2698b7e9|101|\n|gen|9\n|tier|[Gen 9] Random Battle\n|rule|Species Clause: Limit one of each Pok\u00e9mon\n|rule|HP Percentage Mod: HP is shown in percentages\n|rule|Sleep Clause Mod: Limit one foe put to sleep\n|rule|Illusion Level Mod: Illusion disguises the Pok\u00e9mon's true level\n|\n|t:|1783570111\n|teamsize|p1|6\n|teamsize|p2|6\n|start\n|switch|p1a: Metagross|Metagross, L79|100/100\n|switch|p2a: Pecharunt|Pecharunt, L77|262/262\n|turn|1\n|inactive|Battle timer is ON: inactive players will automatically lose when time's up. (requested by p0x2698b34b)\n|inactive|Time left: 300 sec this turn | 300 sec total | 60 sec grace\n|\n|t:|1783570112\n|move|p2a: Pecharunt|Nasty Plot|p2a: Pecharunt\n|-boost|p2a: Pecharunt|spa|2\n|move|p1a: Metagross|Earthquake|p2a: Pecharunt\n|-supereffective|p2a: Pecharunt\n|-damage|p2a: Pecharunt|154/262\n|\n|-heal|p2a: Pecharunt|170/262|[from] item: Leftovers\n|upkeep\n|turn|2\n|inactive|Time left: 300 sec this turn | 300 sec total\n|inactive|p0y2698b7e9 also wants the timer to be on.\n|\n|t:|1783570113\n|-terastallize|p1a: Metagross|Ground\n|move|p2a: Pecharunt|Shadow Ball|p1a: Metagross\n|-damage|p1a: Metagross|43/100\n|move|p1a: Metagross|Earthquake|p2a: Pecharunt\n|-supereffective|p2a: Pecharunt\n|-damage|p2a: Pecharunt|0 fnt\n|faint|p2a: Pecharunt\n|\n|upkeep\n|inactive|Time left: 300 sec this turn | 300 sec total | 5 sec grace\n|\n|t:|1783570114\n|switch|p2a: Volcarona|Volcarona, L77, F|257/257\n|turn|3\n|inactive|Time left: 300 sec this turn | 300 sec total\n|\n|t:|1783570116\n|switch|p1a: Flareon|Flareon, L90, F|100/100\n|move|p2a: Volcarona|Quiver Dance|p2a: Volcarona\n|-boost|p2a: Volcarona|spa|1\n|-boost|p2a: Volcarona|spd|1\n|-boost|p2a: Volcarona|spe|1\n|\n|-status|p1a: Flareon|tox|[from] item: Toxic Orb\n|upkeep\n|turn|4\n|inactive|Time left: 300 sec this turn | 300 sec total\n|\n|t:|1783570117\n|move|p2a: Volcarona|Fiery Dance|p1a: Flareon\n|-resisted|p1a: Flareon\n|-damage|p1a: Flareon|79/100 tox\n|move|p1a: Flareon|Facade|p2a: Volcarona\n|-damage|p2a: Volcarona|0 fnt\n|faint|p2a: Volcarona\n|\n|-damage|p1a: Flareon|73/100 tox|[from] psn\n|upkeep\n|inactive|Time left: 300 sec this turn | 300 sec total | 5 sec grace\n|\n|t:|1783570118\n|switch|p2a: Cyclizar|Cyclizar, L84, M|255/255\n|turn|5\n|inactive|Time left: 300 sec this turn | 300 sec total\n|\n|t:|1783570119\n|move|p2a: Cyclizar|Shed Tail|p2a: Cyclizar\n|-start|p2a: Cyclizar|Substitute|[from] move: Shed Tail\n|-damage|p2a: Cyclizar|127/255\n|inactive|Time left: 300 sec this turn | 300 sec total | 5 sec grace\n|\n|t:|1783570120\n|switch|p2a: Copperajah|Copperajah, L86, M|349/349|[from] Shed Tail\n|move|p1a: Flareon|Facade|p2a: Copperajah\n|-resisted|p2a: Copperajah\n|-crit|p2a: Copperajah\n|-end|p2a: Copperajah|Substitute\n|\n|-damage|p1a: Flareon|61/100 tox|[from] psn\n|upkeep\n|turn|6\n|inactive|Time left: 300 sec this turn | 300 sec total\n|\n|t:|1783570121\n|move|p1a: Flareon|Flare Blitz|p2a: Copperajah\n|-supereffective|p2a: Copperajah\n|-damage|p2a: Copperajah|0 fnt\n|faint|p2a: Copperajah\n|-damage|p1a: Flareon|17/100 tox|[from] Recoil\n|\n|-damage|p1a: Flareon|0 fnt|[from] psn\n|faint|p1a: Flareon\n|upkeep\n|inactive|Time left: 300 sec this turn | 300 sec total | 5 sec grace\n|\n|t:|1783570122\n|switch|p1a: Mesprit|Mesprit, L85|100/100\n|switch|p2a: Gardevoir|Gardevoir, L83, M|249/249\n|-ability|p2a: Gardevoir|Levitate|Trace|[from] ability: Trace|[of] p1a: Mesprit\n|turn|7\n|inactive|Time left: 300 sec this turn | 300 sec total\n|\n|t:|1783570123\n|move|p2a: Gardevoir|Moonblast|p1a: Mesprit\n|-damage|p1a: Mesprit|64/100\n|-unboost|p1a: Mesprit|spa|1\n|move|p1a: Mesprit|Knock Off|p2a: Gardevoir\n|-damage|p2a: Gardevoir|151/249\n|-enditem|p2a: Gardevoir|Choice Scarf|[from] move: Knock Off|[of] p1a: Mesprit\n|\n|-heal|p1a: Mesprit|71/100|[from] item: Leftovers\n|upkeep\n|turn|8\n|inactive|Time left: 300 sec this turn | 300 sec total\n|\n|t:|1783570124\n|move|p1a: Mesprit|Thunder Wave|p2a: Gardevoir\n|-status|p2a: Gardevoir|par\n|move|p2a: Gardevoir|Moonblast|p1a: Mesprit\n|-damage|p1a: Mesprit|33/100\n|\n|-heal|p1a: Mesprit|39/100|[from] item: Leftovers\n|upkeep\n|turn|9\n|inactive|Time left: 300 sec this turn | 300 sec total\n|\n|t:|1783570126\n|switch|p1a: Fezandipiti|Fezandipiti, L82, M|100/100\n|move|p2a: Gardevoir|Moonblast|p1a: Fezandipiti\n|-resisted|p1a: Fezandipiti\n|-damage|p1a: Fezandipiti|83/100\n|-unboost|p1a: Fezandipiti|spa|1\n|\n|-heal|p1a: Fezandipiti|89/100|[from] item: Leftovers\n|upkeep\n|turn|10\n|inactive|Time left: 300 sec this turn | 300 sec total\n|\n|t:|1783570127\n|switch|p2a: Perrserker|Perrserker, L89, M|269/269\n|move|p1a: Fezandipiti|Gunk Shot|p2a: Perrserker\n|-immune|p2a: Perrserker\n|\n|-heal|p1a: Fezandipiti|95/100|[from] item: Leftovers\n|upkeep\n|turn|11\n|inactive|Time left: 300 sec this turn | 300 sec total\n|\n|t:|1783570128\n|switch|p1a: Walking Wake|Walking Wake, L79|100/100\n|move|p2a: Perrserker|Iron Head|p1a: Walking Wake\n|-resisted|p1a: Walking Wake\n|-damage|p1a: Walking Wake|69/100\n|-damage|p2a: Perrserker|243/269|[from] item: Life Orb\n|\n|upkeep\n|turn|12\n|inactive|Time left: 300 sec this turn | 300 sec total\n|\n|t:|1783570129\n|switch|p2a: Gardevoir|Gardevoir, L83, M|151/249 par\n|move|p1a: Walking Wake|Flamethrower|p2a: Gardevoir\n|-damage|p2a: Gardevoir|78/249 par\n|-damage|p1a: Walking Wake|59/100|[from] item: Life Orb\n|\n|upkeep\n|turn|13\n|inactive|Time left: 300 sec this turn | 300 sec total\n|\n|t:|1783570130\n|move|p1a: Walking Wake|Hydro Steam|p2a: Gardevoir\n|-damage|p2a: Gardevoir|0 fnt\n|faint|p2a: Gardevoir\n|-damage|p1a: Walking Wake|49/100|[from] item: Life Orb\n|\n|upkeep\n|inactive|Time left: 300 sec this turn | 300 sec total | 5 sec grace\n|\n|t:|1783570131\n|switch|p2a: Cyclizar|Cyclizar, L84, M|212/255\n|turn|14\n|inactive|Time left: 300 sec this turn | 300 sec total\n|\n|t:|1783570131\n|move|p2a: Cyclizar|Shed Tail|p2a: Cyclizar\n|-start|p2a: Cyclizar|Substitute|[from] move: Shed Tail\n|-damage|p2a: Cyclizar|84/255\n|inactive|Time left: 300 sec this turn | 300 sec total | 5 sec grace\n|\n|t:|1783570132\n|switch|p2a: Perrserker|Perrserker, L89, M|243/269|[from] Shed Tail\n|move|p1a: Walking Wake|Draco Meteor|p2a: Perrserker\n|-resisted|p2a: Perrserker\n|-end|p2a: Perrserker|Substitute\n|-unboost|p1a: Walking Wake|spa|2\n|-damage|p1a: Walking Wake|39/100|[from] item: Life Orb\n|\n|upkeep\n|turn|15\n|inactive|Time left: 300 sec this turn | 300 sec total\n|\n|t:|1783570133\n|move|p1a: Walking Wake|Flamethrower|p2a: Perrserker\n|-supereffective|p2a: Perrserker\n|-damage|p2a: Perrserker|134/269\n|-damage|p1a: Walking Wake|30/100|[from] item: Life Orb\n|move|p2a: Perrserker|Knock Off|p1a: Walking Wake\n|-damage|p1a: Walking Wake|0 fnt\n|-enditem|p1a: Walking Wake|Life Orb|[from] move: Knock Off|[of] p2a: Perrserker\n|faint|p1a: Walking Wake\n|-end|p1a: Walking Wake|Protosynthesis|[silent]\n|-damage|p2a: Perrserker|108/269|[from] item: Life Orb\n|\n|upkeep\n|\n|t:|1783570134\n|switch|p1a: Metagross|Metagross, L79, tera:Ground|43/100\n|turn|16\n|inactive|Time left: 300 sec this turn | 300 sec total\n|\n|t:|1783570135\n|switch|p2a: Cyclizar|Cyclizar, L84, M|169/255\n|move|p1a: Metagross|Earthquake|p2a: Cyclizar\n|-damage|p2a: Cyclizar|7/255\n|\n|upkeep\n|turn|17\n|inactive|Time left: 300 sec this turn | 300 sec total\n|\n|t:|1783570136\n|switch|p1a: Fezandipiti|Fezandipiti, L82, M|95/100\n|move|p2a: Cyclizar|Draco Meteor|p1a: Fezandipiti\n|-immune|p1a: Fezandipiti\n|\n|-heal|p1a: Fezandipiti|100/100|[from] item: Leftovers\n|upkeep\n|turn|18\n|inactive|Time left: 300 sec this turn | 300 sec total\n|\n|t:|1783570137\n|switch|p2a: Perrserker|Perrserker, L89, M|108/269\n|switch|p1a: Metagross|Metagross, L79, tera:Ground|43/100\n|\n|upkeep\n|turn|19\n|inactive|Time left: 300 sec this turn | 300 sec total\n|\n|t:|1783570138\n|-terastallize|p2a: Perrserker|Fighting\n|move|p1a: Metagross|Earthquake|p2a: Perrserker\n|-damage|p2a: Perrserker|5/269\n|move|p2a: Perrserker|Knock Off|p1a: Metagross\n|-damage|p1a: Metagross|0 fnt\n|-enditem|p1a: Metagross|Weakness Policy|[from] move: Knock Off|[of] p2a: Perrserker\n|faint|p1a: Metagross\n|-damage|p2a: Perrserker|0 fnt|[from] item: Life Orb\n|faint|p2a: Perrserker\n|\n|upkeep\n|inactive|Time left: 300 sec this turn | 300 sec total | 5 sec grace\n|\n|t:|1783570139\n|switch|p1a: Fezandipiti|Fezandipiti, L82, M|100/100\n|switch|p2a: Cyclizar|Cyclizar, L84, M|92/255\n|turn|20\n|inactive|Time left: 300 sec this turn | 300 sec total\n|\n|t:|1783570139\n|move|p2a: Cyclizar|Shed Tail|p2a: Cyclizar\n|-fail|p2a: Cyclizar\n|move|p1a: Fezandipiti|Play Rough|p2a: Cyclizar\n|-supereffective|p2a: Cyclizar\n|-damage|p2a: Cyclizar|0 fnt\n|faint|p2a: Cyclizar\n|\n|win|p0x2698b34b", "uploadtime": 1783570139, "views": 0, "rating": 0, "private": 0, "password": null, "_winner": "p0x2698b34b", "_our_name": "p0y2698b7e9"}