{"id": "battle-gen9randombattle-1627", "formatid": "gen9randombattle", "format": "[Gen 9] Random Battle", "players": ["p0x16278e15", "p0y16270e11"], "log": "|init|battle\n|title|p0x16278e15 vs. p0y16270e11\n|j|\u2606p0x16278e15\n|j|\u2606p0y16270e11\n|t:|1783558071\n|gametype|singles\n|player|p1|p0x16278e15|170|\n|player|p2|p0y16270e11|265|\n|gen|9\n|tier|[Gen 9] Random Battle\n|rule|Species Clause: Limit one of each Pok\u00e9mon\n|rule|HP Percentage Mod: HP is shown in percentages\n|rule|Sleep Clause Mod: Limit one foe put to sleep\n|rule|Illusion Level Mod: Illusion disguises the Pok\u00e9mon's true level\n|\n|t:|1783558071\n|teamsize|p1|6\n|teamsize|p2|6\n|start\n|switch|p1a: Jumpluff|Jumpluff, L87, M|100/100\n|switch|p2a: Raging Bolt|Raging Bolt, L78|323/323\n|turn|1\n|inactive|Battle timer is ON: inactive players will automatically lose when time's up. (requested by p0y16270e11)\n|inactive|p0x16278e15 also wants the timer to be on.\n|\n|t:|1783558073\n|move|p1a: Jumpluff|Sleep Powder|p2a: Raging Bolt\n|-status|p2a: Raging Bolt|slp|[from] move: Sleep Powder\n|cant|p2a: Raging Bolt|slp\n|\n|upkeep\n|turn|2\n|inactive|Time left: 300 sec this turn | 300 sec total\n|\n|t:|1783558075\n|switch|p1a: Hitmonchan|Hitmonchan, L87, M|100/100\n|cant|p2a: Raging Bolt|slp\n|\n|upkeep\n|turn|3\n|inactive|Time left: 300 sec this turn | 300 sec total\n|\n|t:|1783558076\n|move|p1a: Hitmonchan|Bulk Up|p1a: Hitmonchan\n|-boost|p1a: Hitmonchan|atk|1\n|-boost|p1a: Hitmonchan|def|1\n|-curestatus|p2a: Raging Bolt|slp|[msg]\n|move|p2a: Raging Bolt|Thunderbolt|p1a: Hitmonchan\n|-damage|p1a: Hitmonchan|64/100\n|\n|-heal|p1a: Hitmonchan|70/100|[from] item: Leftovers\n|upkeep\n|turn|4\n|inactive|Time left: 300 sec this turn | 300 sec total\n|\n|t:|1783558077\n|move|p1a: Hitmonchan|Drain Punch|p2a: Raging Bolt\n|-damage|p2a: Raging Bolt|163/323\n|-heal|p1a: Hitmonchan|100/100|[from] drain|[of] p2a: Raging Bolt\n|move|p2a: Raging Bolt|Thunderbolt|p1a: Hitmonchan\n|-damage|p1a: Hitmonchan|59/100\n|\n|-heal|p1a: Hitmonchan|65/100|[from] item: Leftovers\n|-heal|p2a: Raging Bolt|183/323|[from] item: Leftovers\n|upkeep\n|turn|5\n|inactive|Time left: 300 sec this turn | 300 sec total\n|\n|t:|1783558078\n|-end|p2a: Raging Bolt|Protosynthesis|[silent]\n|switch|p2a: Arbok|Arbok, L87, F|246/246\n|-ability|p2a: Arbok|Intimidate|boost\n|-unboost|p1a: Hitmonchan|atk|1\n|move|p1a: Hitmonchan|Drain Punch|p2a: Arbok\n|-resisted|p2a: Arbok\n|-damage|p2a: Arbok|187/246\n|-heal|p1a: Hitmonchan|78/100|[from] drain|[of] p2a: Arbok\n|\n|-heal|p2a: Arbok|202/246|[from] item: Leftovers\n|-heal|p1a: Hitmonchan|84/100|[from] item: Leftovers\n|upkeep\n|turn|6\n|inactive|Time left: 300 sec this turn | 300 sec total\n|\n|t:|1783558079\n|move|p2a: Arbok|Coil|p2a: Arbok\n|-boost|p2a: Arbok|atk|1\n|-boost|p2a: Arbok|def|1\n|-boost|p2a: Arbok|accuracy|1\n|move|p1a: Hitmonchan|Knock Off|p2a: Arbok\n|-damage|p2a: Arbok|147/246\n|-enditem|p2a: Arbok|Leftovers|[from] move: Knock Off|[of] p1a: Hitmonchan\n|\n|-heal|p1a: Hitmonchan|90/100|[from] item: Leftovers\n|upkeep\n|turn|7\n|inactive|Time left: 300 sec this turn | 300 sec total\n|\n|t:|1783558081\n|move|p2a: Arbok|Gunk Shot|p1a: Hitmonchan\n|-damage|p1a: Hitmonchan|28/100\n|move|p1a: Hitmonchan|Drain Punch|p2a: Arbok\n|-resisted|p2a: Arbok\n|-damage|p2a: Arbok|109/246\n|-heal|p1a: Hitmonchan|37/100|[from] drain|[of] p2a: Arbok\n|\n|-heal|p1a: Hitmonchan|43/100|[from] item: Leftovers\n|upkeep\n|turn|8\n|inactive|Time left: 300 sec this turn | 300 sec total\n|\n|t:|1783558082\n|move|p2a: Arbok|Gunk Shot|p1a: Hitmonchan\n|-damage|p1a: Hitmonchan|0 fnt\n|faint|p1a: Hitmonchan\n|\n|upkeep\n|\n|t:|1783558083\n|switch|p1a: Dugtrio|Dugtrio-Alola, L84, M|100/100\n|turn|9\n|inactive|Time left: 300 sec this turn | 300 sec total\n|\n|t:|1783558085\n|move|p1a: Dugtrio|Earthquake|p2a: Arbok\n|-supereffective|p2a: Arbok\n|-damage|p2a: Arbok|0 fnt\n|faint|p2a: Arbok\n|\n|upkeep\n|inactive|Time left: 300 sec this turn | 300 sec total | 5 sec grace\n|\n|t:|1783558086\n|switch|p2a: Palossand|Palossand, L89, M|296/296\n|turn|10\n|inactive|Time left: 300 sec this turn | 300 sec total\n|\n|t:|1783558087\n|switch|p1a: Hoopa|Hoopa-Unbound, L80|100/100\n|move|p2a: Palossand|Earth Power|p1a: Hoopa\n|-damage|p1a: Hoopa|77/100\n|\n|upkeep\n|turn|11\n|inactive|Time left: 300 sec this turn | 300 sec total\n|\n|t:|1783558088\n|switch|p2a: Bastiodon|Bastiodon, L89, M|252/252\n|move|p1a: Hoopa|Hyperspace Fury|p2a: Bastiodon\n|-damage|p2a: Bastiodon|164/252\n|-unboost|p1a: Hoopa|def|1\n|\n|upkeep\n|turn|12\n|inactive|Time left: 300 sec this turn | 300 sec total\n|\n|t:|1783558089\n|move|p1a: Hoopa|Focus Blast|p2a: Bastiodon|[miss]\n|-miss|p1a: Hoopa|p2a: Bastiodon\n|move|p2a: Bastiodon|Body Press|p1a: Hoopa\n|-damage|p1a: Hoopa|4/100\n|\n|upkeep\n|turn|13\n|inactive|Time left: 300 sec this turn | 300 sec total\n|\n|t:|1783558090\n|move|p1a: Hoopa|Focus Blast|p2a: Bastiodon|[miss]\n|-miss|p1a: Hoopa|p2a: Bastiodon\n|move|p2a: Bastiodon|Foul Play|p1a: Hoopa\n|-crit|p1a: Hoopa\n|-damage|p1a: Hoopa|0 fnt\n|faint|p1a: Hoopa\n|\n|upkeep\n|\n|t:|1783558091\n|switch|p1a: Dugtrio|Dugtrio-Alola, L84, M|100/100\n|turn|14\n|inactive|Time left: 300 sec this turn | 300 sec total\n|\n|t:|1783558092\n|-terastallize|p2a: Bastiodon|Fighting\n|move|p1a: Dugtrio|Earthquake|p2a: Bastiodon\n|-damage|p2a: Bastiodon|73/252\n|move|p2a: Bastiodon|Body Press|p1a: Dugtrio\n|-supereffective|p1a: Dugtrio\n|-damage|p1a: Dugtrio|0 fnt\n|-ability|p1a: Dugtrio|Tangling Hair\n|-unboost|p2a: Bastiodon|spe|1\n|faint|p1a: Dugtrio\n|\n|upkeep\n|\n|t:|1783558093\n|switch|p1a: Lucario|Lucario, L84, F|100/100\n|turn|15\n|inactive|Time left: 300 sec this turn | 300 sec total\n|\n|t:|1783558094\n|switch|p2a: Palossand|Palossand, L89, M|296/296\n|move|p1a: Lucario|Flash Cannon|p2a: Palossand\n|-damage|p2a: Palossand|167/296\n|-damage|p1a: Lucario|91/100|[from] item: Life Orb\n|\n|-heal|p2a: Palossand|185/296|[from] item: Leftovers\n|upkeep\n|turn|16\n|inactive|Time left: 300 sec this turn | 300 sec total\n|\n|t:|1783558095\n|switch|p1a: Swanna|Swanna, L89, F|100/100\n|move|p2a: Palossand|Earth Power|p1a: Swanna\n|-immune|p1a: Swanna\n|\n|-heal|p2a: Palossand|203/296|[from] item: Leftovers\n|upkeep\n|turn|17\n|inactive|Time left: 300 sec this turn | 300 sec total\n|\n|t:|1783558096\n|switch|p2a: Raging Bolt|Raging Bolt, L78|183/323\n|move|p1a: Swanna|Hydro Pump|p2a: Raging Bolt\n|-resisted|p2a: Raging Bolt\n|-damage|p2a: Raging Bolt|120/323\n|\n|-heal|p2a: Raging Bolt|140/323|[from] item: Leftovers\n|upkeep\n|turn|18\n|inactive|Time left: 300 sec this turn | 300 sec total\n|\n|t:|1783558097\n|switch|p1a: Jumpluff|Jumpluff, L87, M|100/100\n|move|p2a: Raging Bolt|Thunderbolt|p1a: Jumpluff\n|-damage|p1a: Jumpluff|60/100\n|\n|-heal|p2a: Raging Bolt|160/323|[from] item: Leftovers\n|upkeep\n|turn|19\n|inactive|Time left: 300 sec this turn | 300 sec total\n|\n|t:|1783558098\n|move|p1a: Jumpluff|Strength Sap|p2a: Raging Bolt\n|-unboost|p2a: Raging Bolt|atk|1\n|-heal|p1a: Jumpluff|100/100\n|move|p2a: Raging Bolt|Thunderbolt|p1a: Jumpluff\n|-damage|p1a: Jumpluff|64/100\n|\n|-heal|p2a: Raging Bolt|180/323|[from] item: Leftovers\n|upkeep\n|turn|20\n|inactive|Time left: 300 sec this turn | 300 sec total\n|\n|t:|1783558098\n|move|p1a: Jumpluff|Strength Sap|p2a: Raging Bolt\n|-unboost|p2a: Raging Bolt|atk|1\n|-heal|p1a: Jumpluff|92/100\n|move|p2a: Raging Bolt|Thunderbolt|p1a: Jumpluff\n|-damage|p1a: Jumpluff|52/100\n|\n|-heal|p2a: Raging Bolt|200/323|[from] item: Leftovers\n|upkeep\n|turn|21\n|inactive|Time left: 300 sec this turn | 300 sec total\n|\n|t:|1783558099\n|move|p1a: Jumpluff|Strength Sap|p2a: Raging Bolt\n|-unboost|p2a: Raging Bolt|atk|1\n|-heal|p1a: Jumpluff|74/100\n|move|p2a: Raging Bolt|Thunderbolt|p1a: Jumpluff\n|-damage|p1a: Jumpluff|35/100\n|\n|-heal|p2a: Raging Bolt|220/323|[from] item: Leftovers\n|upkeep\n|turn|22\n|inactive|Time left: 300 sec this turn | 300 sec total\n|\n|t:|1783558100\n|move|p1a: Jumpluff|Strength Sap|p2a: Raging Bolt\n|-unboost|p2a: Raging Bolt|atk|1\n|-heal|p1a: Jumpluff|53/100\n|move|p2a: Raging Bolt|Thunderbolt|p1a: Jumpluff\n|-damage|p1a: Jumpluff|18/100\n|\n|-heal|p2a: Raging Bolt|240/323|[from] item: Leftovers\n|upkeep\n|turn|23\n|inactive|Time left: 300 sec this turn | 300 sec total\n|\n|t:|1783558101\n|move|p1a: Jumpluff|Sleep Powder|p2a: Raging Bolt|[miss]\n|-miss|p1a: Jumpluff|p2a: Raging Bolt\n|move|p2a: Raging Bolt|Thunderbolt|p1a: Jumpluff\n|-damage|p1a: Jumpluff|0 fnt\n|faint|p1a: Jumpluff\n|\n|-heal|p2a: Raging Bolt|260/323|[from] item: Leftovers\n|upkeep\n|\n|t:|1783558101\n|switch|p1a: Lucario|Lucario, L84, F|91/100\n|turn|24\n|inactive|Time left: 300 sec this turn | 300 sec total\n|\n|t:|1783558102\n|move|p1a: Lucario|Nasty Plot|p1a: Lucario\n|-boost|p1a: Lucario|spa|2\n|move|p2a: Raging Bolt|Thunderbolt|p1a: Lucario\n|-damage|p1a: Lucario|44/100\n|\n|-heal|p2a: Raging Bolt|280/323|[from] item: Leftovers\n|upkeep\n|turn|25\n|inactive|Time left: 300 sec this turn | 300 sec total\n|\n|t:|1783558103\n|move|p2a: Raging Bolt|Thunderclap|p1a: Lucario\n|-damage|p1a: Lucario|3/100\n|move|p1a: Lucario|Focus Blast|p2a: Raging Bolt\n|-damage|p2a: Raging Bolt|0 fnt\n|faint|p2a: Raging Bolt\n|-end|p2a: Raging Bolt|Protosynthesis|[silent]\n|-damage|p1a: Lucario|0 fnt|[from] item: Life Orb\n|faint|p1a: Lucario\n|\n|upkeep\n|inactive|Time left: 300 sec this turn | 300 sec total | 5 sec grace\n|\n|t:|1783558104\n|switch|p1a: Swanna|Swanna, L89, F|100/100\n|switch|p2a: Palafin|Palafin, L77, M|281/281\n|turn|26\n|inactive|Time left: 300 sec this turn | 300 sec total\n|\n|t:|1783558105\n|move|p1a: Swanna|Brave Bird|p2a: Palafin\n|-damage|p2a: Palafin|109/281\n|-damage|p1a: Swanna|80/100|[from] Recoil\n|move|p2a: Palafin|Flip Turn|p1a: Swanna\n|-resisted|p1a: Swanna\n|-damage|p1a: Swanna|66/100\n|inactive|Time left: 300 sec this turn | 300 sec total | 5 sec grace\n|\n|t:|1783558106\n|detailschange|p2a: Palafin|Palafin-Hero, L77, M\n|switch|p2a: Ribombee|Ribombee, L83, F|235/235|[from] Flip Turn\n|\n|upkeep\n|turn|27\n|inactive|Time left: 300 sec this turn | 300 sec total\n|\n|t:|1783558107\n|move|p2a: Ribombee|Moonblast|p1a: Swanna\n|-damage|p1a: Swanna|26/100\n|move|p1a: Swanna|Roost|p1a: Swanna\n|-heal|p1a: Swanna|76/100\n|-singleturn|p1a: Swanna|move: Roost\n|\n|upkeep\n|turn|28\n|inactive|Time left: 300 sec this turn | 300 sec total\n|\n|t:|1783558108\n|move|p2a: Ribombee|Moonblast|p1a: Swanna\n|-damage|p1a: Swanna|35/100\n|move|p1a: Swanna|Roost|p1a: Swanna\n|-heal|p1a: Swanna|85/100\n|-singleturn|p1a: Swanna|move: Roost\n|\n|upkeep\n|turn|29\n|inactive|Time left: 300 sec this turn | 300 sec total\n|\n|t:|1783558109\n|move|p2a: Ribombee|Moonblast|p1a: Swanna\n|-damage|p1a: Swanna|42/100\n|-unboost|p1a: Swanna|spa|1\n|move|p1a: Swanna|Roost|p1a: Swanna\n|-heal|p1a: Swanna|92/100\n|-singleturn|p1a: Swanna|move: Roost\n|\n|upkeep\n|turn|30\n|inactive|Time left: 300 sec this turn | 300 sec total\n|\n|t:|1783558110\n|move|p2a: Ribombee|Moonblast|p1a: Swanna\n|-damage|p1a: Swanna|53/100\n|move|p1a: Swanna|Roost|p1a: Swanna\n|-heal|p1a: Swanna|100/100\n|-singleturn|p1a: Swanna|move: Roost\n|\n|upkeep\n|turn|31\n|inactive|Time left: 300 sec this turn | 300 sec total\n|\n|t:|1783558111\n|move|p2a: Ribombee|Moonblast|p1a: Swanna\n|-crit|p1a: Swanna\n|-damage|p1a: Swanna|39/100\n|move|p1a: Swanna|Brave Bird|p2a: Ribombee\n|-supereffective|p2a: Ribombee\n|-damage|p2a: Ribombee|0 fnt\n|faint|p2a: Ribombee\n|-damage|p1a: Swanna|11/100|[from] Recoil\n|\n|upkeep\n|inactive|Time left: 300 sec this turn | 300 sec total | 5 sec grace\n|\n|t:|1783558112\n|switch|p2a: Palafin|Palafin-Hero, L77, M|109/281\n|-activate|p2a: Palafin|ability: Zero to Hero\n|turn|32\n|inactive|Time left: 300 sec this turn | 300 sec total\n|\n|t:|1783558113\n|move|p2a: Palafin|Jet Punch|p1a: Swanna\n|-resisted|p1a: Swanna\n|-damage|p1a: Swanna|0 fnt\n|faint|p1a: Swanna\n|\n|win|p0y16270e11", "uploadtime": 1783558113, "views": 0, "rating": 0, "private": 0, "password": null, "_winner": "p0y16270e11", "_our_name": "p0y16270e11"}