{"id": "battle-gen9randombattle-2705", "formatid": "gen9randombattle", "format": "[Gen 9] Random Battle", "players": ["p0x27057fe5", "p0y27058c69"], "log": "|init|battle\n|title|p0x27057fe5 vs. p0y27058c69\n|j|\u2606p0x27057fe5\n|j|\u2606p0y27058c69\n|t:|1783570188\n|gametype|singles\n|player|p1|p0x27057fe5|2|\n|player|p2|p0y27058c69|2|\n|gen|9\n|tier|[Gen 9] Random Battle\n|rule|Species Clause: Limit one of each Pok\u00e9mon\n|rule|HP Percentage Mod: HP is shown in percentages\n|rule|Sleep Clause Mod: Limit one foe put to sleep\n|rule|Illusion Level Mod: Illusion disguises the Pok\u00e9mon's true level\n|\n|t:|1783570188\n|teamsize|p1|6\n|teamsize|p2|6\n|start\n|switch|p1a: Altaria|Altaria, L89, M|278/278\n|switch|p2a: Inteleon|Inteleon, L81, F|100/100\n|turn|1\n|inactive|Battle timer is ON: inactive players will automatically lose when time's up. (requested by p0x27057fe5)\n|inactive|p0y27058c69 also wants the timer to be on.\n|\n|t:|1783570189\n|switch|p1a: Bellossom|Bellossom, L84, M|263/263\n|move|p2a: Inteleon|Ice Beam|p1a: Bellossom\n|-supereffective|p1a: Bellossom\n|-damage|p1a: Bellossom|53/263\n|\n|-heal|p1a: Bellossom|69/263|[from] item: Leftovers\n|upkeep\n|turn|2\n|inactive|Time left: 300 sec this turn | 300 sec total\n|\n|t:|1783570191\n|-terastallize|p1a: Bellossom|Fire\n|move|p2a: Inteleon|Ice Beam|p1a: Bellossom\n|-resisted|p1a: Bellossom\n|-damage|p1a: Bellossom|22/263\n|move|p1a: Bellossom|Strength Sap|p2a: Inteleon\n|-unboost|p2a: Inteleon|atk|1\n|-heal|p1a: Bellossom|206/263\n|\n|-heal|p1a: Bellossom|222/263|[from] item: Leftovers\n|upkeep\n|turn|3\n|inactive|Time left: 300 sec this turn | 300 sec total\n|\n|t:|1783570192\n|switch|p2a: Tyranitar|Tyranitar, L78, F|100/100\n|-weather|Sandstorm|[from] ability: Sand Stream|[of] p2a: Tyranitar\n|move|p1a: Bellossom|Quiver Dance|p1a: Bellossom\n|-boost|p1a: Bellossom|spa|1\n|-boost|p1a: Bellossom|spd|1\n|-boost|p1a: Bellossom|spe|1\n|\n|-weather|Sandstorm|[upkeep]\n|-damage|p1a: Bellossom|206/263|[from] Sandstorm\n|-heal|p1a: Bellossom|222/263|[from] item: Leftovers\n|upkeep\n|turn|4\n|inactive|Time left: 300 sec this turn | 300 sec total\n|\n|t:|1783570193\n|move|p1a: Bellossom|Strength Sap|p2a: Tyranitar\n|-unboost|p2a: Tyranitar|atk|1\n|-heal|p1a: Bellossom|263/263\n|move|p2a: Tyranitar|Stone Edge|p1a: Bellossom|[miss]\n|-miss|p2a: Tyranitar|p1a: Bellossom\n|\n|-weather|Sandstorm|[upkeep]\n|-damage|p1a: Bellossom|247/263|[from] Sandstorm\n|-heal|p1a: Bellossom|263/263|[from] item: Leftovers\n|upkeep\n|turn|5\n|inactive|Time left: 300 sec this turn | 300 sec total\n|\n|t:|1783570194\n|move|p1a: Bellossom|Quiver Dance|p1a: Bellossom\n|-boost|p1a: Bellossom|spa|1\n|-boost|p1a: Bellossom|spd|1\n|-boost|p1a: Bellossom|spe|1\n|move|p2a: Tyranitar|Dragon Dance|p2a: Tyranitar\n|-boost|p2a: Tyranitar|atk|1\n|-boost|p2a: Tyranitar|spe|1\n|\n|-weather|Sandstorm|[upkeep]\n|-damage|p1a: Bellossom|247/263|[from] Sandstorm\n|-heal|p1a: Bellossom|263/263|[from] item: Leftovers\n|upkeep\n|turn|6\n|inactive|Time left: 300 sec this turn | 300 sec total\n|\n|t:|1783570195\n|move|p1a: Bellossom|Strength Sap|p2a: Tyranitar\n|-unboost|p2a: Tyranitar|atk|1\n|move|p2a: Tyranitar|Dragon Dance|p2a: Tyranitar\n|-boost|p2a: Tyranitar|atk|1\n|-boost|p2a: Tyranitar|spe|1\n|\n|-weather|Sandstorm|[upkeep]\n|-damage|p1a: Bellossom|247/263|[from] Sandstorm\n|-heal|p1a: Bellossom|263/263|[from] item: Leftovers\n|upkeep\n|turn|7\n|inactive|Time left: 300 sec this turn | 300 sec total\n|\n|t:|1783570196\n|-terastallize|p2a: Tyranitar|Rock\n|move|p2a: Tyranitar|Stone Edge|p1a: Bellossom\n|-supereffective|p1a: Bellossom\n|-damage|p1a: Bellossom|0 fnt\n|faint|p1a: Bellossom\n|\n|-weather|none\n|upkeep\n|inactive|Time left: 300 sec this turn | 300 sec total | 5 sec grace\n|\n|t:|1783570197\n|switch|p1a: Giratina|Giratina-Origin, L72|335/335\n|turn|8\n|inactive|Time left: 300 sec this turn | 300 sec total\n|\n|t:|1783570198\n|move|p2a: Tyranitar|Knock Off|p1a: Giratina\n|-supereffective|p1a: Giratina\n|-damage|p1a: Giratina|161/335\n|move|p1a: Giratina|Will-O-Wisp|p2a: Tyranitar\n|-status|p2a: Tyranitar|brn\n|\n|-damage|p2a: Tyranitar|95/100 brn|[from] brn\n|upkeep\n|turn|9\n|inactive|Time left: 300 sec this turn | 300 sec total\n|\n|t:|1783570199\n|move|p2a: Tyranitar|Dragon Dance|p2a: Tyranitar\n|-boost|p2a: Tyranitar|atk|1\n|-boost|p2a: Tyranitar|spe|1\n|move|p1a: Giratina|Dragon Tail|p2a: Tyranitar\n|-damage|p2a: Tyranitar|75/100 brn\n|drag|p2a: Inteleon|Inteleon, L81, F|100/100\n|\n|upkeep\n|turn|10\n|inactive|Time left: 300 sec this turn | 300 sec total\n|\n|t:|1783570201\n|switch|p1a: Munkidori|Munkidori, L79, M|269/269\n|move|p2a: Inteleon|Ice Beam|p1a: Munkidori\n|-damage|p1a: Munkidori|189/269\n|\n|upkeep\n|turn|11\n|inactive|Time left: 300 sec this turn | 300 sec total\n|\n|t:|1783570202\n|switch|p2a: Tyranitar|Tyranitar, L78, F, tera:Rock|75/100 brn\n|-weather|Sandstorm|[from] ability: Sand Stream|[of] p2a: Tyranitar\n|move|p1a: Munkidori|Psychic Noise|p2a: Tyranitar\n|-damage|p2a: Tyranitar|54/100 brn\n|-start|p2a: Tyranitar|move: Heal Block\n|\n|-weather|Sandstorm|[upkeep]\n|-damage|p1a: Munkidori|173/269|[from] Sandstorm\n|-damage|p2a: Tyranitar|48/100 brn|[from] brn\n|upkeep\n|turn|12\n|inactive|Time left: 300 sec this turn | 300 sec total\n|\n|t:|1783570203\n|switch|p1a: Metagross|Metagross, L79|256/256\n|move|p2a: Tyranitar|Knock Off|p1a: Metagross\n|-supereffective|p1a: Metagross\n|-damage|p1a: Metagross|171/256\n|-enditem|p1a: Metagross|Weakness Policy\n|-boost|p1a: Metagross|atk|2|[from] item: Weakness Policy\n|-boost|p1a: Metagross|spa|2|[from] item: Weakness Policy\n|\n|-weather|Sandstorm|[upkeep]\n|-damage|p2a: Tyranitar|42/100 brn|[from] brn\n|-end|p2a: Tyranitar|move: Heal Block\n|upkeep\n|turn|13\n|inactive|Time left: 300 sec this turn | 300 sec total\n|\n|t:|1783570204\n|switch|p2a: Inteleon|Inteleon, L81, F|100/100\n|move|p1a: Metagross|Agility|p1a: Metagross\n|-boost|p1a: Metagross|spe|2\n|\n|-weather|Sandstorm|[upkeep]\n|-damage|p2a: Inteleon|94/100|[from] Sandstorm\n|upkeep\n|turn|14\n|inactive|Time left: 300 sec this turn | 300 sec total\n|\n|t:|1783570205\n|move|p1a: Metagross|Knock Off|p2a: Inteleon\n|-damage|p2a: Inteleon|18/100\n|-enditem|p2a: Inteleon|Choice Specs|[from] move: Knock Off|[of] p1a: Metagross\n|move|p2a: Inteleon|Hydro Pump|p1a: Metagross\n|-damage|p1a: Metagross|0 fnt\n|faint|p1a: Metagross\n|\n|-weather|Sandstorm|[upkeep]\n|-damage|p2a: Inteleon|11/100|[from] Sandstorm\n|upkeep\n|inactive|Time left: 300 sec this turn | 300 sec total | 5 sec grace\n|\n|t:|1783570206\n|switch|p1a: Lycanroc|Lycanroc, L86, F|269/269\n|turn|15\n|inactive|Time left: 300 sec this turn | 300 sec total\n|\n|t:|1783570207\n|move|p1a: Lycanroc|Accelerock|p2a: Inteleon\n|-damage|p2a: Inteleon|0 fnt\n|faint|p2a: Inteleon\n|-damage|p1a: Lycanroc|243/269|[from] item: Life Orb\n|\n|-weather|none\n|upkeep\n|\n|t:|1783570208\n|switch|p2a: Toxicroak|Toxicroak, L84, F|100/100\n|turn|16\n|inactive|Time left: 300 sec this turn | 300 sec total\n|\n|t:|1783570209\n|switch|p1a: Giratina|Giratina-Origin, L72|161/335\n|move|p2a: Toxicroak|Knock Off|p1a: Giratina\n|-supereffective|p1a: Giratina\n|-damage|p1a: Giratina|34/335\n|-damage|p2a: Toxicroak|91/100|[from] item: Life Orb\n|\n|upkeep\n|turn|17\n|inactive|Time left: 300 sec this turn | 300 sec total\n|\n|t:|1783570210\n|move|p2a: Toxicroak|Knock Off|p1a: Giratina\n|-supereffective|p1a: Giratina\n|-damage|p1a: Giratina|0 fnt\n|faint|p1a: Giratina\n|-damage|p2a: Toxicroak|81/100|[from] item: Life Orb\n|\n|upkeep\n|inactive|Time left: 300 sec this turn | 300 sec total | 5 sec grace\n|\n|t:|1783570211\n|switch|p1a: Munkidori|Munkidori, L79, M|173/269\n|turn|18\n|inactive|Time left: 300 sec this turn | 300 sec total\n|\n|t:|1783570212\n|switch|p2a: Tyranitar|Tyranitar, L78, F, tera:Rock|42/100 brn\n|-weather|Sandstorm|[from] ability: Sand Stream|[of] p2a: Tyranitar\n|move|p1a: Munkidori|Psychic Noise|p2a: Tyranitar\n|-damage|p2a: Tyranitar|20/100 brn\n|-start|p2a: Tyranitar|move: Heal Block\n|\n|-weather|Sandstorm|[upkeep]\n|-damage|p1a: Munkidori|157/269|[from] Sandstorm\n|-damage|p2a: Tyranitar|14/100 brn|[from] brn\n|upkeep\n|turn|19\n|inactive|Time left: 300 sec this turn | 300 sec total\n|\n|t:|1783570213\n|move|p1a: Munkidori|Psychic Noise|p2a: Tyranitar\n|-damage|p2a: Tyranitar|0 fnt\n|faint|p2a: Tyranitar\n|\n|-weather|Sandstorm|[upkeep]\n|-damage|p1a: Munkidori|141/269|[from] Sandstorm\n|upkeep\n|\n|t:|1783570214\n|switch|p2a: Espeon|Espeon, L84, F|100/100\n|turn|20\n|inactive|Time left: 300 sec this turn | 300 sec total\n|\n|t:|1783570215\n|switch|p1a: Lycanroc|Lycanroc, L86, F|243/269\n|move|p2a: Espeon|Shadow Ball|p1a: Lycanroc\n|-damage|p1a: Lycanroc|153/269\n|\n|-weather|Sandstorm|[upkeep]\n|-damage|p2a: Espeon|94/100|[from] Sandstorm\n|upkeep\n|turn|21\n|inactive|Time left: 300 sec this turn | 300 sec total\n|\n|t:|1783570216\n|switch|p2a: Toxicroak|Toxicroak, L84, F|81/100\n|move|p1a: Lycanroc|Stone Edge|p2a: Toxicroak|[miss]\n|-miss|p1a: Lycanroc|p2a: Toxicroak\n|\n|-weather|Sandstorm|[upkeep]\n|-damage|p2a: Toxicroak|75/100|[from] Sandstorm\n|upkeep\n|turn|22\n|inactive|Time left: 300 sec this turn | 300 sec total\n|\n|t:|1783570216\n|move|p1a: Lycanroc|Stone Edge|p2a: Toxicroak\n|-resisted|p2a: Toxicroak\n|-damage|p2a: Toxicroak|36/100\n|-damage|p1a: Lycanroc|127/269|[from] item: Life Orb\n|move|p2a: Toxicroak|Gunk Shot|p1a: Lycanroc\n|-resisted|p1a: Lycanroc\n|-damage|p1a: Lycanroc|11/269\n|-damage|p2a: Toxicroak|26/100|[from] item: Life Orb\n|\n|-weather|none\n|upkeep\n|turn|23\n|inactive|Time left: 300 sec this turn | 300 sec total\n|\n|t:|1783570217\n|move|p1a: Lycanroc|Close Combat|p2a: Toxicroak\n|-resisted|p2a: Toxicroak\n|-damage|p2a: Toxicroak|0 fnt\n|-unboost|p1a: Lycanroc|def|1\n|-unboost|p1a: Lycanroc|spd|1\n|faint|p2a: Toxicroak\n|-damage|p1a: Lycanroc|0 fnt|[from] item: Life Orb\n|faint|p1a: Lycanroc\n|\n|upkeep\n|inactive|Time left: 300 sec this turn | 300 sec total | 5 sec grace\n|\n|t:|1783570218\n|switch|p1a: Munkidori|Munkidori, L79, M|141/269\n|switch|p2a: Espeon|Espeon, L84, F|94/100\n|turn|24\n|inactive|Time left: 300 sec this turn | 300 sec total\n|\n|t:|1783570219\n|move|p1a: Munkidori|Fake Out|p2a: Espeon\n|-damage|p2a: Espeon|82/100\n|-status|p2a: Espeon|tox|[from] ability: Toxic Chain|[of] p1a: Munkidori\n|cant|p2a: Espeon|flinch\n|\n|-damage|p2a: Espeon|76/100 tox|[from] psn\n|upkeep\n|turn|25\n|inactive|Time left: 300 sec this turn | 300 sec total\n|\n|t:|1783570220\n|move|p2a: Espeon|Shadow Ball|p1a: Munkidori\n|-supereffective|p1a: Munkidori\n|-damage|p1a: Munkidori|0 fnt\n|faint|p1a: Munkidori\n|\n|-damage|p2a: Espeon|64/100 tox|[from] psn\n|upkeep\n|inactive|Time left: 300 sec this turn | 300 sec total | 5 sec grace\n|\n|t:|1783570221\n|switch|p1a: Altaria|Altaria, L89, M|278/278\n|turn|26\n|inactive|Time left: 300 sec this turn | 300 sec total\n|\n|t:|1783570222\n|switch|p2a: Iron Bundle|Iron Bundle, L78|100/100\n|move|p1a: Altaria|Brave Bird|p2a: Iron Bundle\n|-damage|p2a: Iron Bundle|59/100\n|-damage|p1a: Altaria|248/278|[from] Recoil\n|\n|upkeep\n|turn|27\n|inactive|Time left: 300 sec this turn | 300 sec total\n|\n|t:|1783570223\n|move|p2a: Iron Bundle|Ice Beam|p1a: Altaria\n|-supereffective|p1a: Altaria\n|-damage|p1a: Altaria|0 fnt\n|faint|p1a: Altaria\n|\n|win|p0y27058c69", "uploadtime": 1783570223, "views": 0, "rating": 0, "private": 0, "password": null, "_winner": "p0y27058c69", "_our_name": "p0x27057fe5"}