{"id": "battle-gen9randombattle-790", "formatid": "gen9randombattle", "format": "[Gen 9] Random Battle", "players": ["p0x790cdb2", "p0y79064f6"], "log": "|init|battle\n|title|p0x790cdb2 vs. p0y79064f6\n|j|\u2606p0x790cdb2\n|j|\u2606p0y79064f6\n|t:|1783548297\n|gametype|singles\n|player|p1|p0x790cdb2|266|\n|player|p2|p0y79064f6|102|\n|gen|9\n|tier|[Gen 9] Random Battle\n|rule|Species Clause: Limit one of each Pok\u00e9mon\n|rule|HP Percentage Mod: HP is shown in percentages\n|rule|Sleep Clause Mod: Limit one foe put to sleep\n|rule|Illusion Level Mod: Illusion disguises the Pok\u00e9mon's true level\n|\n|t:|1783548297\n|teamsize|p1|6\n|teamsize|p2|6\n|start\n|switch|p1a: Malamar|Malamar, L82, M|100/100\n|switch|p2a: Metagross|Metagross, L79|256/256\n|turn|1\n|inactive|Battle timer is ON: inactive players will automatically lose when time's up. (requested by p0y79064f6)\n|inactive|p0x790cdb2 also wants the timer to be on.\n|\n|t:|1783548299\n|move|p1a: Malamar|Superpower|p2a: Metagross\n|-damage|p2a: Metagross|199/256\n|-boost|p1a: Malamar|atk|1\n|-boost|p1a: Malamar|def|1\n|move|p2a: Metagross|Agility|p2a: Metagross\n|-boost|p2a: Metagross|spe|2\n|\n|upkeep\n|turn|2\n|inactive|Time left: 300 sec this turn | 300 sec total\n|\n|t:|1783548299\n|switch|p2a: Leavanny|Leavanny, L86, M|269/269\n|move|p1a: Malamar|Superpower|p2a: Leavanny\n|-resisted|p2a: Leavanny\n|-damage|p2a: Leavanny|205/269\n|-boost|p1a: Malamar|atk|1\n|-boost|p1a: Malamar|def|1\n|\n|upkeep\n|turn|3\n|inactive|Time left: 300 sec this turn | 300 sec total\n|\n|t:|1783548300\n|move|p2a: Leavanny|Sticky Web|p1a: Malamar\n|-sidestart|p1: p0x790cdb2|move: Sticky Web\n|move|p1a: Malamar|Knock Off|p2a: Leavanny\n|-damage|p2a: Leavanny|13/269\n|-enditem|p2a: Leavanny|Loaded Dice|[from] move: Knock Off|[of] p1a: Malamar\n|\n|upkeep\n|turn|4\n|inactive|Time left: 300 sec this turn | 300 sec total\n|\n|t:|1783548301\n|move|p2a: Leavanny|Knock Off|p1a: Malamar\n|-damage|p1a: Malamar|87/100\n|-enditem|p1a: Malamar|Chesto Berry|[from] move: Knock Off|[of] p2a: Leavanny\n|move|p1a: Malamar|Superpower|p2a: Leavanny\n|-resisted|p2a: Leavanny\n|-damage|p2a: Leavanny|0 fnt\n|-boost|p1a: Malamar|atk|1\n|-boost|p1a: Malamar|def|1\n|faint|p2a: Leavanny\n|\n|upkeep\n|inactive|Time left: 300 sec this turn | 300 sec total | 5 sec grace\n|\n|t:|1783548302\n|switch|p2a: Rotom|Rotom-Frost, L87|229/229\n|turn|5\n|inactive|Time left: 300 sec this turn | 300 sec total\n|\n|t:|1783548303\n|-terastallize|p2a: Rotom|Electric\n|move|p2a: Rotom|Nasty Plot|p2a: Rotom\n|-boost|p2a: Rotom|spa|2\n|move|p1a: Malamar|Superpower|p2a: Rotom\n|-damage|p2a: Rotom|74/229\n|-boost|p1a: Malamar|atk|1\n|-boost|p1a: Malamar|def|1\n|\n|upkeep\n|turn|6\n|inactive|Time left: 300 sec this turn | 300 sec total\n|\n|t:|1783548304\n|move|p2a: Rotom|Thunderbolt|p1a: Malamar\n|-damage|p1a: Malamar|0 fnt\n|faint|p1a: Malamar\n|\n|upkeep\n|\n|t:|1783548304\n|switch|p1a: Galvantula|Galvantula, L82, M|100/100\n|turn|7\n|inactive|Time left: 300 sec this turn | 300 sec total\n|\n|t:|1783548306\n|move|p1a: Galvantula|Bug Buzz|p2a: Rotom\n|-damage|p2a: Rotom|5/229\n|move|p2a: Rotom|Blizzard|p1a: Galvantula\n|-damage|p1a: Galvantula|0 fnt\n|faint|p1a: Galvantula\n|\n|upkeep\n|\n|t:|1783548307\n|switch|p1a: Delibird|Delibird, M|100/100\n|turn|8\n|inactive|Time left: 300 sec this turn | 300 sec total\n|\n|t:|1783548308\n|move|p1a: Delibird|Rapid Spin|p2a: Rotom\n|-damage|p2a: Rotom|0 fnt\n|-boost|p1a: Delibird|spe|1\n|-sideend|p1: p0x790cdb2|Sticky Web|[from] move: Rapid Spin|[of] p1a: Delibird\n|faint|p2a: Rotom\n|\n|upkeep\n|inactive|Time left: 300 sec this turn | 300 sec total | 5 sec grace\n|\n|t:|1783548309\n|switch|p2a: Metagross|Metagross, L79|199/256\n|turn|9\n|inactive|Time left: 300 sec this turn | 300 sec total\n|\n|t:|1783548310\n|switch|p1a: Forretress|Forretress, L84, M|100/100\n|move|p2a: Metagross|Heavy Slam|p1a: Forretress\n|-resisted|p1a: Forretress\n|-damage|p1a: Forretress|83/100\n|\n|-heal|p1a: Forretress|89/100|[from] item: Leftovers\n|upkeep\n|turn|10\n|inactive|Time left: 300 sec this turn | 300 sec total\n|\n|t:|1783548311\n|move|p2a: Metagross|Agility|p2a: Metagross\n|-boost|p2a: Metagross|spe|2\n|move|p1a: Forretress|Body Press|p2a: Metagross\n|-damage|p2a: Metagross|136/256\n|\n|-heal|p1a: Forretress|95/100|[from] item: Leftovers\n|upkeep\n|turn|11\n|inactive|Time left: 300 sec this turn | 300 sec total\n|\n|t:|1783548312\n|move|p2a: Metagross|Heavy Slam|p1a: Forretress\n|-resisted|p1a: Forretress\n|-damage|p1a: Forretress|78/100\n|move|p1a: Forretress|Body Press|p2a: Metagross\n|-damage|p2a: Metagross|73/256\n|\n|-heal|p1a: Forretress|84/100|[from] item: Leftovers\n|upkeep\n|turn|12\n|inactive|Time left: 300 sec this turn | 300 sec total\n|\n|t:|1783548314\n|move|p2a: Metagross|Psychic Fangs|p1a: Forretress\n|-resisted|p1a: Forretress\n|-damage|p1a: Forretress|71/100\n|move|p1a: Forretress|Body Press|p2a: Metagross\n|-damage|p2a: Metagross|16/256\n|\n|-heal|p1a: Forretress|77/100|[from] item: Leftovers\n|upkeep\n|turn|13\n|inactive|Time left: 300 sec this turn | 300 sec total\n|\n|t:|1783548315\n|move|p2a: Metagross|Heavy Slam|p1a: Forretress\n|-resisted|p1a: Forretress\n|-damage|p1a: Forretress|61/100\n|move|p1a: Forretress|Rapid Spin|p2a: Metagross\n|-resisted|p2a: Metagross\n|-damage|p2a: Metagross|2/256\n|-boost|p1a: Forretress|spe|1\n|\n|-heal|p1a: Forretress|67/100|[from] item: Leftovers\n|upkeep\n|turn|14\n|inactive|Time left: 300 sec this turn | 300 sec total\n|\n|t:|1783548317\n|move|p2a: Metagross|Earthquake|p1a: Forretress\n|-damage|p1a: Forretress|45/100\n|move|p1a: Forretress|Rapid Spin|p2a: Metagross\n|-resisted|p2a: Metagross\n|-damage|p2a: Metagross|0 fnt\n|-boost|p1a: Forretress|spe|1\n|faint|p2a: Metagross\n|\n|-heal|p1a: Forretress|51/100|[from] item: Leftovers\n|upkeep\n|inactive|Time left: 300 sec this turn | 300 sec total | 5 sec grace\n|\n|t:|1783548318\n|switch|p2a: Zebstrika|Zebstrika, L87, F|272/272\n|turn|15\n|inactive|Time left: 300 sec this turn | 300 sec total\n|\n|t:|1783548319\n|switch|p1a: Oranguru|Oranguru, L92, M|100/100\n|move|p2a: Zebstrika|Volt Switch|p1a: Oranguru\n|-damage|p1a: Oranguru|78/100\n|-damage|p2a: Zebstrika|245/272|[from] item: Life Orb\n|inactive|Time left: 300 sec this turn | 300 sec total | 5 sec grace\n|\n|t:|1783548320\n|switch|p2a: Gliscor|Gliscor, L76, M|239/239|[from] Volt Switch\n|\n|-heal|p1a: Oranguru|84/100|[from] item: Leftovers\n|-status|p2a: Gliscor|tox|[from] item: Toxic Orb\n|upkeep\n|turn|16\n|inactive|Time left: 300 sec this turn | 300 sec total\n|\n|t:|1783548321\n|move|p2a: Gliscor|Toxic|p1a: Oranguru|[miss]\n|-miss|p2a: Gliscor|p1a: Oranguru\n|move|p1a: Oranguru|Nasty Plot|p1a: Oranguru\n|-boost|p1a: Oranguru|spa|2\n|\n|-heal|p1a: Oranguru|90/100|[from] item: Leftovers\n|upkeep\n|turn|17\n|inactive|Time left: 300 sec this turn | 300 sec total\n|\n|t:|1783548322\n|move|p2a: Gliscor|Substitute|p2a: Gliscor\n|-start|p2a: Gliscor|Substitute\n|-damage|p2a: Gliscor|180/239 tox\n|move|p1a: Oranguru|Psyshock|p2a: Gliscor\n|-end|p2a: Gliscor|Substitute\n|\n|-heal|p1a: Oranguru|96/100|[from] item: Leftovers\n|-heal|p2a: Gliscor|209/239 tox|[from] ability: Poison Heal\n|upkeep\n|turn|18\n|inactive|Time left: 300 sec this turn | 300 sec total\n|\n|t:|1783548323\n|move|p2a: Gliscor|Substitute|p2a: Gliscor\n|-start|p2a: Gliscor|Substitute\n|-damage|p2a: Gliscor|150/239 tox\n|move|p1a: Oranguru|Psyshock|p2a: Gliscor\n|-end|p2a: Gliscor|Substitute\n|\n|-heal|p1a: Oranguru|100/100|[from] item: Leftovers\n|-heal|p2a: Gliscor|179/239 tox|[from] ability: Poison Heal\n|upkeep\n|turn|19\n|inactive|Time left: 300 sec this turn | 300 sec total\n|\n|t:|1783548324\n|move|p2a: Gliscor|Protect|p2a: Gliscor\n|-singleturn|p2a: Gliscor|Protect\n|move|p1a: Oranguru|Psyshock|p2a: Gliscor\n|-activate|p2a: Gliscor|move: Protect\n|\n|-heal|p2a: Gliscor|208/239 tox|[from] ability: Poison Heal\n|upkeep\n|turn|20\n|inactive|Time left: 300 sec this turn | 300 sec total\n|\n|t:|1783548325\n|move|p2a: Gliscor|Substitute|p2a: Gliscor\n|-start|p2a: Gliscor|Substitute\n|-damage|p2a: Gliscor|149/239 tox\n|move|p1a: Oranguru|Psyshock|p2a: Gliscor\n|-end|p2a: Gliscor|Substitute\n|\n|-heal|p2a: Gliscor|178/239 tox|[from] ability: Poison Heal\n|upkeep\n|turn|21\n|inactive|Time left: 300 sec this turn | 300 sec total\n|\n|t:|1783548326\n|move|p2a: Gliscor|Protect|p2a: Gliscor\n|-singleturn|p2a: Gliscor|Protect\n|move|p1a: Oranguru|Psyshock|p2a: Gliscor\n|-activate|p2a: Gliscor|move: Protect\n|\n|-heal|p2a: Gliscor|207/239 tox|[from] ability: Poison Heal\n|upkeep\n|turn|22\n|inactive|Time left: 300 sec this turn | 300 sec total\n|\n|t:|1783548327\n|move|p2a: Gliscor|Substitute|p2a: Gliscor\n|-start|p2a: Gliscor|Substitute\n|-damage|p2a: Gliscor|148/239 tox\n|move|p1a: Oranguru|Psyshock|p2a: Gliscor\n|-end|p2a: Gliscor|Substitute\n|\n|-heal|p2a: Gliscor|177/239 tox|[from] ability: Poison Heal\n|upkeep\n|turn|23\n|inactive|Time left: 300 sec this turn | 300 sec total\n|\n|t:|1783548328\n|move|p2a: Gliscor|Protect|p2a: Gliscor\n|-singleturn|p2a: Gliscor|Protect\n|move|p1a: Oranguru|Psyshock|p2a: Gliscor\n|-activate|p2a: Gliscor|move: Protect\n|\n|-heal|p2a: Gliscor|206/239 tox|[from] ability: Poison Heal\n|upkeep\n|turn|24\n|inactive|Time left: 300 sec this turn | 300 sec total\n|\n|t:|1783548329\n|move|p2a: Gliscor|Substitute|p2a: Gliscor\n|-start|p2a: Gliscor|Substitute\n|-damage|p2a: Gliscor|147/239 tox\n|move|p1a: Oranguru|Psyshock|p2a: Gliscor\n|-end|p2a: Gliscor|Substitute\n|\n|-heal|p2a: Gliscor|176/239 tox|[from] ability: Poison Heal\n|upkeep\n|turn|25\n|inactive|Time left: 300 sec this turn | 300 sec total\n|\n|t:|1783548330\n|move|p2a: Gliscor|Substitute|p2a: Gliscor\n|-start|p2a: Gliscor|Substitute\n|-damage|p2a: Gliscor|117/239 tox\n|move|p1a: Oranguru|Psyshock|p2a: Gliscor\n|-end|p2a: Gliscor|Substitute\n|\n|-heal|p2a: Gliscor|146/239 tox|[from] ability: Poison Heal\n|upkeep\n|turn|26\n|inactive|Time left: 300 sec this turn | 300 sec total\n|\n|t:|1783548331\n|move|p2a: Gliscor|Protect|p2a: Gliscor\n|-singleturn|p2a: Gliscor|Protect\n|move|p1a: Oranguru|Psyshock|p2a: Gliscor\n|-activate|p2a: Gliscor|move: Protect\n|\n|-heal|p2a: Gliscor|175/239 tox|[from] ability: Poison Heal\n|upkeep\n|turn|27\n|inactive|Time left: 300 sec this turn | 300 sec total\n|\n|t:|1783548332\n|move|p2a: Gliscor|Substitute|p2a: Gliscor\n|-start|p2a: Gliscor|Substitute\n|-damage|p2a: Gliscor|116/239 tox\n|move|p1a: Oranguru|Psyshock|p2a: Gliscor\n|-end|p2a: Gliscor|Substitute\n|\n|-heal|p2a: Gliscor|145/239 tox|[from] ability: Poison Heal\n|upkeep\n|turn|28\n|inactive|Time left: 300 sec this turn | 300 sec total\n|\n|t:|1783548333\n|move|p2a: Gliscor|Protect|p2a: Gliscor\n|-singleturn|p2a: Gliscor|Protect\n|move|p1a: Oranguru|Psyshock|p2a: Gliscor\n|-activate|p2a: Gliscor|move: Protect\n|\n|-heal|p2a: Gliscor|174/239 tox|[from] ability: Poison Heal\n|upkeep\n|turn|29\n|inactive|Time left: 300 sec this turn | 300 sec total\n|\n|t:|1783548334\n|move|p2a: Gliscor|Substitute|p2a: Gliscor\n|-start|p2a: Gliscor|Substitute\n|-damage|p2a: Gliscor|115/239 tox\n|move|p1a: Oranguru|Psyshock|p2a: Gliscor\n|-end|p2a: Gliscor|Substitute\n|\n|-heal|p2a: Gliscor|144/239 tox|[from] ability: Poison Heal\n|upkeep\n|turn|30\n|inactive|Time left: 300 sec this turn | 300 sec total\n|\n|t:|1783548335\n|move|p2a: Gliscor|Substitute|p2a: Gliscor\n|-start|p2a: Gliscor|Substitute\n|-damage|p2a: Gliscor|85/239 tox\n|move|p1a: Oranguru|Psyshock|p2a: Gliscor\n|-end|p2a: Gliscor|Substitute\n|\n|-heal|p2a: Gliscor|114/239 tox|[from] ability: Poison Heal\n|upkeep\n|turn|31\n|inactive|Time left: 300 sec this turn | 300 sec total\n|\n|t:|1783548336\n|move|p2a: Gliscor|Substitute|p2a: Gliscor\n|-start|p2a: Gliscor|Substitute\n|-damage|p2a: Gliscor|55/239 tox\n|move|p1a: Oranguru|Psyshock|p2a: Gliscor\n|-end|p2a: Gliscor|Substitute\n|\n|-heal|p2a: Gliscor|84/239 tox|[from] ability: Poison Heal\n|upkeep\n|turn|32\n|inactive|Time left: 300 sec this turn | 300 sec total\n|\n|t:|1783548337\n|move|p2a: Gliscor|Substitute|p2a: Gliscor\n|-start|p2a: Gliscor|Substitute\n|-damage|p2a: Gliscor|25/239 tox\n|move|p1a: Oranguru|Focus Blast|p2a: Gliscor\n|-resisted|p2a: Gliscor\n|-end|p2a: Gliscor|Substitute\n|\n|-heal|p2a: Gliscor|54/239 tox|[from] ability: Poison Heal\n|upkeep\n|turn|33\n|inactive|Time left: 300 sec this turn | 300 sec total\n|\n|t:|1783548338\n|move|p2a: Gliscor|Protect|p2a: Gliscor\n|-singleturn|p2a: Gliscor|Protect\n|move|p1a: Oranguru|Psyshock|p2a: Gliscor\n|-activate|p2a: Gliscor|move: Protect\n|\n|-heal|p2a: Gliscor|83/239 tox|[from] ability: Poison Heal\n|upkeep\n|turn|34\n|inactive|Time left: 300 sec this turn | 300 sec total\n|\n|t:|1783548339\n|move|p2a: Gliscor|Substitute|p2a: Gliscor\n|-start|p2a: Gliscor|Substitute\n|-damage|p2a: Gliscor|24/239 tox\n|move|p1a: Oranguru|Focus Blast|p2a: Gliscor\n|-resisted|p2a: Gliscor\n|-end|p2a: Gliscor|Substitute\n|\n|-heal|p2a: Gliscor|53/239 tox|[from] ability: Poison Heal\n|upkeep\n|turn|35\n|inactive|Time left: 300 sec this turn | 300 sec total\n|\n|t:|1783548340\n|move|p2a: Gliscor|Protect|p2a: Gliscor\n|-singleturn|p2a: Gliscor|Protect\n|move|p1a: Oranguru|Focus Blast|p2a: Gliscor\n|-activate|p2a: Gliscor|move: Protect\n|\n|-heal|p2a: Gliscor|82/239 tox|[from] ability: Poison Heal\n|upkeep\n|turn|36\n|inactive|Time left: 300 sec this turn | 300 sec total\n|\n|t:|1783548341\n|move|p2a: Gliscor|Substitute|p2a: Gliscor\n|-start|p2a: Gliscor|Substitute\n|-damage|p2a: Gliscor|23/239 tox\n|move|p1a: Oranguru|Focus Blast|p2a: Gliscor\n|-resisted|p2a: Gliscor\n|-end|p2a: Gliscor|Substitute\n|\n|-heal|p2a: Gliscor|52/239 tox|[from] ability: Poison Heal\n|upkeep\n|turn|37\n|inactive|Time left: 300 sec this turn | 300 sec total\n|\n|t:|1783548342\n|move|p2a: Gliscor|Protect|p2a: Gliscor\n|-singleturn|p2a: Gliscor|Protect\n|move|p1a: Oranguru|Focus Blast|p2a: Gliscor\n|-activate|p2a: Gliscor|move: Protect\n|\n|-heal|p2a: Gliscor|81/239 tox|[from] ability: Poison Heal\n|upkeep\n|turn|38\n|inactive|Time left: 300 sec this turn | 300 sec total\n|\n|t:|1783548343\n|move|p2a: Gliscor|Substitute|p2a: Gliscor\n|-start|p2a: Gliscor|Substitute\n|-damage|p2a: Gliscor|22/239 tox\n|move|p1a: Oranguru|Focus Blast|p2a: Gliscor\n|-resisted|p2a: Gliscor\n|-crit|p2a: Gliscor\n|-end|p2a: Gliscor|Substitute\n|\n|-heal|p2a: Gliscor|51/239 tox|[from] ability: Poison Heal\n|upkeep\n|turn|39\n|inactive|Time left: 300 sec this turn | 300 sec total\n|\n|t:|1783548344\n|move|p2a: Gliscor|Protect|p2a: Gliscor\n|-singleturn|p2a: Gliscor|Protect\n|move|p1a: Oranguru|Focus Blast|p2a: Gliscor\n|-activate|p2a: Gliscor|move: Protect\n|\n|-heal|p2a: Gliscor|80/239 tox|[from] ability: Poison Heal\n|upkeep\n|turn|40\n|inactive|Time left: 300 sec this turn | 300 sec total\n|\n|t:|1783548345\n|move|p2a: Gliscor|Substitute|p2a: Gliscor\n|-start|p2a: Gliscor|Substitute\n|-damage|p2a: Gliscor|21/239 tox\n|move|p1a: Oranguru|Focus Blast|p2a: Gliscor|[miss]\n|-miss|p1a: Oranguru|p2a: Gliscor\n|\n|-heal|p2a: Gliscor|50/239 tox|[from] ability: Poison Heal\n|upkeep\n|turn|41\n|inactive|Time left: 300 sec this turn | 300 sec total\n|\n|t:|1783548346\n|move|p2a: Gliscor|Toxic|p1a: Oranguru\n|-status|p1a: Oranguru|tox\n|move|p1a: Oranguru|Nasty Plot|p1a: Oranguru\n|-boost|p1a: Oranguru|spa|2\n|\n|-heal|p2a: Gliscor|79/239 tox|[from] ability: Poison Heal\n|-damage|p1a: Oranguru|94/100 tox|[from] psn\n|upkeep\n|turn|42\n|inactive|Time left: 300 sec this turn | 300 sec total\n|\n|t:|1783548347\n|move|p2a: Gliscor|Earthquake|p1a: Oranguru\n|-damage|p1a: Oranguru|68/100 tox\n|move|p1a: Oranguru|Thunderbolt|p2a: Gliscor\n|-immune|p2a: Gliscor\n|\n|-heal|p1a: Oranguru|74/100 tox|[from] item: Leftovers\n|-heal|p2a: Gliscor|108/239 tox|[from] ability: Poison Heal\n|-damage|p1a: Oranguru|62/100 tox|[from] psn\n|upkeep\n|turn|43\n|inactive|Time left: 300 sec this turn | 300 sec total\n|\n|t:|1783548348\n|switch|p1a: Forretress|Forretress, L84, M|51/100\n|move|p2a: Gliscor|Earthquake|p1a: Forretress\n|-damage|p1a: Forretress|28/100\n|\n|-heal|p1a: Forretress|34/100|[from] item: Leftovers\n|-heal|p2a: Gliscor|137/239 tox|[from] ability: Poison Heal\n|upkeep\n|turn|44\n|inactive|Time left: 300 sec this turn | 300 sec total\n|\n|t:|1783548349\n|move|p2a: Gliscor|Earthquake|p1a: Forretress\n|-damage|p1a: Forretress|10/100\n|move|p1a: Forretress|Stealth Rock|p2a: Gliscor\n|-sidestart|p2: p0y79064f6|move: Stealth Rock\n|\n|-heal|p1a: Forretress|16/100|[from] item: Leftovers\n|-heal|p2a: Gliscor|166/239 tox|[from] ability: Poison Heal\n|upkeep\n|turn|45\n|inactive|Time left: 300 sec this turn | 300 sec total\n|\n|t:|1783548350\n|switch|p1a: Delibird|Delibird, M|100/100\n|move|p2a: Gliscor|Earthquake|p1a: Delibird\n|-immune|p1a: Delibird\n|\n|-heal|p2a: Gliscor|195/239 tox|[from] ability: Poison Heal\n|upkeep\n|turn|46\n|inactive|Time left: 300 sec this turn | 300 sec total\n|\n|t:|1783548351\n|move|p1a: Delibird|Freeze-Dry|p2a: Gliscor\n|-supereffective|p2a: Gliscor\n|-end|p2a: Gliscor|Substitute\n|move|p2a: Gliscor|Toxic|p1a: Delibird\n|-status|p1a: Delibird|tox\n|\n|-damage|p1a: Delibird|95/100 tox|[from] psn\n|-heal|p2a: Gliscor|224/239 tox|[from] ability: Poison Heal\n|upkeep\n|turn|47\n|inactive|Time left: 300 sec this turn | 300 sec total\n|\n|t:|1783548352\n|switch|p2a: Zebstrika|Zebstrika, L87, F|245/272\n|-damage|p2a: Zebstrika|211/272|[from] Stealth Rock\n|move|p1a: Delibird|Freeze-Dry|p2a: Zebstrika\n|-damage|p2a: Zebstrika|114/272\n|\n|-damage|p1a: Delibird|83/100 tox|[from] psn\n|upkeep\n|turn|48\n|inactive|Time left: 300 sec this turn | 300 sec total\n|\n|t:|1783548353\n|switch|p1a: Dudunsparce|Dudunsparce-Three-Segment, L83, M|100/100\n|move|p2a: Zebstrika|Supercell Slam|p1a: Dudunsparce\n|-damage|p1a: Dudunsparce|49/100\n|-damage|p2a: Zebstrika|87/272|[from] item: Life Orb\n|\n|-heal|p1a: Dudunsparce|56/100|[from] item: Leftovers\n|upkeep\n|turn|49\n|inactive|Time left: 300 sec this turn | 300 sec total\n|\n|t:|1783548354\n|move|p2a: Zebstrika|Supercell Slam|p1a: Dudunsparce\n|-damage|p1a: Dudunsparce|10/100\n|-damage|p2a: Zebstrika|60/272|[from] item: Life Orb\n|move|p1a: Dudunsparce|Roost|p1a: Dudunsparce\n|-heal|p1a: Dudunsparce|60/100\n|-singleturn|p1a: Dudunsparce|move: Roost\n|\n|-heal|p1a: Dudunsparce|66/100|[from] item: Leftovers\n|upkeep\n|turn|50\n|inactive|Time left: 300 sec this turn | 300 sec total\n|\n|t:|1783548355\n|move|p2a: Zebstrika|Supercell Slam|p1a: Dudunsparce\n|-crit|p1a: Dudunsparce\n|-damage|p1a: Dudunsparce|1/100\n|-damage|p2a: Zebstrika|33/272|[from] item: Life Orb\n|move|p1a: Dudunsparce|Roost|p1a: Dudunsparce\n|-heal|p1a: Dudunsparce|51/100\n|-singleturn|p1a: Dudunsparce|move: Roost\n|\n|-heal|p1a: Dudunsparce|57/100|[from] item: Leftovers\n|upkeep\n|turn|51\n|inactive|Time left: 300 sec this turn | 300 sec total\n|\n|t:|1783548356\n|move|p2a: Zebstrika|Supercell Slam|p1a: Dudunsparce\n|-damage|p1a: Dudunsparce|6/100\n|-damage|p2a: Zebstrika|6/272|[from] item: Life Orb\n|move|p1a: Dudunsparce|Roost|p1a: Dudunsparce\n|-heal|p1a: Dudunsparce|56/100\n|-singleturn|p1a: Dudunsparce|move: Roost\n|\n|-heal|p1a: Dudunsparce|62/100|[from] item: Leftovers\n|upkeep\n|turn|52\n|inactive|Time left: 300 sec this turn | 300 sec total\n|\n|t:|1783548357\n|move|p2a: Zebstrika|Supercell Slam|p1a: Dudunsparce\n|-damage|p1a: Dudunsparce|17/100\n|-damage|p2a: Zebstrika|0 fnt|[from] item: Life Orb\n|faint|p2a: Zebstrika\n|move|p1a: Dudunsparce|Roost|p1a: Dudunsparce\n|-heal|p1a: Dudunsparce|67/100\n|-singleturn|p1a: Dudunsparce|move: Roost\n|\n|-heal|p1a: Dudunsparce|73/100|[from] item: Leftovers\n|upkeep\n|inactive|Time left: 300 sec this turn | 300 sec total | 5 sec grace\n|\n|t:|1783548358\n|switch|p2a: Quaquaval|Quaquaval, L79, M|264/264\n|-damage|p2a: Quaquaval|248/264|[from] Stealth Rock\n|turn|53\n|inactive|Time left: 300 sec this turn | 300 sec total\n|\n|t:|1783548359\n|move|p2a: Quaquaval|Aqua Step|p1a: Dudunsparce\n|-damage|p1a: Dudunsparce|43/100\n|-boost|p2a: Quaquaval|spe|1\n|move|p1a: Dudunsparce|Glare|p2a: Quaquaval\n|-status|p2a: Quaquaval|par\n|\n|-heal|p1a: Dudunsparce|49/100|[from] item: Leftovers\n|-heal|p2a: Quaquaval|264/264 par|[from] item: Leftovers\n|upkeep\n|turn|54\n|inactive|Time left: 300 sec this turn | 300 sec total\n|\n|t:|1783548360\n|move|p1a: Dudunsparce|Headbutt|p2a: Quaquaval\n|-damage|p2a: Quaquaval|179/264 par\n|cant|p2a: Quaquaval|flinch\n|\n|-heal|p1a: Dudunsparce|56/100|[from] item: Leftovers\n|-heal|p2a: Quaquaval|195/264 par|[from] item: Leftovers\n|upkeep\n|turn|55\n|inactive|Time left: 300 sec this turn | 300 sec total\n|\n|t:|1783548360\n|move|p1a: Dudunsparce|Headbutt|p2a: Quaquaval\n|-damage|p2a: Quaquaval|117/264 par\n|move|p2a: Quaquaval|Aqua Step|p1a: Dudunsparce\n|-damage|p1a: Dudunsparce|29/100\n|-boost|p2a: Quaquaval|spe|1\n|\n|-heal|p2a: Quaquaval|133/264 par|[from] item: Leftovers\n|-heal|p1a: Dudunsparce|35/100|[from] item: Leftovers\n|upkeep\n|turn|56\n|inactive|Time left: 300 sec this turn | 300 sec total\n|\n|t:|1783548361\n|move|p2a: Quaquaval|Aqua Step|p1a: Dudunsparce\n|-damage|p1a: Dudunsparce|5/100\n|-boost|p2a: Quaquaval|spe|1\n|move|p1a: Dudunsparce|Roost|p1a: Dudunsparce\n|-heal|p1a: Dudunsparce|55/100\n|-singleturn|p1a: Dudunsparce|move: Roost\n|\n|-heal|p2a: Quaquaval|149/264 par|[from] item: Leftovers\n|-heal|p1a: Dudunsparce|61/100|[from] item: Leftovers\n|upkeep\n|turn|57\n|inactive|Time left: 300 sec this turn | 300 sec total\n|\n|t:|1783548362\n|switch|p1a: Oranguru|Oranguru, L92, M|62/100 tox\n|move|p2a: Quaquaval|Aqua Step|p1a: Oranguru\n|-damage|p1a: Oranguru|36/100 tox\n|-boost|p2a: Quaquaval|spe|1\n|\n|-heal|p2a: Quaquaval|165/264 par|[from] item: Leftovers\n|-heal|p1a: Oranguru|42/100 tox|[from] item: Leftovers\n|-damage|p1a: Oranguru|36/100 tox|[from] psn\n|upkeep\n|turn|58\n|inactive|Time left: 300 sec this turn | 300 sec total\n|\n|t:|1783548363\n|cant|p2a: Quaquaval|par\n|move|p1a: Oranguru|Thunderbolt|p2a: Quaquaval\n|-supereffective|p2a: Quaquaval\n|-damage|p2a: Quaquaval|0 fnt\n|faint|p2a: Quaquaval\n|\n|-heal|p1a: Oranguru|42/100 tox|[from] item: Leftovers\n|-damage|p1a: Oranguru|30/100 tox|[from] psn\n|upkeep\n|inactive|Time left: 300 sec this turn | 300 sec total | 5 sec grace\n|\n|t:|1783548364\n|switch|p2a: Gliscor|Gliscor, L76, M|224/239 tox\n|-damage|p2a: Gliscor|195/239 tox|[from] Stealth Rock\n|turn|59\n|inactive|Time left: 300 sec this turn | 300 sec total\n|\n|t:|1783548365\n|switch|p1a: Delibird|Delibird, M|83/100 tox\n|move|p2a: Gliscor|Substitute|p2a: Gliscor\n|-start|p2a: Gliscor|Substitute\n|-damage|p2a: Gliscor|136/239 tox\n|\n|-damage|p1a: Delibird|77/100 tox|[from] psn\n|-heal|p2a: Gliscor|165/239 tox|[from] ability: Poison Heal\n|upkeep\n|turn|60\n|inactive|Time left: 300 sec this turn | 300 sec total\n|\n|t:|1783548366\n|move|p2a: Gliscor|Protect|p2a: Gliscor\n|-singleturn|p2a: Gliscor|Protect\n|move|p1a: Delibird|Freeze-Dry|p2a: Gliscor\n|-activate|p2a: Gliscor|move: Protect\n|\n|-damage|p1a: Delibird|65/100 tox|[from] psn\n|-heal|p2a: Gliscor|194/239 tox|[from] ability: Poison Heal\n|upkeep\n|turn|61\n|inactive|Time left: 300 sec this turn | 300 sec total\n|\n|t:|1783548366\n|move|p2a: Gliscor|Protect||[still]\n|-fail|p2a: Gliscor\n|move|p1a: Delibird|Brave Bird|p2a: Gliscor\n|-crit|p2a: Gliscor\n|-end|p2a: Gliscor|Substitute\n|-damage|p1a: Delibird|57/100 tox|[from] Recoil|[of] p2a: Gliscor\n|\n|-damage|p1a: Delibird|39/100 tox|[from] psn\n|-heal|p2a: Gliscor|223/239 tox|[from] ability: Poison Heal\n|upkeep\n|turn|62\n|inactive|Time left: 300 sec this turn | 300 sec total\n|\n|t:|1783548368\n|-terastallize|p1a: Delibird|Ghost\n|move|p2a: Gliscor|Protect|p2a: Gliscor\n|-singleturn|p2a: Gliscor|Protect\n|move|p1a: Delibird|Freeze-Dry|p2a: Gliscor\n|-activate|p2a: Gliscor|move: Protect\n|\n|-damage|p1a: Delibird|16/100 tox|[from] psn\n|-heal|p2a: Gliscor|239/239 tox|[from] ability: Poison Heal\n|upkeep\n|turn|63\n|inactive|Time left: 300 sec this turn | 300 sec total\n|\n|t:|1783548369\n|move|p2a: Gliscor|Protect||[still]\n|-fail|p2a: Gliscor\n|move|p1a: Delibird|Freeze-Dry|p2a: Gliscor\n|-supereffective|p2a: Gliscor\n|-damage|p2a: Gliscor|0 fnt\n|faint|p2a: Gliscor\n|\n|win|p0x790cdb2", "uploadtime": 1783548369, "views": 0, "rating": 0, "private": 0, "password": null, "_winner": "p0x790cdb2", "_our_name": "p0y79064f6"}