{"id": "battle-gen9randombattle-1403", "formatid": "gen9randombattle", "format": "[Gen 9] Random Battle", "players": ["p0x1403371b", "p0y1403ef25"], "log": "|init|battle\n|title|p0x1403371b vs. p0y1403ef25\n|j|\u2606p0x1403371b\n|j|\u2606p0y1403ef25\n|t:|1783556332\n|gametype|singles\n|player|p1|p0x1403371b|266|\n|player|p2|p0y1403ef25|265|\n|gen|9\n|tier|[Gen 9] Random Battle\n|rule|Species Clause: Limit one of each Pok\u00e9mon\n|rule|HP Percentage Mod: HP is shown in percentages\n|rule|Sleep Clause Mod: Limit one foe put to sleep\n|rule|Illusion Level Mod: Illusion disguises the Pok\u00e9mon's true level\n|\n|t:|1783556332\n|teamsize|p1|6\n|teamsize|p2|6\n|start\n|switch|p1a: Rotom|Rotom-Fan, L86|100/100\n|switch|p2a: Appletun|Appletun, L92, F|352/352\n|turn|1\n|inactive|Battle timer is ON: inactive players will automatically lose when time's up. (requested by p0y1403ef25)\n|inactive|p0x1403371b also wants the timer to be on.\n|\n|t:|1783556333\n|move|p1a: Rotom|Nasty Plot|p1a: Rotom\n|-boost|p1a: Rotom|spa|2\n|move|p2a: Appletun|Apple Acid|p1a: Rotom\n|-resisted|p1a: Rotom\n|-damage|p1a: Rotom|82/100\n|-unboost|p1a: Rotom|spd|1\n|\n|upkeep\n|turn|2\n|inactive|Time left: 300 sec this turn | 300 sec total\n|\n|t:|1783556334\n|-terastallize|p2a: Appletun|Steel\n|move|p1a: Rotom|Air Slash|p2a: Appletun\n|-resisted|p2a: Appletun\n|-damage|p2a: Appletun|267/352\n|cant|p2a: Appletun|flinch\n|\n|-heal|p2a: Appletun|289/352|[from] item: Leftovers\n|upkeep\n|turn|3\n|inactive|Time left: 300 sec this turn | 300 sec total\n|\n|t:|1783556335\n|move|p1a: Rotom|Thunderbolt|p2a: Appletun\n|-damage|p2a: Appletun|79/352\n|move|p2a: Appletun|Draco Meteor|p1a: Rotom\n|-damage|p1a: Rotom|0 fnt\n|-unboost|p2a: Appletun|spa|2\n|faint|p1a: Rotom\n|\n|-heal|p2a: Appletun|101/352|[from] item: Leftovers\n|upkeep\n|\n|t:|1783556336\n|switch|p1a: Magnezone|Magnezone, L85|100/100\n|turn|4\n|inactive|Time left: 300 sec this turn | 300 sec total\n|\n|t:|1783556337\n|move|p1a: Magnezone|Thunderbolt|p2a: Appletun\n|-damage|p2a: Appletun|0 fnt\n|faint|p2a: Appletun\n|\n|upkeep\n|inactive|Time left: 300 sec this turn | 300 sec total | 5 sec grace\n|\n|t:|1783556338\n|switch|p2a: Greedent|Greedent, L86, F|347/347\n|turn|5\n|inactive|Time left: 300 sec this turn | 300 sec total\n|\n|t:|1783556339\n|move|p1a: Magnezone|Thunderbolt|p2a: Greedent\n|-crit|p2a: Greedent\n|-damage|p2a: Greedent|125/347\n|-enditem|p2a: Greedent|Sitrus Berry|[eat]\n|-heal|p2a: Greedent|211/347|[from] item: Sitrus Berry\n|-heal|p2a: Greedent|326/347|[from] ability: Cheek Pouch\n|move|p2a: Greedent|Swords Dance|p2a: Greedent\n|-boost|p2a: Greedent|atk|2\n|\n|upkeep\n|turn|6\n|inactive|Time left: 300 sec this turn | 300 sec total\n|\n|t:|1783556340\n|move|p1a: Magnezone|Thunderbolt|p2a: Greedent\n|-crit|p2a: Greedent\n|-damage|p2a: Greedent|104/347\n|move|p2a: Greedent|Earthquake|p1a: Magnezone\n|-supereffective|p1a: Magnezone\n|-damage|p1a: Magnezone|0 fnt\n|faint|p1a: Magnezone\n|\n|upkeep\n|\n|t:|1783556341\n|switch|p1a: Noivern|Noivern, L82, F|100/100\n|turn|7\n|inactive|Time left: 300 sec this turn | 300 sec total\n|\n|t:|1783556342\n|move|p1a: Noivern|Boomburst|p2a: Greedent\n|-damage|p2a: Greedent|0 fnt\n|faint|p2a: Greedent\n|\n|upkeep\n|inactive|Time left: 300 sec this turn | 300 sec total | 5 sec grace\n|\n|t:|1783556343\n|switch|p2a: Cryogonal|Cryogonal, L89|287/287\n|turn|8\n|inactive|Time left: 300 sec this turn | 300 sec total\n|\n|t:|1783556344\n|switch|p1a: Dudunsparce|Dudunsparce-Three-Segment, L83, M|100/100\n|move|p2a: Cryogonal|Freeze-Dry|p1a: Dudunsparce\n|-damage|p1a: Dudunsparce|76/100\n|\n|-heal|p1a: Dudunsparce|82/100|[from] item: Leftovers\n|upkeep\n|turn|9\n|inactive|Time left: 300 sec this turn | 300 sec total\n|\n|t:|1783556345\n|move|p2a: Cryogonal|Freeze-Dry|p1a: Dudunsparce\n|-damage|p1a: Dudunsparce|52/100\n|-status|p1a: Dudunsparce|frz\n|-curestatus|p1a: Dudunsparce|frz|[msg]\n|move|p1a: Dudunsparce|Calm Mind|p1a: Dudunsparce\n|-boost|p1a: Dudunsparce|spa|1\n|-boost|p1a: Dudunsparce|spd|1\n|\n|-heal|p1a: Dudunsparce|58/100|[from] item: Leftovers\n|upkeep\n|turn|10\n|inactive|Time left: 300 sec this turn | 300 sec total\n|\n|t:|1783556347\n|move|p2a: Cryogonal|Rapid Spin|p1a: Dudunsparce\n|-damage|p1a: Dudunsparce|50/100\n|-boost|p2a: Cryogonal|spe|1\n|move|p1a: Dudunsparce|Boomburst|p2a: Cryogonal\n|-damage|p2a: Cryogonal|155/287\n|\n|-heal|p1a: Dudunsparce|56/100|[from] item: Leftovers\n|upkeep\n|turn|11\n|inactive|Time left: 300 sec this turn | 300 sec total\n|\n|t:|1783556348\n|move|p2a: Cryogonal|Recover|p2a: Cryogonal\n|-heal|p2a: Cryogonal|287/287\n|move|p1a: Dudunsparce|Boomburst|p2a: Cryogonal\n|-damage|p2a: Cryogonal|161/287\n|\n|-heal|p1a: Dudunsparce|63/100|[from] item: Leftovers\n|upkeep\n|turn|12\n|inactive|Time left: 300 sec this turn | 300 sec total\n|\n|t:|1783556349\n|move|p2a: Cryogonal|Recover|p2a: Cryogonal\n|-heal|p2a: Cryogonal|287/287\n|move|p1a: Dudunsparce|Boomburst|p2a: Cryogonal\n|-damage|p2a: Cryogonal|163/287\n|\n|-heal|p1a: Dudunsparce|69/100|[from] item: Leftovers\n|upkeep\n|turn|13\n|inactive|Time left: 300 sec this turn | 300 sec total\n|\n|t:|1783556350\n|move|p2a: Cryogonal|Recover|p2a: Cryogonal\n|-heal|p2a: Cryogonal|287/287\n|move|p1a: Dudunsparce|Boomburst|p2a: Cryogonal\n|-damage|p2a: Cryogonal|155/287\n|\n|-heal|p1a: Dudunsparce|75/100|[from] item: Leftovers\n|upkeep\n|turn|14\n|inactive|Time left: 300 sec this turn | 300 sec total\n|\n|t:|1783556351\n|move|p2a: Cryogonal|Recover|p2a: Cryogonal\n|-heal|p2a: Cryogonal|287/287\n|move|p1a: Dudunsparce|Calm Mind|p1a: Dudunsparce\n|-boost|p1a: Dudunsparce|spa|1\n|-boost|p1a: Dudunsparce|spd|1\n|\n|-heal|p1a: Dudunsparce|81/100|[from] item: Leftovers\n|upkeep\n|turn|15\n|inactive|Time left: 300 sec this turn | 300 sec total\n|\n|t:|1783556352\n|move|p2a: Cryogonal|Freeze-Dry|p1a: Dudunsparce\n|-damage|p1a: Dudunsparce|68/100\n|move|p1a: Dudunsparce|Boomburst|p2a: Cryogonal\n|-damage|p2a: Cryogonal|100/287\n|\n|-heal|p1a: Dudunsparce|74/100|[from] item: Leftovers\n|upkeep\n|turn|16\n|inactive|Time left: 300 sec this turn | 300 sec total\n|\n|t:|1783556353\n|move|p2a: Cryogonal|Recover|p2a: Cryogonal\n|-heal|p2a: Cryogonal|244/287\n|move|p1a: Dudunsparce|Boomburst|p2a: Cryogonal\n|-damage|p2a: Cryogonal|66/287\n|\n|-heal|p1a: Dudunsparce|80/100|[from] item: Leftovers\n|upkeep\n|turn|17\n|inactive|Time left: 300 sec this turn | 300 sec total\n|\n|t:|1783556354\n|move|p2a: Cryogonal|Recover|p2a: Cryogonal\n|-heal|p2a: Cryogonal|210/287\n|move|p1a: Dudunsparce|Boomburst|p2a: Cryogonal\n|-damage|p2a: Cryogonal|29/287\n|\n|-heal|p1a: Dudunsparce|86/100|[from] item: Leftovers\n|upkeep\n|turn|18\n|inactive|Time left: 300 sec this turn | 300 sec total\n|\n|t:|1783556355\n|move|p2a: Cryogonal|Recover|p2a: Cryogonal\n|-heal|p2a: Cryogonal|173/287\n|move|p1a: Dudunsparce|Boomburst|p2a: Cryogonal\n|-damage|p2a: Cryogonal|0 fnt\n|faint|p2a: Cryogonal\n|\n|-heal|p1a: Dudunsparce|92/100|[from] item: Leftovers\n|upkeep\n|inactive|Time left: 300 sec this turn | 300 sec total | 5 sec grace\n|\n|t:|1783556355\n|switch|p2a: Great Tusk|Great Tusk, L77|304/304\n|-enditem|p2a: Great Tusk|Booster Energy\n|-activate|p2a: Great Tusk|ability: Protosynthesis|[fromitem]\n|-start|p2a: Great Tusk|protosynthesisatk\n|turn|19\n|inactive|Time left: 300 sec this turn | 300 sec total\n|\n|t:|1783556357\n|-terastallize|p1a: Dudunsparce|Poison\n|move|p2a: Great Tusk|Earthquake|p1a: Dudunsparce\n|-supereffective|p1a: Dudunsparce\n|-damage|p1a: Dudunsparce|0 fnt\n|faint|p1a: Dudunsparce\n|\n|upkeep\n|\n|t:|1783556358\n|switch|p1a: Misdreavus|Misdreavus, L90, F|100/100\n|turn|20\n|inactive|Time left: 300 sec this turn | 300 sec total\n|\n|t:|1783556359\n|-end|p2a: Great Tusk|Protosynthesis|[silent]\n|switch|p2a: Moltres|Moltres, L81|278/278\n|move|p1a: Misdreavus|Will-O-Wisp|p2a: Moltres\n|-immune|p2a: Moltres\n|\n|upkeep\n|turn|21\n|inactive|Time left: 300 sec this turn | 300 sec total\n|\n|t:|1783556360\n|move|p1a: Misdreavus|Calm Mind|p1a: Misdreavus\n|-boost|p1a: Misdreavus|spa|1\n|-boost|p1a: Misdreavus|spd|1\n|move|p2a: Moltres|Brave Bird|p1a: Misdreavus\n|-damage|p1a: Misdreavus|60/100\n|-damage|p2a: Moltres|244/278|[from] Recoil\n|\n|upkeep\n|turn|22\n|inactive|Time left: 300 sec this turn | 300 sec total\n|\n|t:|1783556361\n|move|p1a: Misdreavus|Shadow Ball|p2a: Moltres\n|-damage|p2a: Moltres|97/278\n|-unboost|p2a: Moltres|spd|1\n|move|p2a: Moltres|Brave Bird|p1a: Misdreavus\n|-damage|p1a: Misdreavus|17/100\n|-damage|p2a: Moltres|61/278|[from] Recoil\n|\n|upkeep\n|turn|23\n|inactive|Time left: 300 sec this turn | 300 sec total\n|\n|t:|1783556362\n|move|p1a: Misdreavus|Shadow Ball|p2a: Moltres\n|-damage|p2a: Moltres|0 fnt\n|faint|p2a: Moltres\n|\n|upkeep\n|inactive|Time left: 300 sec this turn | 300 sec total | 5 sec grace\n|\n|t:|1783556363\n|switch|p2a: Arbok|Arbok, L87, M|246/246\n|-ability|p2a: Arbok|Intimidate|boost\n|-unboost|p1a: Misdreavus|atk|1\n|turn|24\n|inactive|Time left: 300 sec this turn | 300 sec total\n|\n|t:|1783556364\n|move|p1a: Misdreavus|Shadow Ball|p2a: Arbok\n|-damage|p2a: Arbok|107/246\n|move|p2a: Arbok|Coil|p2a: Arbok\n|-boost|p2a: Arbok|atk|1\n|-boost|p2a: Arbok|def|1\n|-boost|p2a: Arbok|accuracy|1\n|\n|-heal|p2a: Arbok|122/246|[from] item: Leftovers\n|upkeep\n|turn|25\n|inactive|Time left: 300 sec this turn | 300 sec total\n|\n|t:|1783556365\n|move|p2a: Arbok|Sucker Punch|p1a: Misdreavus\n|-supereffective|p1a: Misdreavus\n|-damage|p1a: Misdreavus|0 fnt\n|faint|p1a: Misdreavus\n|\n|-heal|p2a: Arbok|137/246|[from] item: Leftovers\n|upkeep\n|\n|t:|1783556367\n|switch|p1a: Noivern|Noivern, L82, F|100/100\n|turn|26\n|inactive|Time left: 300 sec this turn | 300 sec total\n|\n|t:|1783556368\n|move|p1a: Noivern|Boomburst|p2a: Arbok\n|-damage|p2a: Arbok|0 fnt\n|faint|p2a: Arbok\n|\n|upkeep\n|inactive|Time left: 300 sec this turn | 300 sec total | 5 sec grace\n|\n|t:|1783556369\n|switch|p2a: Great Tusk|Great Tusk, L77|304/304\n|turn|27\n|inactive|Time left: 300 sec this turn | 300 sec total\n|\n|t:|1783556370\n|move|p1a: Noivern|Boomburst|p2a: Great Tusk\n|-damage|p2a: Great Tusk|69/304\n|move|p2a: Great Tusk|Stone Edge|p1a: Noivern\n|-supereffective|p1a: Noivern\n|-damage|p1a: Noivern|37/100\n|\n|upkeep\n|turn|28\n|inactive|Time left: 300 sec this turn | 300 sec total\n|\n|t:|1783556371\n|move|p1a: Noivern|Boomburst|p2a: Great Tusk\n|-damage|p2a: Great Tusk|0 fnt\n|faint|p2a: Great Tusk\n|-end|p2a: Great Tusk|Protosynthesis|[silent]\n|\n|win|p0x1403371b", "uploadtime": 1783556371, "views": 0, "rating": 0, "private": 0, "password": null, "_winner": "p0x1403371b", "_our_name": "p0y1403ef25"}