{"id": "battle-gen9randombattle-2125", "formatid": "gen9randombattle", "format": "[Gen 9] Random Battle", "players": ["p0x2125c268", "p0y212530ae"], "log": "|init|battle\n|title|p0x2125c268 vs. p0y212530ae\n|j|\u2606p0x2125c268\n|j|\u2606p0y212530ae\n|t:|1783564611\n|gametype|singles\n|player|p1|p0x2125c268|265|\n|player|p2|p0y212530ae|170|\n|gen|9\n|tier|[Gen 9] Random Battle\n|rule|Species Clause: Limit one of each Pok\u00e9mon\n|rule|HP Percentage Mod: HP is shown in percentages\n|rule|Sleep Clause Mod: Limit one foe put to sleep\n|rule|Illusion Level Mod: Illusion disguises the Pok\u00e9mon's true level\n|\n|t:|1783564611\n|teamsize|p1|6\n|teamsize|p2|6\n|start\n|switch|p1a: Jirachi|Jirachi, L80|291/291\n|switch|p2a: Drednaw|Drednaw, L81, M|100/100\n|turn|1\n|inactive|Battle timer is ON: inactive players will automatically lose when time's up. (requested by p0x2125c268)\n|inactive|p0y212530ae also wants the timer to be on.\n|\n|t:|1783564613\n|move|p1a: Jirachi|Iron Head|p2a: Drednaw\n|-damage|p2a: Drednaw|69/100\n|cant|p2a: Drednaw|flinch\n|\n|upkeep\n|turn|2\n|inactive|Time left: 300 sec this turn | 300 sec total\n|\n|t:|1783564614\n|move|p1a: Jirachi|Iron Head|p2a: Drednaw\n|-damage|p2a: Drednaw|41/100\n|cant|p2a: Drednaw|flinch\n|\n|upkeep\n|turn|3\n|inactive|Time left: 300 sec this turn | 300 sec total\n|\n|t:|1783564615\n|move|p1a: Jirachi|Iron Head|p2a: Drednaw\n|-damage|p2a: Drednaw|8/100\n|cant|p2a: Drednaw|flinch\n|\n|upkeep\n|turn|4\n|inactive|Time left: 300 sec this turn | 300 sec total\n|\n|t:|1783564616\n|switch|p2a: Giratina|Giratina, L75|100/100\n|-ability|p2a: Giratina|Pressure\n|move|p1a: Jirachi|Iron Head|p2a: Giratina\n|-damage|p2a: Giratina|79/100\n|\n|-heal|p2a: Giratina|85/100|[from] item: Leftovers\n|upkeep\n|turn|5\n|inactive|Time left: 300 sec this turn | 300 sec total\n|\n|t:|1783564616\n|move|p1a: Jirachi|Iron Head|p2a: Giratina\n|-damage|p2a: Giratina|66/100\n|move|p2a: Giratina|Calm Mind|p2a: Giratina\n|-boost|p2a: Giratina|spa|1\n|-boost|p2a: Giratina|spd|1\n|\n|-heal|p2a: Giratina|72/100|[from] item: Leftovers\n|upkeep\n|turn|6\n|inactive|Time left: 300 sec this turn | 300 sec total\n|\n|t:|1783564617\n|move|p1a: Jirachi|Iron Head|p2a: Giratina\n|-damage|p2a: Giratina|51/100\n|cant|p2a: Giratina|flinch\n|\n|-heal|p2a: Giratina|57/100|[from] item: Leftovers\n|upkeep\n|turn|7\n|inactive|Time left: 300 sec this turn | 300 sec total\n|\n|t:|1783564618\n|move|p1a: Jirachi|Iron Head|p2a: Giratina\n|-damage|p2a: Giratina|38/100\n|move|p2a: Giratina|Calm Mind|p2a: Giratina\n|-boost|p2a: Giratina|spa|1\n|-boost|p2a: Giratina|spd|1\n|\n|-heal|p2a: Giratina|44/100|[from] item: Leftovers\n|upkeep\n|turn|8\n|inactive|Time left: 300 sec this turn | 300 sec total\n|\n|t:|1783564619\n|move|p1a: Jirachi|Iron Head|p2a: Giratina\n|-damage|p2a: Giratina|21/100\n|cant|p2a: Giratina|flinch\n|\n|-heal|p2a: Giratina|27/100|[from] item: Leftovers\n|upkeep\n|turn|9\n|inactive|Time left: 300 sec this turn | 300 sec total\n|\n|t:|1783564620\n|move|p1a: Jirachi|Iron Head|p2a: Giratina\n|-damage|p2a: Giratina|7/100\n|cant|p2a: Giratina|flinch\n|\n|-heal|p2a: Giratina|13/100|[from] item: Leftovers\n|upkeep\n|turn|10\n|inactive|Time left: 300 sec this turn | 300 sec total\n|\n|t:|1783564621\n|move|p1a: Jirachi|Iron Head|p2a: Giratina\n|-damage|p2a: Giratina|0 fnt\n|faint|p2a: Giratina\n|\n|upkeep\n|\n|t:|1783564622\n|switch|p2a: Urshifu|Urshifu-Rapid-Strike, L75, M|100/100\n|turn|11\n|inactive|Time left: 300 sec this turn | 300 sec total\n|\n|t:|1783564622\n|move|p1a: Jirachi|Iron Head|p2a: Urshifu\n|-resisted|p2a: Urshifu\n|-damage|p2a: Urshifu|86/100\n|move|p2a: Urshifu|Surging Strikes|p1a: Jirachi\n|-crit|p1a: Jirachi\n|-damage|p1a: Jirachi|234/291\n|-crit|p1a: Jirachi\n|-damage|p1a: Jirachi|173/291\n|-crit|p1a: Jirachi\n|-damage|p1a: Jirachi|113/291\n|-hitcount|p1a: Jirachi|3\n|\n|upkeep\n|turn|12\n|inactive|Time left: 300 sec this turn | 300 sec total\n|\n|t:|1783564623\n|move|p1a: Jirachi|Iron Head|p2a: Urshifu\n|-resisted|p2a: Urshifu\n|-damage|p2a: Urshifu|72/100\n|cant|p2a: Urshifu|flinch\n|\n|upkeep\n|turn|13\n|inactive|Time left: 300 sec this turn | 300 sec total\n|\n|t:|1783564624\n|move|p1a: Jirachi|Iron Head|p2a: Urshifu\n|-resisted|p2a: Urshifu\n|-damage|p2a: Urshifu|57/100\n|move|p2a: Urshifu|Surging Strikes|p1a: Jirachi\n|-crit|p1a: Jirachi\n|-damage|p1a: Jirachi|59/291\n|-crit|p1a: Jirachi\n|-damage|p1a: Jirachi|0 fnt\n|faint|p1a: Jirachi\n|-hitcount|p1: Jirachi|2\n|\n|upkeep\n|inactive|Time left: 300 sec this turn | 300 sec total | 5 sec grace\n|\n|t:|1783564625\n|switch|p1a: Tropius|Tropius, L91, F|328/328\n|turn|14\n|inactive|Time left: 300 sec this turn | 300 sec total\n|\n|t:|1783564627\n|move|p2a: Urshifu|Surging Strikes|p1a: Tropius\n|-resisted|p1a: Tropius\n|-crit|p1a: Tropius\n|-damage|p1a: Tropius|299/328\n|-resisted|p1a: Tropius\n|-crit|p1a: Tropius\n|-damage|p1a: Tropius|271/328\n|-resisted|p1a: Tropius\n|-crit|p1a: Tropius\n|-damage|p1a: Tropius|241/328\n|-hitcount|p1a: Tropius|3\n|move|p1a: Tropius|Air Slash|p2a: Urshifu\n|-supereffective|p2a: Urshifu\n|-damage|p2a: Urshifu|0 fnt\n|faint|p2a: Urshifu\n|\n|upkeep\n|\n|t:|1783564628\n|switch|p2a: Oricorio|Oricorio-Pa'u, L87, M|100/100\n|turn|15\n|inactive|Time left: 300 sec this turn | 300 sec total\n|\n|t:|1783564629\n|move|p2a: Oricorio|Quiver Dance|p2a: Oricorio\n|-boost|p2a: Oricorio|spa|1\n|-boost|p2a: Oricorio|spd|1\n|-boost|p2a: Oricorio|spe|1\n|move|p1a: Tropius|Leech Seed|p2a: Oricorio\n|-start|p2a: Oricorio|move: Leech Seed\n|\n|-damage|p2a: Oricorio|88/100|[from] Leech Seed|[of] p1a: Tropius\n|-heal|p1a: Tropius|275/328|[silent]\n|upkeep\n|turn|16\n|inactive|Time left: 300 sec this turn | 300 sec total\n|\n|t:|1783564630\n|switch|p1a: Corviknight|Corviknight, L80, F|288/288\n|move|p2a: Oricorio|Quiver Dance|p2a: Oricorio\n|-boost|p2a: Oricorio|spa|1\n|-boost|p2a: Oricorio|spd|1\n|-boost|p2a: Oricorio|spe|1\n|\n|-damage|p2a: Oricorio|75/100|[from] Leech Seed|[of] p1a: Corviknight\n|upkeep\n|turn|17\n|inactive|Time left: 300 sec this turn | 300 sec total\n|\n|t:|1783564631\n|move|p2a: Oricorio|Hurricane|p1a: Corviknight\n|-resisted|p1a: Corviknight\n|-damage|p1a: Corviknight|151/288\n|move|p1a: Corviknight|Brave Bird|p2a: Oricorio\n|-damage|p2a: Oricorio|30/100\n|-damage|p1a: Corviknight|110/288|[from] Recoil\n|\n|-damage|p2a: Oricorio|18/100|[from] Leech Seed|[of] p1a: Corviknight\n|-heal|p1a: Corviknight|144/288|[silent]\n|upkeep\n|turn|18\n|inactive|Time left: 300 sec this turn | 300 sec total\n|\n|t:|1783564632\n|move|p2a: Oricorio|Roost|p2a: Oricorio\n|-heal|p2a: Oricorio|68/100\n|-singleturn|p2a: Oricorio|move: Roost\n|move|p1a: Corviknight|Brave Bird|p2a: Oricorio\n|-damage|p2a: Oricorio|25/100\n|-damage|p1a: Corviknight|106/288|[from] Recoil\n|\n|-damage|p2a: Oricorio|13/100|[from] Leech Seed|[of] p1a: Corviknight\n|-heal|p1a: Corviknight|140/288|[silent]\n|upkeep\n|turn|19\n|inactive|Time left: 300 sec this turn | 300 sec total\n|\n|t:|1783564633\n|move|p2a: Oricorio|Roost|p2a: Oricorio\n|-heal|p2a: Oricorio|63/100\n|-singleturn|p2a: Oricorio|move: Roost\n|move|p1a: Corviknight|Brave Bird|p2a: Oricorio\n|-damage|p2a: Oricorio|19/100\n|-damage|p1a: Corviknight|100/288|[from] Recoil\n|\n|-damage|p2a: Oricorio|6/100|[from] Leech Seed|[of] p1a: Corviknight\n|-heal|p1a: Corviknight|134/288|[silent]\n|upkeep\n|turn|20\n|inactive|Time left: 300 sec this turn | 300 sec total\n|\n|t:|1783564634\n|move|p2a: Oricorio|Roost|p2a: Oricorio\n|-heal|p2a: Oricorio|56/100\n|-singleturn|p2a: Oricorio|move: Roost\n|move|p1a: Corviknight|Brave Bird|p2a: Oricorio\n|-damage|p2a: Oricorio|13/100\n|-damage|p1a: Corviknight|95/288|[from] Recoil\n|\n|-damage|p2a: Oricorio|1/100|[from] Leech Seed|[of] p1a: Corviknight\n|-heal|p1a: Corviknight|129/288|[silent]\n|upkeep\n|turn|21\n|inactive|Time left: 300 sec this turn | 300 sec total\n|\n|t:|1783564635\n|move|p2a: Oricorio|Hurricane|p1a: Corviknight\n|-resisted|p1a: Corviknight\n|-crit|p1a: Corviknight\n|-damage|p1a: Corviknight|0 fnt\n|faint|p1a: Corviknight\n|\n|upkeep\n|inactive|Time left: 300 sec this turn | 300 sec total | 5 sec grace\n|\n|t:|1783564636\n|switch|p1a: Polteageist|Polteageist-Antique, L78|222/222\n|turn|22\n|inactive|Time left: 300 sec this turn | 300 sec total\n|\n|t:|1783564638\n|move|p2a: Oricorio|Hurricane|p1a: Polteageist|[miss]\n|-miss|p2a: Oricorio|p1a: Polteageist\n|move|p1a: Polteageist|Shell Smash|p1a: Polteageist\n|-unboost|p1a: Polteageist|def|1\n|-unboost|p1a: Polteageist|spd|1\n|-boost|p1a: Polteageist|atk|2\n|-boost|p1a: Polteageist|spa|2\n|-boost|p1a: Polteageist|spe|2\n|-enditem|p1a: Polteageist|White Herb\n|-clearnegativeboost|p1a: Polteageist|[silent]\n|\n|-damage|p2a: Oricorio|0 fnt|[from] Leech Seed|[of] p1a: Polteageist\n|faint|p2a: Oricorio\n|upkeep\n|\n|t:|1783564638\n|switch|p2a: Gothitelle|Gothitelle, L90, M|100/100\n|turn|23\n|inactive|Time left: 300 sec this turn | 300 sec total\n|\n|t:|1783564640\n|-terastallize|p2a: Gothitelle|Steel\n|move|p1a: Polteageist|Shadow Ball|p2a: Gothitelle\n|-damage|p2a: Gothitelle|43/100\n|move|p2a: Gothitelle|Psychic|p1a: Polteageist\n|-damage|p1a: Polteageist|119/222\n|\n|upkeep\n|turn|24\n|inactive|Time left: 300 sec this turn | 300 sec total\n|\n|t:|1783564641\n|-terastallize|p1a: Polteageist|Psychic\n|move|p1a: Polteageist|Shell Smash|p1a: Polteageist\n|-unboost|p1a: Polteageist|def|1\n|-unboost|p1a: Polteageist|spd|1\n|-boost|p1a: Polteageist|atk|2\n|-boost|p1a: Polteageist|spa|2\n|-boost|p1a: Polteageist|spe|2\n|move|p2a: Gothitelle|Psychic|p1a: Polteageist\n|-resisted|p1a: Polteageist\n|-damage|p1a: Polteageist|45/222\n|\n|upkeep\n|turn|25\n|inactive|Time left: 300 sec this turn | 300 sec total\n|\n|t:|1783564642\n|move|p1a: Polteageist|Stored Power|p2a: Gothitelle\n|-resisted|p2a: Gothitelle\n|-crit|p2a: Gothitelle\n|-damage|p2a: Gothitelle|0 fnt\n|faint|p2a: Gothitelle\n|\n|upkeep\n|\n|t:|1783564643\n|switch|p2a: Drednaw|Drednaw, L81, M|8/100\n|turn|26\n|inactive|Time left: 300 sec this turn | 300 sec total\n|\n|t:|1783564644\n|move|p1a: Polteageist|Shadow Ball|p2a: Drednaw\n|-damage|p2a: Drednaw|0 fnt\n|faint|p2a: Drednaw\n|\n|upkeep\n|\n|t:|1783564645\n|switch|p2a: Kleavor|Kleavor, L78, F|100/100\n|turn|27\n|inactive|Time left: 300 sec this turn | 300 sec total\n|\n|t:|1783564646\n|move|p1a: Polteageist|Shadow Ball|p2a: Kleavor\n|-damage|p2a: Kleavor|0 fnt\n|faint|p2a: Kleavor\n|\n|win|p0x2125c268", "uploadtime": 1783564646, "views": 0, "rating": 0, "private": 0, "password": null, "_winner": "p0x2125c268", "_our_name": "p0x2125c268"}