{"id": "battle-gen9randombattle-2456", "formatid": "gen9randombattle", "format": "[Gen 9] Random Battle", "players": ["p0x245666db", "p0y24565f6f"], "log": "|init|battle\n|title|p0x245666db vs. p0y24565f6f\n|j|\u2606p0x245666db\n|j|\u2606p0y24565f6f\n|t:|1783567489\n|gametype|singles\n|player|p1|p0x245666db|1|\n|player|p2|p0y24565f6f|169|\n|gen|9\n|tier|[Gen 9] Random Battle\n|rule|Species Clause: Limit one of each Pok\u00e9mon\n|rule|HP Percentage Mod: HP is shown in percentages\n|rule|Sleep Clause Mod: Limit one foe put to sleep\n|rule|Illusion Level Mod: Illusion disguises the Pok\u00e9mon's true level\n|\n|t:|1783567489\n|teamsize|p1|6\n|teamsize|p2|6\n|start\n|switch|p1a: Venusaur|Venusaur, L84, M|100/100\n|switch|p2a: Lilligant|Lilligant, L86, F|261/261\n|turn|1\n|inactive|Battle timer is ON: inactive players will automatically lose when time's up. (requested by p0x245666db)\n|inactive|Time left: 300 sec this turn | 300 sec total | 60 sec grace\n|inactive|p0y24565f6f also wants the timer to be on.\n|\n|t:|1783567491\n|move|p2a: Lilligant|Quiver Dance|p2a: Lilligant\n|-boost|p2a: Lilligant|spa|1\n|-boost|p2a: Lilligant|spd|1\n|-boost|p2a: Lilligant|spe|1\n|move|p1a: Venusaur|Sludge Bomb|p2a: Lilligant\n|-supereffective|p2a: Lilligant\n|-damage|p2a: Lilligant|111/261\n|\n|upkeep\n|turn|2\n|inactive|Time left: 300 sec this turn | 300 sec total\n|\n|t:|1783567492\n|move|p2a: Lilligant|Quiver Dance|p2a: Lilligant\n|-boost|p2a: Lilligant|spa|1\n|-boost|p2a: Lilligant|spd|1\n|-boost|p2a: Lilligant|spe|1\n|move|p1a: Venusaur|Sludge Bomb|p2a: Lilligant\n|-supereffective|p2a: Lilligant\n|-damage|p2a: Lilligant|7/261\n|\n|upkeep\n|turn|3\n|inactive|Time left: 300 sec this turn | 300 sec total\n|\n|t:|1783567493\n|move|p2a: Lilligant|Giga Drain|p1a: Venusaur\n|-resisted|p1a: Venusaur\n|-damage|p1a: Venusaur|80/100\n|-heal|p2a: Lilligant|35/261|[from] drain|[of] p1a: Venusaur\n|-damage|p2a: Lilligant|9/261|[from] item: Life Orb\n|move|p1a: Venusaur|Sludge Bomb|p2a: Lilligant\n|-supereffective|p2a: Lilligant\n|-damage|p2a: Lilligant|0 fnt\n|faint|p2a: Lilligant\n|\n|-heal|p1a: Venusaur|87/100|[from] item: Leftovers\n|upkeep\n|inactive|Time left: 300 sec this turn | 300 sec total | 5 sec grace\n|\n|t:|1783567495\n|switch|p2a: Meganium|Meganium, L90, F|290/290\n|turn|4\n|inactive|Time left: 300 sec this turn | 300 sec total\n|\n|t:|1783567496\n|move|p2a: Meganium|Swords Dance|p2a: Meganium\n|-boost|p2a: Meganium|atk|2\n|move|p1a: Venusaur|Sludge Bomb|p2a: Meganium\n|-supereffective|p2a: Meganium\n|-damage|p2a: Meganium|128/290\n|\n|-heal|p2a: Meganium|146/290|[from] item: Leftovers\n|-heal|p1a: Venusaur|93/100|[from] item: Leftovers\n|upkeep\n|turn|5\n|inactive|Time left: 300 sec this turn | 300 sec total\n|\n|t:|1783567497\n|-terastallize|p2a: Meganium|Ground\n|move|p2a: Meganium|Earthquake|p1a: Venusaur\n|-damage|p1a: Venusaur|11/100\n|move|p1a: Venusaur|Sludge Bomb|p2a: Meganium\n|-resisted|p2a: Meganium\n|-damage|p2a: Meganium|105/290\n|\n|-heal|p2a: Meganium|123/290|[from] item: Leftovers\n|-heal|p1a: Venusaur|17/100|[from] item: Leftovers\n|upkeep\n|turn|6\n|inactive|Time left: 300 sec this turn | 300 sec total\n|\n|t:|1783567499\n|move|p2a: Meganium|Earthquake|p1a: Venusaur\n|-damage|p1a: Venusaur|0 fnt\n|faint|p1a: Venusaur\n|\n|-heal|p2a: Meganium|141/290|[from] item: Leftovers\n|upkeep\n|\n|t:|1783567500\n|switch|p1a: Persian|Persian, L92, M|100/100\n|turn|7\n|inactive|Time left: 300 sec this turn | 300 sec total\n|\n|t:|1783567501\n|move|p1a: Persian|Double-Edge|p2a: Meganium\n|-damage|p2a: Meganium|0 fnt\n|faint|p2a: Meganium\n|-damage|p1a: Persian|83/100|[from] Recoil\n|\n|upkeep\n|inactive|Time left: 300 sec this turn | 300 sec total | 5 sec grace\n|\n|t:|1783567502\n|switch|p2a: Drifblim|Drifblim, L86, F|396/396\n|turn|8\n|inactive|Time left: 300 sec this turn | 300 sec total\n|\n|t:|1783567503\n|switch|p1a: Whiscash|Whiscash, L88, F|100/100\n|move|p2a: Drifblim|Calm Mind|p2a: Drifblim\n|-boost|p2a: Drifblim|spa|1\n|-boost|p2a: Drifblim|spd|1\n|\n|upkeep\n|turn|9\n|inactive|Time left: 300 sec this turn | 300 sec total\n|\n|t:|1783567504\n|switch|p1a: Persian|Persian, L92, M|83/100\n|move|p2a: Drifblim|Air Slash|p1a: Persian\n|-damage|p1a: Persian|34/100\n|\n|upkeep\n|turn|10\n|inactive|Time left: 300 sec this turn | 300 sec total\n|\n|t:|1783567505\n|move|p1a: Persian|Knock Off|p2a: Drifblim\n|-supereffective|p2a: Drifblim\n|-damage|p2a: Drifblim|92/396\n|-enditem|p2a: Drifblim|Sitrus Berry|[from] move: Knock Off|[of] p1a: Persian\n|move|p2a: Drifblim|Air Slash|p1a: Persian\n|-damage|p1a: Persian|0 fnt\n|faint|p1a: Persian\n|\n|upkeep\n|\n|t:|1783567506\n|switch|p1a: Araquanid|Araquanid, L82, M|100/100\n|turn|11\n|inactive|Time left: 300 sec this turn | 300 sec total\n|\n|t:|1783567507\n|move|p2a: Drifblim|Strength Sap|p1a: Araquanid\n|-unboost|p1a: Araquanid|atk|1\n|-heal|p2a: Drifblim|254/396\n|move|p1a: Araquanid|Liquidation|p2a: Drifblim\n|-damage|p2a: Drifblim|110/396\n|-unboost|p2a: Drifblim|def|1\n|\n|upkeep\n|turn|12\n|inactive|Time left: 300 sec this turn | 300 sec total\n|\n|t:|1783567508\n|move|p2a: Drifblim|Strength Sap|p1a: Araquanid\n|-unboost|p1a: Araquanid|atk|1\n|-heal|p2a: Drifblim|218/396\n|move|p1a: Araquanid|Liquidation|p2a: Drifblim\n|-damage|p2a: Drifblim|65/396\n|\n|upkeep\n|turn|13\n|inactive|Time left: 300 sec this turn | 300 sec total\n|\n|t:|1783567509\n|move|p2a: Drifblim|Air Slash|p1a: Araquanid\n|-supereffective|p1a: Araquanid\n|-damage|p1a: Araquanid|29/100\n|move|p1a: Araquanid|Liquidation|p2a: Drifblim\n|-damage|p2a: Drifblim|0 fnt\n|faint|p2a: Drifblim\n|\n|upkeep\n|inactive|Time left: 300 sec this turn | 300 sec total | 5 sec grace\n|\n|t:|1783567510\n|switch|p2a: Mew|Mew, L82|298/298\n|turn|14\n|inactive|Time left: 300 sec this turn | 300 sec total\n|\n|t:|1783567511\n|move|p2a: Mew|Nasty Plot|p2a: Mew\n|-boost|p2a: Mew|spa|2\n|move|p1a: Araquanid|Sticky Web|p2a: Mew\n|-sidestart|p2: p0y24565f6f|move: Sticky Web\n|\n|upkeep\n|turn|15\n|inactive|Time left: 300 sec this turn | 300 sec total\n|\n|t:|1783567512\n|switch|p1a: Duraludon|Duraludon, L82, M|100/100\n|move|p2a: Mew|Psychic|p1a: Duraludon\n|-resisted|p1a: Duraludon\n|-damage|p1a: Duraludon|52/100\n|-damage|p2a: Mew|269/298|[from] item: Life Orb\n|\n|upkeep\n|turn|16\n|inactive|Time left: 300 sec this turn | 300 sec total\n|\n|t:|1783567514\n|move|p2a: Mew|Psychic|p1a: Duraludon\n|-resisted|p1a: Duraludon\n|-damage|p1a: Duraludon|4/100\n|-damage|p2a: Mew|240/298|[from] item: Life Orb\n|move|p1a: Duraludon|Dragon Tail|p2a: Mew\n|-damage|p2a: Mew|188/298\n|drag|p2a: Inteleon|Inteleon, L81, M|246/246\n|-activate|p2a: Inteleon|move: Sticky Web\n|-unboost|p2a: Inteleon|spe|1\n|\n|upkeep\n|turn|17\n|inactive|Time left: 300 sec this turn | 300 sec total\n|\n|t:|1783567515\n|switch|p2a: Corviknight|Corviknight, L80, M|288/288\n|move|p1a: Duraludon|Draco Meteor|p2a: Corviknight\n|-resisted|p2a: Corviknight\n|-damage|p2a: Corviknight|207/288\n|-unboost|p1a: Duraludon|spa|2\n|\n|upkeep\n|turn|18\n|inactive|Time left: 300 sec this turn | 300 sec total\n|\n|t:|1783567516\n|switch|p1a: Whiscash|Whiscash, L88, F|100/100\n|move|p2a: Corviknight|Defog|p1a: Whiscash\n|-unboost|p1a: Whiscash|evasion|1\n|-sideend|p2: p0y24565f6f|Sticky Web|[from] move: Defog|[of] p2a: Corviknight\n|\n|upkeep\n|turn|19\n|inactive|Time left: 300 sec this turn | 300 sec total\n|\n|t:|1783567517\n|move|p1a: Whiscash|Hydro Pump|p2a: Corviknight\n|-damage|p2a: Corviknight|96/288\n|move|p2a: Corviknight|Roost|p2a: Corviknight\n|-heal|p2a: Corviknight|240/288\n|-singleturn|p2a: Corviknight|move: Roost\n|\n|upkeep\n|turn|20\n|inactive|Time left: 300 sec this turn | 300 sec total\n|\n|t:|1783567518\n|move|p1a: Whiscash|Hydro Pump|p2a: Corviknight\n|-damage|p2a: Corviknight|126/288\n|move|p2a: Corviknight|Roost|p2a: Corviknight\n|-heal|p2a: Corviknight|270/288\n|-singleturn|p2a: Corviknight|move: Roost\n|\n|upkeep\n|turn|21\n|inactive|Time left: 300 sec this turn | 300 sec total\n|\n|t:|1783567519\n|move|p1a: Whiscash|Hydro Pump|p2a: Corviknight|[miss]\n|-miss|p1a: Whiscash|p2a: Corviknight\n|move|p2a: Corviknight|Brave Bird|p1a: Whiscash\n|-damage|p1a: Whiscash|67/100\n|-damage|p2a: Corviknight|232/288|[from] Recoil\n|\n|-heal|p1a: Whiscash|73/100|[from] item: Leftovers\n|upkeep\n|turn|22\n|inactive|Time left: 300 sec this turn | 300 sec total\n|\n|t:|1783567519\n|move|p1a: Whiscash|Hydro Pump|p2a: Corviknight\n|-damage|p2a: Corviknight|123/288\n|move|p2a: Corviknight|Brave Bird|p1a: Whiscash\n|-damage|p1a: Whiscash|35/100\n|-damage|p2a: Corviknight|80/288|[from] Recoil\n|\n|-heal|p1a: Whiscash|41/100|[from] item: Leftovers\n|upkeep\n|turn|23\n|inactive|Time left: 300 sec this turn | 300 sec total\n|\n|t:|1783567520\n|move|p1a: Whiscash|Hydro Pump|p2a: Corviknight\n|-damage|p2a: Corviknight|0 fnt\n|faint|p2a: Corviknight\n|\n|-heal|p1a: Whiscash|47/100|[from] item: Leftovers\n|upkeep\n|inactive|Time left: 300 sec this turn | 300 sec total | 5 sec grace\n|\n|t:|1783567521\n|switch|p2a: Inteleon|Inteleon, L81, M|246/246\n|turn|24\n|inactive|Time left: 300 sec this turn | 300 sec total\n|\n|t:|1783567522\n|switch|p1a: Amoonguss|Amoonguss, L82, F|100/100\n|move|p2a: Inteleon|Hydro Pump|p1a: Amoonguss\n|-resisted|p1a: Amoonguss\n|-damage|p1a: Amoonguss|67/100\n|\n|-heal|p1a: Amoonguss|74/100|[from] item: Leftovers\n|upkeep\n|turn|25\n|inactive|Time left: 300 sec this turn | 300 sec total\n|\n|t:|1783567523\n|switch|p2a: Mew|Mew, L82|188/298\n|move|p1a: Amoonguss|Spore|p2a: Mew\n|-status|p2a: Mew|slp|[from] move: Spore\n|\n|-heal|p1a: Amoonguss|80/100|[from] item: Leftovers\n|upkeep\n|turn|26\n|inactive|Time left: 300 sec this turn | 300 sec total\n|\n|t:|1783567524\n|cant|p2a: Mew|slp\n|move|p1a: Amoonguss|Sludge Bomb|p2a: Mew\n|-damage|p2a: Mew|116/298 slp\n|\n|-heal|p1a: Amoonguss|86/100|[from] item: Leftovers\n|upkeep\n|turn|27\n|inactive|Time left: 300 sec this turn | 300 sec total\n|\n|t:|1783567526\n|cant|p2a: Mew|slp\n|move|p1a: Amoonguss|Giga Drain|p2a: Mew\n|-damage|p2a: Mew|49/298 slp\n|-heal|p1a: Amoonguss|97/100|[from] drain|[of] p2a: Mew\n|\n|-heal|p1a: Amoonguss|100/100|[from] item: Leftovers\n|upkeep\n|turn|28\n|inactive|Time left: 300 sec this turn | 300 sec total\n|\n|t:|1783567527\n|cant|p2a: Mew|slp\n|move|p1a: Amoonguss|Sludge Bomb|p2a: Mew\n|-damage|p2a: Mew|0 fnt\n|faint|p2a: Mew\n|\n|upkeep\n|inactive|Time left: 300 sec this turn | 300 sec total | 5 sec grace\n|\n|t:|1783567528\n|switch|p2a: Inteleon|Inteleon, L81, M|246/246\n|turn|29\n|inactive|Time left: 300 sec this turn | 300 sec total\n|\n|t:|1783567529\n|move|p2a: Inteleon|Ice Beam|p1a: Amoonguss\n|-supereffective|p1a: Amoonguss\n|-damage|p1a: Amoonguss|32/100\n|move|p1a: Amoonguss|Giga Drain|p2a: Inteleon\n|-supereffective|p2a: Inteleon\n|-damage|p2a: Inteleon|60/246\n|-heal|p1a: Amoonguss|61/100|[from] drain|[of] p2a: Inteleon\n|\n|-heal|p1a: Amoonguss|67/100|[from] item: Leftovers\n|upkeep\n|turn|30\n|inactive|Time left: 300 sec this turn | 300 sec total\n|\n|t:|1783567530\n|-terastallize|p1a: Amoonguss|Steel\n|move|p2a: Inteleon|Ice Beam|p1a: Amoonguss\n|-resisted|p1a: Amoonguss\n|-damage|p1a: Amoonguss|50/100\n|-status|p1a: Amoonguss|frz\n|-curestatus|p1a: Amoonguss|frz|[msg]\n|move|p1a: Amoonguss|Giga Drain|p2a: Inteleon\n|-supereffective|p2a: Inteleon\n|-damage|p2a: Inteleon|0 fnt\n|-heal|p1a: Amoonguss|59/100|[from] drain|[of] p2a: Inteleon\n|faint|p2a: Inteleon\n|\n|win|p0x245666db", "uploadtime": 1783567530, "views": 0, "rating": 0, "private": 0, "password": null, "_winner": "p0x245666db", "_our_name": "p0y24565f6f"}