{"id": "battle-gen9randombattle-141", "formatid": "gen9randombattle", "format": "[Gen 9] Random Battle", "players": ["p0x141d216", "p0y141e1de"], "log": "|init|battle\n|title|p0x141d216 vs. p0y141e1de\n|j|\u2606p0x141d216\n|j|\u2606p0y141e1de\n|t:|1783535370\n|gametype|singles\n|player|p1|p0x141d216|101|\n|player|p2|p0y141e1de|169|\n|gen|9\n|tier|[Gen 9] Random Battle\n|rule|Species Clause: Limit one of each Pok\u00e9mon\n|rule|HP Percentage Mod: HP is shown in percentages\n|rule|Sleep Clause Mod: Limit one foe put to sleep\n|rule|Illusion Level Mod: Illusion disguises the Pok\u00e9mon's true level\n|\n|t:|1783535370\n|teamsize|p1|6\n|teamsize|p2|6\n|start\n|switch|p1a: Calyrex|Calyrex-Ice, L72|263/263\n|switch|p2a: Dedenne|Dedenne, L88, M|100/100\n|-ability|p1a: Calyrex|As One\n|-ability|p1a: Calyrex|Unnerve\n|turn|1\n|inactive|Battle timer is ON: inactive players will automatically lose when time's up. (requested by p0x141d216)\n|inactive|p0y141e1de also wants the timer to be on.\n|\n|t:|1783535371\n|move|p2a: Dedenne|Thunderbolt|p1a: Calyrex\n|-damage|p1a: Calyrex|184/263\n|move|p1a: Calyrex|Glacial Lance|p2a: Dedenne\n|-damage|p2a: Dedenne|26/100\n|\n|upkeep\n|turn|2\n|inactive|Time left: 300 sec this turn | 300 sec total\n|\n|t:|1783535372\n|move|p2a: Dedenne|U-turn|p1a: Calyrex\n|-supereffective|p1a: Calyrex\n|-damage|p1a: Calyrex|122/263\n|\n|t:|1783535373\n|switch|p2a: Passimian|Passimian, L83, M|100/100|[from] U-turn\n|move|p1a: Calyrex|Glacial Lance|p2a: Passimian\n|-damage|p2a: Passimian|51/100\n|\n|upkeep\n|turn|3\n|inactive|Time left: 300 sec this turn | 300 sec total\n|\n|t:|1783535375\n|move|p2a: Passimian|Close Combat|p1a: Calyrex\n|-damage|p1a: Calyrex|0 fnt\n|-unboost|p2a: Passimian|def|1\n|-unboost|p2a: Passimian|spd|1\n|faint|p1a: Calyrex\n|\n|upkeep\n|inactive|Time left: 300 sec this turn | 300 sec total | 5 sec grace\n|\n|t:|1783535376\n|switch|p1a: Floatzel|Floatzel, L86, F|286/286\n|turn|4\n|inactive|Time left: 300 sec this turn | 300 sec total\n|\n|t:|1783535377\n|switch|p2a: Hydreigon|Hydreigon, L79, F|100/100\n|move|p1a: Floatzel|Wave Crash|p2a: Hydreigon\n|-resisted|p2a: Hydreigon\n|-damage|p2a: Hydreigon|61/100\n|-damage|p1a: Floatzel|250/286|[from] Recoil\n|\n|upkeep\n|turn|5\n|inactive|Time left: 300 sec this turn | 300 sec total\n|\n|t:|1783535378\n|move|p1a: Floatzel|Wave Crash|p2a: Hydreigon\n|-resisted|p2a: Hydreigon\n|-damage|p2a: Hydreigon|20/100\n|-damage|p1a: Floatzel|213/286|[from] Recoil\n|move|p2a: Hydreigon|Draco Meteor|p1a: Floatzel\n|-damage|p1a: Floatzel|0 fnt\n|-unboost|p2a: Hydreigon|spa|2\n|faint|p1a: Floatzel\n|\n|upkeep\n|inactive|Time left: 300 sec this turn | 300 sec total | 5 sec grace\n|\n|t:|1783535379\n|switch|p1a: Samurott|Samurott-Hisui, L77, M|265/265\n|turn|6\n|inactive|Time left: 300 sec this turn | 300 sec total\n|\n|t:|1783535380\n|move|p1a: Samurott|Ceaseless Edge|p2a: Hydreigon\n|-resisted|p2a: Hydreigon\n|-crit|p2a: Hydreigon\n|-damage|p2a: Hydreigon|0 fnt\n|-sidestart|p2: p0y141e1de|Spikes\n|faint|p2a: Hydreigon\n|\n|upkeep\n|\n|t:|1783535381\n|switch|p2a: Passimian|Passimian, L83, M|51/100\n|-damage|p2a: Passimian|39/100|[from] Spikes\n|turn|7\n|inactive|Time left: 300 sec this turn | 300 sec total\n|\n|t:|1783535382\n|-terastallize|p1a: Samurott|Poison\n|move|p1a: Samurott|Ceaseless Edge|p2a: Passimian\n|-resisted|p2a: Passimian\n|-damage|p2a: Passimian|24/100\n|-sidestart|p2: p0y141e1de|Spikes\n|move|p2a: Passimian|Close Combat|p1a: Samurott\n|-resisted|p1a: Samurott\n|-damage|p1a: Samurott|131/265\n|-unboost|p2a: Passimian|def|1\n|-unboost|p2a: Passimian|spd|1\n|\n|upkeep\n|turn|8\n|inactive|Time left: 300 sec this turn | 300 sec total\n|\n|t:|1783535383\n|move|p1a: Samurott|Ceaseless Edge|p2a: Passimian\n|-resisted|p2a: Passimian\n|-damage|p2a: Passimian|2/100\n|-sidestart|p2: p0y141e1de|Spikes\n|move|p2a: Passimian|Close Combat|p1a: Samurott\n|-resisted|p1a: Samurott\n|-damage|p1a: Samurott|0 fnt\n|-unboost|p2a: Passimian|def|1\n|-unboost|p2a: Passimian|spd|1\n|faint|p1a: Samurott\n|\n|upkeep\n|inactive|Time left: 300 sec this turn | 300 sec total | 5 sec grace\n|\n|t:|1783535384\n|switch|p1a: Volbeat|Volbeat, L90, M|263/263\n|turn|9\n|inactive|Time left: 300 sec this turn | 300 sec total\n|\n|t:|1783535384\n|switch|p2a: Squawkabilly|Squawkabilly-Blue, L85, M|100/100\n|move|p1a: Volbeat|Lunge|p2a: Squawkabilly\n|-resisted|p2a: Squawkabilly\n|-damage|p2a: Squawkabilly|80/100\n|-unboost|p2a: Squawkabilly|atk|1\n|\n|-status|p2a: Squawkabilly|brn|[from] item: Flame Orb\n|upkeep\n|turn|10\n|inactive|Time left: 300 sec this turn | 300 sec total\n|\n|t:|1783535385\n|switch|p1a: Dialga|Dialga, L73|266/266\n|-ability|p1a: Dialga|Pressure\n|move|p2a: Squawkabilly|Brave Bird|p1a: Dialga\n|-resisted|p1a: Dialga\n|-damage|p1a: Dialga|211/266\n|-damage|p2a: Squawkabilly|74/100 brn|[from] Recoil\n|\n|-heal|p1a: Dialga|227/266|[from] item: Leftovers\n|-damage|p2a: Squawkabilly|67/100 brn|[from] brn\n|upkeep\n|turn|11\n|inactive|Time left: 300 sec this turn | 300 sec total\n|\n|t:|1783535386\n|switch|p2a: Skeledirge|Skeledirge, L79, F|100/100\n|move|p1a: Dialga|Heavy Slam|p2a: Skeledirge\n|-resisted|p2a: Skeledirge\n|-damage|p2a: Skeledirge|92/100\n|\n|-heal|p1a: Dialga|243/266|[from] item: Leftovers\n|upkeep\n|turn|12\n|inactive|Time left: 300 sec this turn | 300 sec total\n|\n|t:|1783535387\n|move|p1a: Dialga|Thunder Wave|p2a: Skeledirge\n|-status|p2a: Skeledirge|par\n|cant|p2a: Skeledirge|par\n|\n|-heal|p1a: Dialga|259/266|[from] item: Leftovers\n|upkeep\n|turn|13\n|inactive|Time left: 300 sec this turn | 300 sec total\n|\n|t:|1783535388\n|move|p1a: Dialga|Stealth Rock|p2a: Skeledirge\n|-sidestart|p2: p0y141e1de|move: Stealth Rock\n|move|p2a: Skeledirge|Torch Song|p1a: Dialga\n|-damage|p1a: Dialga|171/266\n|-boost|p2a: Skeledirge|spa|1\n|\n|-heal|p1a: Dialga|187/266|[from] item: Leftovers\n|upkeep\n|turn|14\n|inactive|Time left: 300 sec this turn | 300 sec total\n|\n|t:|1783535389\n|move|p1a: Dialga|Draco Meteor|p2a: Skeledirge\n|-damage|p2a: Skeledirge|31/100 par\n|-unboost|p1a: Dialga|spa|2\n|move|p2a: Skeledirge|Torch Song|p1a: Dialga\n|-damage|p1a: Dialga|57/266\n|-boost|p2a: Skeledirge|spa|1\n|\n|-heal|p1a: Dialga|73/266|[from] item: Leftovers\n|upkeep\n|turn|15\n|inactive|Time left: 300 sec this turn | 300 sec total\n|\n|t:|1783535390\n|move|p1a: Dialga|Draco Meteor|p2a: Skeledirge\n|-damage|p2a: Skeledirge|0 fnt\n|-unboost|p1a: Dialga|spa|2\n|faint|p2a: Skeledirge\n|\n|-heal|p1a: Dialga|89/266|[from] item: Leftovers\n|upkeep\n|\n|t:|1783535391\n|switch|p2a: Gholdengo|Gholdengo, L77|100/100\n|-damage|p2a: Gholdengo|76/100|[from] Spikes\n|-damage|p2a: Gholdengo|69/100|[from] Stealth Rock\n|turn|16\n|inactive|Time left: 300 sec this turn | 300 sec total\n|\n|t:|1783535392\n|switch|p1a: Altaria|Altaria, L89, M|278/278\n|move|p2a: Gholdengo|Nasty Plot|p2a: Gholdengo\n|-boost|p2a: Gholdengo|spa|2\n|\n|-heal|p2a: Gholdengo|76/100|[from] item: Leftovers\n|upkeep\n|turn|17\n|inactive|Time left: 300 sec this turn | 300 sec total\n|\n|t:|1783535393\n|move|p1a: Altaria|Haze|p1a: Altaria\n|-clearallboost\n|move|p2a: Gholdengo|Make It Rain|p1a: Altaria\n|-damage|p1a: Altaria|173/278\n|-unboost|p2a: Gholdengo|spa|1\n|\n|-heal|p2a: Gholdengo|82/100|[from] item: Leftovers\n|upkeep\n|turn|18\n|inactive|Time left: 300 sec this turn | 300 sec total\n|\n|t:|1783535394\n|move|p1a: Altaria|Roost|p1a: Altaria\n|-heal|p1a: Altaria|278/278\n|-singleturn|p1a: Altaria|move: Roost\n|move|p2a: Gholdengo|Nasty Plot|p2a: Gholdengo\n|-boost|p2a: Gholdengo|spa|2\n|\n|-heal|p2a: Gholdengo|88/100|[from] item: Leftovers\n|upkeep\n|turn|19\n|inactive|Time left: 300 sec this turn | 300 sec total\n|\n|t:|1783535395\n|move|p1a: Altaria|Haze|p1a: Altaria\n|-clearallboost\n|move|p2a: Gholdengo|Nasty Plot|p2a: Gholdengo\n|-boost|p2a: Gholdengo|spa|2\n|\n|-heal|p2a: Gholdengo|94/100|[from] item: Leftovers\n|upkeep\n|turn|20\n|inactive|Time left: 300 sec this turn | 300 sec total\n|\n|t:|1783535396\n|move|p1a: Altaria|Haze|p1a: Altaria\n|-clearallboost\n|move|p2a: Gholdengo|Shadow Ball|p1a: Altaria\n|-damage|p1a: Altaria|205/278\n|\n|-heal|p2a: Gholdengo|99/100|[from] item: Leftovers\n|upkeep\n|turn|21\n|inactive|Time left: 300 sec this turn | 300 sec total\n|\n|t:|1783535397\n|move|p1a: Altaria|Roost|p1a: Altaria\n|-heal|p1a: Altaria|278/278\n|-singleturn|p1a: Altaria|move: Roost\n|move|p2a: Gholdengo|Nasty Plot|p2a: Gholdengo\n|-boost|p2a: Gholdengo|spa|2\n|\n|-heal|p2a: Gholdengo|100/100|[from] item: Leftovers\n|upkeep\n|turn|22\n|inactive|Time left: 300 sec this turn | 300 sec total\n|\n|t:|1783535398\n|move|p1a: Altaria|Haze|p1a: Altaria\n|-clearallboost\n|move|p2a: Gholdengo|Shadow Ball|p1a: Altaria\n|-damage|p1a: Altaria|206/278\n|\n|upkeep\n|turn|23\n|inactive|Time left: 300 sec this turn | 300 sec total\n|\n|t:|1783535399\n|move|p1a: Altaria|Roost|p1a: Altaria\n|-heal|p1a: Altaria|278/278\n|-singleturn|p1a: Altaria|move: Roost\n|move|p2a: Gholdengo|Nasty Plot|p2a: Gholdengo\n|-boost|p2a: Gholdengo|spa|2\n|\n|upkeep\n|turn|24\n|inactive|Time left: 300 sec this turn | 300 sec total\n|\n|t:|1783535400\n|move|p1a: Altaria|Haze|p1a: Altaria\n|-clearallboost\n|move|p2a: Gholdengo|Nasty Plot|p2a: Gholdengo\n|-boost|p2a: Gholdengo|spa|2\n|\n|upkeep\n|turn|25\n|inactive|Time left: 300 sec this turn | 300 sec total\n|\n|t:|1783535400\n|move|p1a: Altaria|Haze|p1a: Altaria\n|-clearallboost\n|move|p2a: Gholdengo|Shadow Ball|p1a: Altaria\n|-damage|p1a: Altaria|208/278\n|\n|upkeep\n|turn|26\n|inactive|Time left: 300 sec this turn | 300 sec total\n|\n|t:|1783535401\n|move|p1a: Altaria|Roost|p1a: Altaria\n|-heal|p1a: Altaria|278/278\n|-singleturn|p1a: Altaria|move: Roost\n|move|p2a: Gholdengo|Nasty Plot|p2a: Gholdengo\n|-boost|p2a: Gholdengo|spa|2\n|\n|upkeep\n|turn|27\n|inactive|Time left: 300 sec this turn | 300 sec total\n|\n|t:|1783535402\n|move|p1a: Altaria|Haze|p1a: Altaria\n|-clearallboost\n|move|p2a: Gholdengo|Shadow Ball|p1a: Altaria\n|-damage|p1a: Altaria|202/278\n|\n|upkeep\n|turn|28\n|inactive|Time left: 300 sec this turn | 300 sec total\n|\n|t:|1783535403\n|move|p1a: Altaria|Roost|p1a: Altaria\n|-heal|p1a: Altaria|278/278\n|-singleturn|p1a: Altaria|move: Roost\n|move|p2a: Gholdengo|Nasty Plot|p2a: Gholdengo\n|-boost|p2a: Gholdengo|spa|2\n|\n|upkeep\n|turn|29\n|inactive|Time left: 300 sec this turn | 300 sec total\n|\n|t:|1783535404\n|move|p1a: Altaria|Haze|p1a: Altaria\n|-clearallboost\n|move|p2a: Gholdengo|Shadow Ball|p1a: Altaria\n|-damage|p1a: Altaria|202/278\n|\n|upkeep\n|turn|30\n|inactive|Time left: 300 sec this turn | 300 sec total\n|\n|t:|1783535405\n|move|p1a: Altaria|Roost|p1a: Altaria\n|-heal|p1a: Altaria|278/278\n|-singleturn|p1a: Altaria|move: Roost\n|move|p2a: Gholdengo|Nasty Plot|p2a: Gholdengo\n|-boost|p2a: Gholdengo|spa|2\n|\n|upkeep\n|turn|31\n|inactive|Time left: 300 sec this turn | 300 sec total\n|\n|t:|1783535407\n|move|p1a: Altaria|Haze|p1a: Altaria\n|-clearallboost\n|move|p2a: Gholdengo|Shadow Ball|p1a: Altaria\n|-damage|p1a: Altaria|196/278\n|-unboost|p1a: Altaria|spd|1\n|\n|upkeep\n|turn|32\n|inactive|Time left: 300 sec this turn | 300 sec total\n|\n|t:|1783535408\n|move|p1a: Altaria|Roost|p1a: Altaria\n|-heal|p1a: Altaria|278/278\n|-singleturn|p1a: Altaria|move: Roost\n|move|p2a: Gholdengo|Nasty Plot|p2a: Gholdengo\n|-boost|p2a: Gholdengo|spa|2\n|\n|upkeep\n|turn|33\n|inactive|Time left: 300 sec this turn | 300 sec total\n|\n|t:|1783535409\n|move|p1a: Altaria|Haze|p1a: Altaria\n|-clearallboost\n|move|p2a: Gholdengo|Nasty Plot|p2a: Gholdengo\n|-boost|p2a: Gholdengo|spa|2\n|\n|upkeep\n|turn|34\n|inactive|Time left: 300 sec this turn | 300 sec total\n|\n|t:|1783535410\n|move|p1a: Altaria|Haze|p1a: Altaria\n|-clearallboost\n|move|p2a: Gholdengo|Shadow Ball|p1a: Altaria\n|-damage|p1a: Altaria|208/278\n|-unboost|p1a: Altaria|spd|1\n|\n|upkeep\n|turn|35\n|inactive|Time left: 300 sec this turn | 300 sec total\n|\n|t:|1783535411\n|move|p1a: Altaria|Roost|p1a: Altaria\n|-heal|p1a: Altaria|278/278\n|-singleturn|p1a: Altaria|move: Roost\n|move|p2a: Gholdengo|Nasty Plot|p2a: Gholdengo\n|-boost|p2a: Gholdengo|spa|2\n|\n|upkeep\n|turn|36\n|inactive|Time left: 300 sec this turn | 300 sec total\n|\n|t:|1783535412\n|move|p1a: Altaria|Haze|p1a: Altaria\n|-clearallboost\n|move|p2a: Gholdengo|Nasty Plot|p2a: Gholdengo\n|-boost|p2a: Gholdengo|spa|2\n|\n|upkeep\n|turn|37\n|inactive|Time left: 300 sec this turn | 300 sec total\n|\n|t:|1783535413\n|move|p1a: Altaria|Haze|p1a: Altaria\n|-clearallboost\n|move|p2a: Gholdengo|Shadow Ball|p1a: Altaria\n|-damage|p1a: Altaria|200/278\n|\n|upkeep\n|turn|38\n|inactive|Time left: 300 sec this turn | 300 sec total\n|\n|t:|1783535414\n|move|p1a: Altaria|Brave Bird|p2a: Gholdengo\n|-resisted|p2a: Gholdengo\n|-damage|p2a: Gholdengo|79/100\n|-damage|p1a: Altaria|181/278|[from] Recoil\n|move|p2a: Gholdengo|Nasty Plot|p2a: Gholdengo\n|-boost|p2a: Gholdengo|spa|2\n|\n|-heal|p2a: Gholdengo|85/100|[from] item: Leftovers\n|upkeep\n|turn|39\n|inactive|Time left: 300 sec this turn | 300 sec total\n|\n|t:|1783535415\n|move|p1a: Altaria|Haze|p1a: Altaria\n|-clearallboost\n|move|p2a: Gholdengo|Make It Rain|p1a: Altaria\n|-damage|p1a: Altaria|60/278\n|-unboost|p2a: Gholdengo|spa|1\n|\n|-heal|p2a: Gholdengo|91/100|[from] item: Leftovers\n|upkeep\n|turn|40\n|inactive|Time left: 300 sec this turn | 300 sec total\n|\n|t:|1783535416\n|move|p1a: Altaria|Brave Bird|p2a: Gholdengo\n|-resisted|p2a: Gholdengo\n|-damage|p2a: Gholdengo|71/100\n|-damage|p1a: Altaria|43/278|[from] Recoil\n|move|p2a: Gholdengo|Nasty Plot|p2a: Gholdengo\n|-boost|p2a: Gholdengo|spa|2\n|\n|-heal|p2a: Gholdengo|77/100|[from] item: Leftovers\n|upkeep\n|turn|41\n|inactive|Time left: 300 sec this turn | 300 sec total\n|\n|t:|1783535417\n|move|p1a: Altaria|Haze|p1a: Altaria\n|-clearallboost\n|move|p2a: Gholdengo|Shadow Ball|p1a: Altaria\n|-damage|p1a: Altaria|0 fnt\n|faint|p1a: Altaria\n|\n|-heal|p2a: Gholdengo|83/100|[from] item: Leftovers\n|upkeep\n|inactive|Time left: 300 sec this turn | 300 sec total | 5 sec grace\n|\n|t:|1783535417\n|switch|p1a: Dialga|Dialga, L73|89/266\n|-ability|p1a: Dialga|Pressure\n|turn|42\n|inactive|Time left: 300 sec this turn | 300 sec total\n|\n|t:|1783535418\n|move|p1a: Dialga|Heavy Slam|p2a: Gholdengo\n|-resisted|p2a: Gholdengo\n|-crit|p2a: Gholdengo\n|-damage|p2a: Gholdengo|48/100\n|move|p2a: Gholdengo|Nasty Plot|p2a: Gholdengo\n|-boost|p2a: Gholdengo|spa|2\n|\n|-heal|p1a: Dialga|105/266|[from] item: Leftovers\n|-heal|p2a: Gholdengo|54/100|[from] item: Leftovers\n|upkeep\n|turn|43\n|inactive|Time left: 300 sec this turn | 300 sec total\n|\n|t:|1783535419\n|move|p2a: Gholdengo|Shadow Ball|p1a: Dialga\n|-damage|p1a: Dialga|0 fnt\n|faint|p1a: Dialga\n|\n|-heal|p2a: Gholdengo|60/100|[from] item: Leftovers\n|upkeep\n|inactive|Time left: 300 sec this turn | 300 sec total | 5 sec grace\n|\n|t:|1783535420\n|switch|p1a: Volbeat|Volbeat, L90, M|263/263\n|turn|44\n|inactive|Time left: 300 sec this turn | 300 sec total\n|\n|t:|1783535420\n|-terastallize|p2a: Gholdengo|Fighting\n|move|p1a: Volbeat|Thunder Wave|p2a: Gholdengo\n|-immune|p2a: Gholdengo|[from] ability: Good as Gold\n|move|p2a: Gholdengo|Make It Rain|p1a: Volbeat\n|-damage|p1a: Volbeat|0 fnt\n|-unboost|p2a: Gholdengo|spa|1\n|faint|p1a: Volbeat\n|\n|win|p0y141e1de", "uploadtime": 1783535420, "views": 0, "rating": 0, "private": 0, "password": null, "_winner": "p0y141e1de", "_our_name": "p0x141d216"}