{"id": "battle-gen9randombattle-210", "formatid": "gen9randombattle", "format": "[Gen 9] Random Battle", "players": ["p0x210c2cd", "p0y210d3fa"], "log": "|init|battle\n|title|p0x210c2cd vs. p0y210d3fa\n|j|\u2606p0x210c2cd\n|j|\u2606p0y210d3fa\n|t:|1783541992\n|gametype|singles\n|player|p1|p0x210c2cd|169|\n|player|p2|p0y210d3fa|169|\n|gen|9\n|tier|[Gen 9] Random Battle\n|rule|Species Clause: Limit one of each Pok\u00e9mon\n|rule|HP Percentage Mod: HP is shown in percentages\n|rule|Sleep Clause Mod: Limit one foe put to sleep\n|rule|Illusion Level Mod: Illusion disguises the Pok\u00e9mon's true level\n|\n|t:|1783541992\n|teamsize|p1|6\n|teamsize|p2|6\n|start\n|switch|p1a: Perrserker|Perrserker, L89, F|269/269\n|switch|p2a: Ursaring|Ursaring, L84, F|100/100\n|turn|1\n|inactive|Battle timer is ON: inactive players will automatically lose when time's up. (requested by p0x210c2cd)\n|inactive|p0y210d3fa also wants the timer to be on.\n|\n|t:|1783541994\n|move|p2a: Ursaring|Swords Dance|p2a: Ursaring\n|-boost|p2a: Ursaring|atk|2\n|move|p1a: Perrserker|Knock Off|p2a: Ursaring\n|-damage|p2a: Ursaring|32/100\n|-enditem|p2a: Ursaring|Toxic Orb|[from] move: Knock Off|[of] p1a: Perrserker\n|\n|upkeep\n|turn|2\n|inactive|Time left: 300 sec this turn | 300 sec total\n|\n|t:|1783541995\n|move|p2a: Ursaring|Close Combat|p1a: Perrserker\n|-supereffective|p1a: Perrserker\n|-damage|p1a: Perrserker|0 fnt\n|-unboost|p2a: Ursaring|def|1\n|-unboost|p2a: Ursaring|spd|1\n|faint|p1a: Perrserker\n|\n|upkeep\n|inactive|Time left: 300 sec this turn | 300 sec total | 5 sec grace\n|\n|t:|1783541996\n|switch|p1a: Braviary|Braviary-Hisui, L85, M|326/326\n|turn|3\n|inactive|Time left: 300 sec this turn | 300 sec total\n|\n|t:|1783541997\n|switch|p2a: Basculegion|Basculegion, L80, M|100/100\n|move|p1a: Braviary|Psychic|p2a: Basculegion\n|-damage|p2a: Basculegion|53/100\n|\n|upkeep\n|turn|4\n|inactive|Time left: 300 sec this turn | 300 sec total\n|\n|t:|1783541998\n|move|p2a: Basculegion|Shadow Ball|p1a: Braviary\n|-supereffective|p1a: Braviary\n|-damage|p1a: Braviary|114/326\n|-unboost|p1a: Braviary|spd|1\n|move|p1a: Braviary|Hurricane|p2a: Basculegion\n|-damage|p2a: Basculegion|0 fnt\n|faint|p2a: Basculegion\n|\n|upkeep\n|\n|t:|1783541999\n|switch|p2a: Vaporeon|Vaporeon, L86, M|100/100\n|turn|5\n|inactive|Time left: 300 sec this turn | 300 sec total\n|\n|t:|1783542000\n|switch|p1a: Archaludon|Archaludon, L78, M|268/268\n|move|p2a: Vaporeon|Scald|p1a: Archaludon\n|-resisted|p1a: Archaludon\n|-damage|p1a: Archaludon|204/268\n|-ability|p1a: Archaludon|Stamina|boost\n|-boost|p1a: Archaludon|def|1\n|\n|-heal|p1a: Archaludon|220/268|[from] item: Leftovers\n|upkeep\n|turn|6\n|inactive|Time left: 300 sec this turn | 300 sec total\n|\n|t:|1783542002\n|move|p1a: Archaludon|Stealth Rock|p2a: Vaporeon\n|-sidestart|p2: p0y210d3fa|move: Stealth Rock\n|move|p2a: Vaporeon|Calm Mind|p2a: Vaporeon\n|-boost|p2a: Vaporeon|spa|1\n|-boost|p2a: Vaporeon|spd|1\n|\n|-heal|p1a: Archaludon|236/268|[from] item: Leftovers\n|upkeep\n|turn|7\n|inactive|Time left: 300 sec this turn | 300 sec total\n|\n|t:|1783542003\n|move|p1a: Archaludon|Body Press|p2a: Vaporeon\n|-damage|p2a: Vaporeon|65/100\n|move|p2a: Vaporeon|Calm Mind|p2a: Vaporeon\n|-boost|p2a: Vaporeon|spa|1\n|-boost|p2a: Vaporeon|spd|1\n|\n|-heal|p1a: Archaludon|252/268|[from] item: Leftovers\n|-heal|p2a: Vaporeon|71/100|[from] item: Leftovers\n|upkeep\n|turn|8\n|inactive|Time left: 300 sec this turn | 300 sec total\n|\n|t:|1783542004\n|move|p1a: Archaludon|Body Press|p2a: Vaporeon\n|-damage|p2a: Vaporeon|41/100\n|move|p2a: Vaporeon|Scald|p1a: Archaludon\n|-resisted|p1a: Archaludon\n|-damage|p1a: Archaludon|129/268\n|-ability|p1a: Archaludon|Stamina|boost\n|-boost|p1a: Archaludon|def|1\n|\n|-heal|p1a: Archaludon|145/268|[from] item: Leftovers\n|-heal|p2a: Vaporeon|47/100|[from] item: Leftovers\n|upkeep\n|turn|9\n|inactive|Time left: 300 sec this turn | 300 sec total\n|\n|t:|1783542005\n|-terastallize|p2a: Vaporeon|Ghost\n|move|p1a: Archaludon|Body Press|p2a: Vaporeon\n|-immune|p2a: Vaporeon\n|move|p2a: Vaporeon|Scald|p1a: Archaludon\n|-resisted|p1a: Archaludon\n|-damage|p1a: Archaludon|11/268\n|-ability|p1a: Archaludon|Stamina|boost\n|-boost|p1a: Archaludon|def|1\n|\n|-heal|p1a: Archaludon|27/268|[from] item: Leftovers\n|-heal|p2a: Vaporeon|53/100|[from] item: Leftovers\n|upkeep\n|turn|10\n|inactive|Time left: 300 sec this turn | 300 sec total\n|\n|t:|1783542006\n|move|p1a: Archaludon|Flash Cannon|p2a: Vaporeon\n|-damage|p2a: Vaporeon|42/100\n|move|p2a: Vaporeon|Wish|p2a: Vaporeon\n|\n|-heal|p1a: Archaludon|43/268|[from] item: Leftovers\n|-heal|p2a: Vaporeon|48/100|[from] item: Leftovers\n|upkeep\n|turn|11\n|inactive|Time left: 300 sec this turn | 300 sec total\n|\n|t:|1783542007\n|switch|p1a: Tropius|Tropius, L91, M|328/328\n|move|p2a: Vaporeon|Scald|p1a: Tropius\n|-resisted|p1a: Tropius\n|-damage|p1a: Tropius|240/328\n|-status|p1a: Tropius|brn\n|\n|-heal|p2a: Vaporeon|98/100|[from] move: Wish|[wisher] Vaporeon\n|-heal|p2a: Vaporeon|100/100|[from] item: Leftovers\n|-damage|p1a: Tropius|220/328 brn|[from] brn\n|upkeep\n|turn|12\n|inactive|Time left: 300 sec this turn | 300 sec total\n|\n|t:|1783542008\n|move|p2a: Vaporeon|Scald|p1a: Tropius\n|-resisted|p1a: Tropius\n|-damage|p1a: Tropius|121/328 brn\n|-enditem|p1a: Tropius|Sitrus Berry|[eat]\n|-heal|p1a: Tropius|203/328 brn|[from] item: Sitrus Berry\n|move|p1a: Tropius|Leech Seed|p2a: Vaporeon\n|-start|p2a: Vaporeon|move: Leech Seed\n|\n|-damage|p2a: Vaporeon|88/100|[from] Leech Seed|[of] p1a: Tropius\n|-heal|p1a: Tropius|248/328 brn|[silent]\n|-damage|p1a: Tropius|228/328 brn|[from] brn\n|-item|p1a: Tropius|Sitrus Berry|[from] ability: Harvest\n|upkeep\n|turn|13\n|inactive|Time left: 300 sec this turn | 300 sec total\n|\n|t:|1783542009\n|move|p1a: Tropius|Protect|p1a: Tropius\n|-singleturn|p1a: Tropius|Protect\n|move|p2a: Vaporeon|Scald|p1a: Tropius\n|-activate|p1a: Tropius|move: Protect\n|\n|-heal|p2a: Vaporeon|94/100|[from] item: Leftovers\n|-damage|p2a: Vaporeon|82/100|[from] Leech Seed|[of] p1a: Tropius\n|-heal|p1a: Tropius|273/328 brn|[silent]\n|-damage|p1a: Tropius|253/328 brn|[from] brn\n|upkeep\n|turn|14\n|inactive|Time left: 300 sec this turn | 300 sec total\n|\n|t:|1783542009\n|move|p2a: Vaporeon|Scald|p1a: Tropius\n|-resisted|p1a: Tropius\n|-damage|p1a: Tropius|160/328 brn\n|-enditem|p1a: Tropius|Sitrus Berry|[eat]\n|-heal|p1a: Tropius|242/328 brn|[from] item: Sitrus Berry\n|move|p1a: Tropius|Substitute|p1a: Tropius\n|-start|p1a: Tropius|Substitute\n|-damage|p1a: Tropius|160/328 brn\n|\n|-heal|p2a: Vaporeon|88/100|[from] item: Leftovers\n|-damage|p2a: Vaporeon|75/100|[from] Leech Seed|[of] p1a: Tropius\n|-heal|p1a: Tropius|205/328 brn|[silent]\n|-damage|p1a: Tropius|185/328 brn|[from] brn\n|upkeep\n|turn|15\n|inactive|Time left: 300 sec this turn | 300 sec total\n|\n|t:|1783542010\n|move|p2a: Vaporeon|Wish|p2a: Vaporeon\n|move|p1a: Tropius|Air Slash|p2a: Vaporeon\n|-damage|p2a: Vaporeon|66/100\n|\n|-heal|p2a: Vaporeon|72/100|[from] item: Leftovers\n|-damage|p2a: Vaporeon|59/100|[from] Leech Seed|[of] p1a: Tropius\n|-heal|p1a: Tropius|230/328 brn|[silent]\n|-damage|p1a: Tropius|210/328 brn|[from] brn\n|upkeep\n|turn|16\n|inactive|Time left: 300 sec this turn | 300 sec total\n|\n|t:|1783542011\n|move|p1a: Tropius|Protect|p1a: Tropius\n|-singleturn|p1a: Tropius|Protect\n|move|p2a: Vaporeon|Calm Mind|p2a: Vaporeon\n|-boost|p2a: Vaporeon|spa|1\n|-boost|p2a: Vaporeon|spd|1\n|\n|-heal|p2a: Vaporeon|100/100|[from] move: Wish|[wisher] Vaporeon\n|-damage|p2a: Vaporeon|88/100|[from] Leech Seed|[of] p1a: Tropius\n|-heal|p1a: Tropius|255/328 brn|[silent]\n|-damage|p1a: Tropius|235/328 brn|[from] brn\n|-item|p1a: Tropius|Sitrus Berry|[from] ability: Harvest\n|upkeep\n|turn|17\n|inactive|Time left: 300 sec this turn | 300 sec total\n|\n|t:|1783542012\n|move|p2a: Vaporeon|Scald|p1a: Tropius\n|-resisted|p1a: Tropius\n|-end|p1a: Tropius|Substitute\n|move|p1a: Tropius|Air Slash|p2a: Vaporeon\n|-crit|p2a: Vaporeon\n|-damage|p2a: Vaporeon|59/100\n|\n|-heal|p2a: Vaporeon|65/100|[from] item: Leftovers\n|-damage|p2a: Vaporeon|53/100|[from] Leech Seed|[of] p1a: Tropius\n|-heal|p1a: Tropius|280/328 brn|[silent]\n|-damage|p1a: Tropius|260/328 brn|[from] brn\n|upkeep\n|turn|18\n|inactive|Time left: 300 sec this turn | 300 sec total\n|\n|t:|1783542013\n|switch|p1a: Umbreon|Umbreon, L84, M|297/297\n|move|p2a: Vaporeon|Wish|p2a: Vaporeon\n|\n|-heal|p2a: Vaporeon|59/100|[from] item: Leftovers\n|-damage|p2a: Vaporeon|46/100|[from] Leech Seed|[of] p1a: Umbreon\n|upkeep\n|turn|19\n|inactive|Time left: 300 sec this turn | 300 sec total\n|\n|t:|1783542013\n|move|p2a: Vaporeon|Scald|p1a: Umbreon\n|-damage|p1a: Umbreon|114/297\n|move|p1a: Umbreon|Foul Play|p2a: Vaporeon\n|-supereffective|p2a: Vaporeon\n|-damage|p2a: Vaporeon|8/100\n|\n|-heal|p2a: Vaporeon|58/100|[from] move: Wish|[wisher] Vaporeon\n|-heal|p2a: Vaporeon|65/100|[from] item: Leftovers\n|-heal|p1a: Umbreon|132/297|[from] item: Leftovers\n|-damage|p2a: Vaporeon|52/100|[from] Leech Seed|[of] p1a: Umbreon\n|-heal|p1a: Umbreon|177/297|[silent]\n|upkeep\n|turn|20\n|inactive|Time left: 300 sec this turn | 300 sec total\n|\n|t:|1783542014\n|move|p1a: Umbreon|Protect|p1a: Umbreon\n|-singleturn|p1a: Umbreon|Protect\n|move|p2a: Vaporeon|Scald|p1a: Umbreon\n|-activate|p1a: Umbreon|move: Protect\n|\n|-heal|p2a: Vaporeon|58/100|[from] item: Leftovers\n|-heal|p1a: Umbreon|195/297|[from] item: Leftovers\n|-damage|p2a: Vaporeon|46/100|[from] Leech Seed|[of] p1a: Umbreon\n|-heal|p1a: Umbreon|240/297|[silent]\n|upkeep\n|turn|21\n|inactive|Time left: 300 sec this turn | 300 sec total\n|\n|t:|1783542015\n|move|p2a: Vaporeon|Scald|p1a: Umbreon\n|-damage|p1a: Umbreon|60/297\n|move|p1a: Umbreon|Foul Play|p2a: Vaporeon\n|-supereffective|p2a: Vaporeon\n|-damage|p2a: Vaporeon|7/100\n|\n|-heal|p2a: Vaporeon|13/100|[from] item: Leftovers\n|-heal|p1a: Umbreon|78/297|[from] item: Leftovers\n|-damage|p2a: Vaporeon|1/100|[from] Leech Seed|[of] p1a: Umbreon\n|-heal|p1a: Umbreon|123/297|[silent]\n|upkeep\n|turn|22\n|inactive|Time left: 300 sec this turn | 300 sec total\n|\n|t:|1783542016\n|move|p1a: Umbreon|Protect|p1a: Umbreon\n|-singleturn|p1a: Umbreon|Protect\n|move|p2a: Vaporeon|Scald|p1a: Umbreon\n|-activate|p1a: Umbreon|move: Protect\n|\n|-heal|p2a: Vaporeon|7/100|[from] item: Leftovers\n|-heal|p1a: Umbreon|141/297|[from] item: Leftovers\n|-damage|p2a: Vaporeon|0 fnt|[from] Leech Seed|[of] p1a: Umbreon\n|-heal|p1a: Umbreon|165/297|[silent]\n|faint|p2a: Vaporeon\n|upkeep\n|\n|t:|1783542017\n|switch|p2a: Iron Valiant|Iron Valiant, L78|100/100\n|-damage|p2a: Iron Valiant|94/100|[from] Stealth Rock\n|turn|23\n|inactive|Time left: 300 sec this turn | 300 sec total\n|\n|t:|1783542018\n|switch|p1a: Tropius|Tropius, L91, M|260/328 brn\n|move|p2a: Iron Valiant|Moonblast|p1a: Tropius\n|-damage|p1a: Tropius|142/328 brn\n|-unboost|p1a: Tropius|spa|1\n|-enditem|p1a: Tropius|Sitrus Berry|[eat]\n|-heal|p1a: Tropius|224/328 brn|[from] item: Sitrus Berry\n|-damage|p2a: Iron Valiant|85/100|[from] item: Life Orb\n|\n|-damage|p1a: Tropius|204/328 brn|[from] brn\n|upkeep\n|turn|24\n|inactive|Time left: 300 sec this turn | 300 sec total\n|\n|t:|1783542019\n|move|p2a: Iron Valiant|Moonblast|p1a: Tropius\n|-damage|p1a: Tropius|82/328 brn\n|-damage|p2a: Iron Valiant|75/100|[from] item: Life Orb\n|move|p1a: Tropius|Air Slash|p2a: Iron Valiant\n|-supereffective|p2a: Iron Valiant\n|-damage|p2a: Iron Valiant|18/100\n|\n|-damage|p1a: Tropius|62/328 brn|[from] brn\n|upkeep\n|turn|25\n|inactive|Time left: 300 sec this turn | 300 sec total\n|\n|t:|1783542020\n|move|p2a: Iron Valiant|Moonblast|p1a: Tropius\n|-damage|p1a: Tropius|0 fnt\n|faint|p1a: Tropius\n|-damage|p2a: Iron Valiant|8/100|[from] item: Life Orb\n|\n|upkeep\n|inactive|Time left: 300 sec this turn | 300 sec total | 5 sec grace\n|\n|t:|1783542021\n|switch|p1a: Jolteon|Jolteon, L84, M|246/246\n|turn|26\n|inactive|Time left: 300 sec this turn | 300 sec total\n|\n|t:|1783542022\n|move|p1a: Jolteon|Alluring Voice|p2a: Iron Valiant\n|-supereffective|p2a: Iron Valiant\n|-damage|p2a: Iron Valiant|0 fnt\n|faint|p2a: Iron Valiant\n|-end|p2a: Iron Valiant|Quark Drive|[silent]\n|\n|upkeep\n|\n|t:|1783542023\n|switch|p2a: Forretress|Forretress, L84, M|100/100\n|-damage|p2a: Forretress|88/100|[from] Stealth Rock\n|turn|27\n|inactive|Time left: 300 sec this turn | 300 sec total\n|\n|t:|1783542024\n|move|p1a: Jolteon|Thunderbolt|p2a: Forretress\n|-damage|p2a: Forretress|38/100\n|move|p2a: Forretress|Rapid Spin|p1a: Jolteon\n|-damage|p1a: Jolteon|203/246\n|-boost|p2a: Forretress|spe|1\n|-sideend|p2: p0y210d3fa|Stealth Rock|[from] move: Rapid Spin|[of] p2a: Forretress\n|\n|-heal|p2a: Forretress|44/100|[from] item: Leftovers\n|upkeep\n|turn|28\n|inactive|Time left: 300 sec this turn | 300 sec total\n|\n|t:|1783542025\n|switch|p2a: Cyclizar|Cyclizar, L84, M|100/100\n|move|p1a: Jolteon|Thunderbolt|p2a: Cyclizar\n|-resisted|p2a: Cyclizar\n|-damage|p2a: Cyclizar|75/100\n|\n|upkeep\n|turn|29\n|inactive|Time left: 300 sec this turn | 300 sec total\n|\n|t:|1783542027\n|move|p1a: Jolteon|Alluring Voice|p2a: Cyclizar\n|-supereffective|p2a: Cyclizar\n|-damage|p2a: Cyclizar|16/100\n|move|p2a: Cyclizar|Knock Off|p1a: Jolteon\n|-damage|p1a: Jolteon|111/246\n|-enditem|p1a: Jolteon|Heavy-Duty Boots|[from] move: Knock Off|[of] p2a: Cyclizar\n|\n|upkeep\n|turn|30\n|inactive|Time left: 300 sec this turn | 300 sec total\n|\n|t:|1783542028\n|switch|p2a: Ursaring|Ursaring, L84, F|32/100\n|move|p1a: Jolteon|Thunderbolt|p2a: Ursaring\n|-damage|p2a: Ursaring|0 fnt\n|faint|p2a: Ursaring\n|\n|upkeep\n|\n|t:|1783542029\n|switch|p2a: Cyclizar|Cyclizar, L84, M|49/100\n|turn|31\n|inactive|Time left: 300 sec this turn | 300 sec total\n|\n|t:|1783542030\n|switch|p2a: Forretress|Forretress, L84, M|44/100\n|move|p1a: Jolteon|Alluring Voice|p2a: Forretress\n|-resisted|p2a: Forretress\n|-damage|p2a: Forretress|28/100\n|\n|-heal|p2a: Forretress|34/100|[from] item: Leftovers\n|upkeep\n|turn|32\n|inactive|Time left: 300 sec this turn | 300 sec total\n|\n|t:|1783542031\n|switch|p2a: Cyclizar|Cyclizar, L84, M|82/100\n|move|p1a: Jolteon|Volt Switch|p2a: Cyclizar\n|-resisted|p2a: Cyclizar\n|-damage|p2a: Cyclizar|62/100\n|inactive|Time left: 300 sec this turn | 300 sec total | 5 sec grace\n|\n|t:|1783542032\n|switch|p1a: Braviary|Braviary-Hisui, L85, M|114/326|[from] Volt Switch\n|\n|upkeep\n|turn|33\n|inactive|Time left: 300 sec this turn | 300 sec total\n|\n|t:|1783542033\n|-terastallize|p1a: Braviary|Fairy\n|move|p2a: Cyclizar|Shed Tail|p2a: Cyclizar\n|-start|p2a: Cyclizar|Substitute|[from] move: Shed Tail\n|-damage|p2a: Cyclizar|12/100\n|\n|t:|1783542034\n|switch|p2a: Forretress|Forretress, L84, M|34/100|[from] Shed Tail\n|move|p1a: Braviary|Psychic|p2a: Forretress\n|-resisted|p2a: Forretress\n|-crit|p2a: Forretress\n|-end|p2a: Forretress|Substitute\n|\n|-heal|p2a: Forretress|40/100|[from] item: Leftovers\n|upkeep\n|turn|34\n|inactive|Time left: 300 sec this turn | 300 sec total\n|\n|t:|1783542035\n|move|p1a: Braviary|Psychic|p2a: Forretress\n|-resisted|p2a: Forretress\n|-damage|p2a: Forretress|0 fnt\n|faint|p2a: Forretress\n|\n|upkeep\n|\n|t:|1783542036\n|switch|p2a: Cyclizar|Cyclizar, L84, M|45/100\n|turn|35\n|inactive|Time left: 300 sec this turn | 300 sec total\n|\n|t:|1783542037\n|move|p2a: Cyclizar|Shed Tail|p2a: Cyclizar\n|-fail|p2a: Cyclizar\n|move|p1a: Braviary|Psychic|p2a: Cyclizar\n|-damage|p2a: Cyclizar|0 fnt\n|faint|p2a: Cyclizar\n|\n|win|p0x210c2cd", "uploadtime": 1783542037, "views": 0, "rating": 0, "private": 0, "password": null, "_winner": "p0x210c2cd", "_our_name": "p0x210c2cd"}