{"id": "battle-gen9randombattle-275", "formatid": "gen9randombattle", "format": "[Gen 9] Random Battle", "players": ["p0x275133b", "p0y2751a2b"], "log": "|init|battle\n|title|p0x275133b vs. p0y2751a2b\n|j|\u2606p0x275133b\n|j|\u2606p0y2751a2b\n|t:|1783542770\n|gametype|singles\n|player|p1|p0x275133b|101|\n|player|p2|p0y2751a2b|169|\n|gen|9\n|tier|[Gen 9] Random Battle\n|rule|Species Clause: Limit one of each Pok\u00e9mon\n|rule|HP Percentage Mod: HP is shown in percentages\n|rule|Sleep Clause Mod: Limit one foe put to sleep\n|rule|Illusion Level Mod: Illusion disguises the Pok\u00e9mon's true level\n|\n|t:|1783542770\n|teamsize|p1|6\n|teamsize|p2|6\n|start\n|switch|p1a: Volcanion|Volcanion, L79|256/256\n|switch|p2a: Duraludon|Duraludon, L82, M|100/100\n|turn|1\n|inactive|Battle timer is ON: inactive players will automatically lose when time's up. (requested by p0x275133b)\n|inactive|p0y2751a2b also wants the timer to be on.\n|\n|t:|1783542772\n|move|p2a: Duraludon|Stealth Rock|p1a: Volcanion\n|-sidestart|p1: p0x275133b|move: Stealth Rock\n|move|p1a: Volcanion|Flamethrower|p2a: Duraludon\n|-damage|p2a: Duraludon|53/100\n|\n|upkeep\n|turn|2\n|inactive|Time left: 300 sec this turn | 300 sec total\n|\n|t:|1783542773\n|switch|p2a: Oranguru|Oranguru, L92, M|100/100\n|move|p1a: Volcanion|Earth Power|p2a: Oranguru\n|-damage|p2a: Oranguru|83/100\n|\n|-heal|p2a: Oranguru|89/100|[from] item: Leftovers\n|upkeep\n|turn|3\n|inactive|Time left: 300 sec this turn | 300 sec total\n|\n|t:|1783542775\n|move|p2a: Oranguru|Nasty Plot|p2a: Oranguru\n|-boost|p2a: Oranguru|spa|2\n|move|p1a: Volcanion|Flamethrower|p2a: Oranguru\n|-damage|p2a: Oranguru|61/100\n|\n|-heal|p2a: Oranguru|67/100|[from] item: Leftovers\n|upkeep\n|turn|4\n|inactive|Time left: 300 sec this turn | 300 sec total\n|\n|t:|1783542776\n|switch|p1a: Banette|Banette, L93, F|270/270\n|-damage|p1a: Banette|237/270|[from] Stealth Rock\n|move|p2a: Oranguru|Psyshock|p1a: Banette\n|-damage|p1a: Banette|26/270\n|-start|p2a: Oranguru|Disable|Psyshock|[from] ability: Cursed Body|[of] p1a: Banette\n|\n|-heal|p2a: Oranguru|73/100|[from] item: Leftovers\n|upkeep\n|turn|5\n|inactive|Time left: 300 sec this turn | 300 sec total\n|\n|t:|1783542777\n|move|p1a: Banette|Gunk Shot|p2a: Oranguru|[miss]\n|-miss|p1a: Banette|p2a: Oranguru\n|move|p2a: Oranguru|Thunderbolt|p1a: Banette\n|-damage|p1a: Banette|0 fnt\n|faint|p1a: Banette\n|\n|-heal|p2a: Oranguru|79/100|[from] item: Leftovers\n|upkeep\n|inactive|Time left: 300 sec this turn | 300 sec total | 5 sec grace\n|\n|t:|1783542778\n|switch|p1a: Chien-Pao|Chien-Pao, L72|234/234\n|-damage|p1a: Chien-Pao|176/234|[from] Stealth Rock\n|-ability|p1a: Chien-Pao|Sword of Ruin\n|turn|6\n|inactive|Time left: 300 sec this turn | 300 sec total\n|\n|t:|1783542779\n|-terastallize|p2a: Oranguru|Electric\n|move|p1a: Chien-Pao|Throat Chop|p2a: Oranguru\n|-damage|p2a: Oranguru|31/100\n|-start|p2a: Oranguru|Throat Chop|[silent]\n|move|p2a: Oranguru|Thunderbolt|p1a: Chien-Pao\n|-damage|p1a: Chien-Pao|0 fnt\n|faint|p1a: Chien-Pao\n|\n|-heal|p2a: Oranguru|37/100|[from] item: Leftovers\n|upkeep\n|inactive|Time left: 300 sec this turn | 300 sec total | 5 sec grace\n|\n|t:|1783542780\n|switch|p1a: Gengar|Gengar, L81, M|230/230\n|-damage|p1a: Gengar|202/230|[from] Stealth Rock\n|turn|7\n|inactive|Time left: 300 sec this turn | 300 sec total\n|\n|t:|1783542781\n|move|p1a: Gengar|Sludge Wave|p2a: Oranguru\n|-damage|p2a: Oranguru|0 fnt\n|faint|p2a: Oranguru\n|\n|upkeep\n|\n|t:|1783542782\n|switch|p2a: Lunala|Lunala, L70|100/100\n|turn|8\n|inactive|Time left: 300 sec this turn | 300 sec total\n|\n|t:|1783542783\n|switch|p1a: Swanna|Swanna, L89, F|278/278\n|move|p2a: Lunala|Moongeist Beam|p1a: Swanna\n|-damage|p1a: Swanna|151/278\n|\n|upkeep\n|turn|9\n|inactive|Time left: 300 sec this turn | 300 sec total\n|\n|t:|1783542785\n|move|p1a: Swanna|Roost|p1a: Swanna\n|-heal|p1a: Swanna|278/278\n|-singleturn|p1a: Swanna|move: Roost\n|move|p2a: Lunala|Moongeist Beam|p1a: Swanna\n|-damage|p1a: Swanna|148/278\n|\n|upkeep\n|turn|10\n|inactive|Time left: 300 sec this turn | 300 sec total\n|\n|t:|1783542786\n|move|p1a: Swanna|Roost|p1a: Swanna\n|-heal|p1a: Swanna|278/278\n|-singleturn|p1a: Swanna|move: Roost\n|move|p2a: Lunala|Calm Mind|p2a: Lunala\n|-boost|p2a: Lunala|spa|1\n|-boost|p2a: Lunala|spd|1\n|\n|upkeep\n|turn|11\n|inactive|Time left: 300 sec this turn | 300 sec total\n|\n|t:|1783542787\n|move|p1a: Swanna|Brave Bird|p2a: Lunala\n|-damage|p2a: Lunala|75/100\n|-damage|p1a: Swanna|252/278|[from] Recoil\n|move|p2a: Lunala|Moongeist Beam|p1a: Swanna\n|-damage|p1a: Swanna|86/278\n|\n|-heal|p2a: Lunala|81/100|[from] item: Leftovers\n|upkeep\n|turn|12\n|inactive|Time left: 300 sec this turn | 300 sec total\n|\n|t:|1783542788\n|move|p1a: Swanna|Brave Bird|p2a: Lunala\n|-crit|p2a: Lunala\n|-damage|p2a: Lunala|7/100\n|-damage|p1a: Swanna|11/278|[from] Recoil\n|move|p2a: Lunala|Moongeist Beam|p1a: Swanna\n|-damage|p1a: Swanna|0 fnt\n|faint|p1a: Swanna\n|\n|-heal|p2a: Lunala|13/100|[from] item: Leftovers\n|upkeep\n|inactive|Time left: 300 sec this turn | 300 sec total | 5 sec grace\n|\n|t:|1783542789\n|switch|p1a: Gengar|Gengar, L81, M|202/230\n|-damage|p1a: Gengar|174/230|[from] Stealth Rock\n|turn|13\n|inactive|Time left: 300 sec this turn | 300 sec total\n|\n|t:|1783542790\n|move|p1a: Gengar|Shadow Ball|p2a: Lunala\n|-supereffective|p2a: Lunala\n|-damage|p2a: Lunala|0 fnt\n|faint|p2a: Lunala\n|\n|upkeep\n|\n|t:|1783542791\n|switch|p2a: Smeargle|Smeargle, L95, M|100/100\n|turn|14\n|inactive|Time left: 300 sec this turn | 300 sec total\n|\n|t:|1783542793\n|switch|p1a: Volcanion|Volcanion, L79|256/256\n|move|p2a: Smeargle|Sticky Web|p1a: Volcanion\n|-sidestart|p1: p0x275133b|move: Sticky Web\n|\n|upkeep\n|turn|15\n|inactive|Time left: 300 sec this turn | 300 sec total\n|\n|t:|1783542794\n|move|p2a: Smeargle|Spore|p1a: Volcanion\n|-status|p1a: Volcanion|slp|[from] move: Spore\n|cant|p1a: Volcanion|slp\n|\n|upkeep\n|turn|16\n|inactive|Time left: 300 sec this turn | 300 sec total\n|\n|t:|1783542795\n|move|p2a: Smeargle|Ceaseless Edge|p1a: Volcanion\n|-damage|p1a: Volcanion|236/256 slp\n|-sidestart|p1: p0x275133b|Spikes\n|cant|p1a: Volcanion|slp\n|\n|upkeep\n|turn|17\n|inactive|Time left: 300 sec this turn | 300 sec total\n|\n|t:|1783542796\n|cant|p1a: Volcanion|slp\n|move|p2a: Smeargle|Whirlwind|p1a: Volcanion\n|drag|p1a: Gengar|Gengar, L81, M|174/230\n|-damage|p1a: Gengar|146/230|[from] Stealth Rock\n|-activate|p1a: Gengar|move: Sticky Web\n|-unboost|p1a: Gengar|spe|1\n|-damage|p1a: Gengar|118/230|[from] Spikes\n|\n|upkeep\n|turn|18\n|inactive|Time left: 300 sec this turn | 300 sec total\n|\n|t:|1783542797\n|switch|p2a: Fezandipiti|Fezandipiti, L82, M|100/100\n|move|p1a: Gengar|Sludge Wave|p2a: Fezandipiti\n|-damage|p2a: Fezandipiti|50/100\n|\n|-heal|p2a: Fezandipiti|57/100|[from] item: Leftovers\n|upkeep\n|turn|19\n|inactive|Time left: 300 sec this turn | 300 sec total\n|\n|t:|1783542798\n|switch|p2a: Duraludon|Duraludon, L82, M|53/100\n|move|p1a: Gengar|Sludge Wave|p2a: Duraludon\n|-immune|p2a: Duraludon\n|\n|upkeep\n|turn|20\n|inactive|Time left: 300 sec this turn | 300 sec total\n|\n|t:|1783542799\n|switch|p1a: Volcanion|Volcanion, L79|236/256 slp\n|move|p2a: Duraludon|Draco Meteor|p1a: Volcanion\n|-damage|p1a: Volcanion|76/256 slp\n|-unboost|p2a: Duraludon|spa|2\n|\n|upkeep\n|turn|21\n|inactive|Time left: 300 sec this turn | 300 sec total\n|\n|t:|1783542800\n|move|p2a: Duraludon|Draco Meteor|p1a: Volcanion\n|-crit|p1a: Volcanion\n|-damage|p1a: Volcanion|0 fnt\n|-unboost|p2a: Duraludon|spa|2\n|faint|p1a: Volcanion\n|\n|upkeep\n|inactive|Time left: 300 sec this turn | 300 sec total | 5 sec grace\n|\n|t:|1783542801\n|switch|p1a: Weezing|Weezing-Galar, L86, M|252/252\n|-damage|p1a: Weezing|221/252|[from] Stealth Rock\n|turn|22\n|inactive|Time left: 300 sec this turn | 300 sec total\n|\n|t:|1783542802\n|switch|p2a: Emboar|Emboar, L84, M|100/100\n|move|p1a: Weezing|Strange Steam|p2a: Emboar\n|-damage|p2a: Emboar|63/100\n|-start|p2a: Emboar|confusion\n|\n|-heal|p2a: Emboar|69/100|[from] item: Leftovers\n|-heal|p1a: Weezing|236/252|[from] item: Leftovers\n|upkeep\n|turn|23\n|inactive|Time left: 300 sec this turn | 300 sec total\n|\n|t:|1783542803\n|switch|p2a: Duraludon|Duraludon, L82, M|53/100\n|move|p1a: Weezing|Gunk Shot|p2a: Duraludon\n|-immune|p2a: Duraludon\n|\n|-heal|p1a: Weezing|251/252|[from] item: Leftovers\n|upkeep\n|turn|24\n|inactive|Time left: 300 sec this turn | 300 sec total\n|\n|t:|1783542804\n|move|p2a: Duraludon|Flash Cannon|p1a: Weezing\n|-supereffective|p1a: Weezing\n|-damage|p1a: Weezing|35/252\n|move|p1a: Weezing|Strange Steam|p2a: Duraludon\n|-damage|p2a: Duraludon|18/100\n|-start|p2a: Duraludon|confusion\n|\n|-heal|p1a: Weezing|50/252|[from] item: Leftovers\n|upkeep\n|turn|25\n|inactive|Time left: 300 sec this turn | 300 sec total\n|\n|t:|1783542805\n|-activate|p2a: Duraludon|confusion\n|move|p2a: Duraludon|Flash Cannon|p1a: Weezing\n|-supereffective|p1a: Weezing\n|-damage|p1a: Weezing|0 fnt\n|faint|p1a: Weezing\n|\n|upkeep\n|inactive|Time left: 300 sec this turn | 300 sec total | 5 sec grace\n|\n|t:|1783542806\n|switch|p1a: Gengar|Gengar, L81, M|118/230\n|-damage|p1a: Gengar|90/230|[from] Stealth Rock\n|-activate|p1a: Gengar|move: Sticky Web\n|-unboost|p1a: Gengar|spe|1\n|-damage|p1a: Gengar|62/230|[from] Spikes\n|turn|26\n|inactive|Time left: 300 sec this turn | 300 sec total\n|\n|t:|1783542807\n|-end|p2a: Duraludon|confusion\n|move|p2a: Duraludon|Flash Cannon|p1a: Gengar\n|-damage|p1a: Gengar|0 fnt\n|faint|p1a: Gengar\n|\n|win|p0y2751a2b", "uploadtime": 1783542807, "views": 0, "rating": 0, "private": 0, "password": null, "_winner": "p0y2751a2b", "_our_name": "p0x275133b"}