{"id": "battle-gen9randombattle-1492", "formatid": "gen9randombattle", "format": "[Gen 9] Random Battle", "players": ["p0x14925177", "p0y1492465e"], "log": "|init|battle\n|title|p0x14925177 vs. p0y1492465e\n|j|\u2606p0x14925177\n|j|\u2606p0y1492465e\n|t:|1783557345\n|gametype|singles\n|player|p1|p0x14925177|170|\n|player|p2|p0y1492465e|1|\n|gen|9\n|tier|[Gen 9] Random Battle\n|rule|Species Clause: Limit one of each Pok\u00e9mon\n|rule|HP Percentage Mod: HP is shown in percentages\n|rule|Sleep Clause Mod: Limit one foe put to sleep\n|rule|Illusion Level Mod: Illusion disguises the Pok\u00e9mon's true level\n|\n|t:|1783557345\n|teamsize|p1|6\n|teamsize|p2|6\n|start\n|switch|p1a: Ariados|Ariados, L95, F|100/100\n|switch|p2a: Veluza|Veluza, L85, M|292/292\n|turn|1\n|inactive|Battle timer is ON: inactive players will automatically lose when time's up. (requested by p0x14925177)\n|inactive|Time left: 300 sec this turn | 300 sec total | 60 sec grace\n|inactive|p0y1492465e also wants the timer to be on.\n|\n|t:|1783557347\n|move|p2a: Veluza|Psycho Cut|p1a: Ariados\n|-supereffective|p1a: Ariados\n|-damage|p1a: Ariados|13/100\n|move|p1a: Ariados|Sticky Web|p2a: Veluza\n|-sidestart|p2: p0y1492465e|move: Sticky Web\n|\n|upkeep\n|turn|2\n|inactive|Time left: 300 sec this turn | 300 sec total\n|\n|t:|1783557348\n|move|p1a: Ariados|Sucker Punch|p2a: Veluza\n|-supereffective|p2a: Veluza\n|-damage|p2a: Veluza|150/292\n|move|p2a: Veluza|Psycho Cut|p1a: Ariados\n|-supereffective|p1a: Ariados\n|-damage|p1a: Ariados|0 fnt\n|faint|p1a: Ariados\n|\n|upkeep\n|\n|t:|1783557349\n|switch|p1a: Lycanroc|Lycanroc-Midnight, L89, M|100/100\n|turn|3\n|inactive|Time left: 300 sec this turn | 300 sec total\n|\n|t:|1783557350\n|move|p1a: Lycanroc|Stone Edge|p2a: Veluza\n|-damage|p2a: Veluza|0 fnt\n|faint|p2a: Veluza\n|\n|upkeep\n|inactive|Time left: 300 sec this turn | 300 sec total | 5 sec grace\n|\n|t:|1783557351\n|switch|p2a: Breloom|Breloom, L83, M|235/235\n|-activate|p2a: Breloom|move: Sticky Web\n|-unboost|p2a: Breloom|spe|1\n|turn|4\n|inactive|Time left: 300 sec this turn | 300 sec total\n|\n|t:|1783557353\n|move|p1a: Lycanroc|Stone Edge|p2a: Breloom\n|-resisted|p2a: Breloom\n|-damage|p2a: Breloom|130/235\n|move|p2a: Breloom|Bullet Seed|p1a: Lycanroc\n|-supereffective|p1a: Lycanroc\n|-damage|p1a: Lycanroc|58/100\n|-supereffective|p1a: Lycanroc\n|-damage|p1a: Lycanroc|13/100\n|-supereffective|p1a: Lycanroc\n|-damage|p1a: Lycanroc|0 fnt\n|faint|p1a: Lycanroc\n|-hitcount|p1: Lycanroc|3\n|-damage|p2a: Breloom|107/235|[from] item: Life Orb\n|\n|upkeep\n|\n|t:|1783557353\n|switch|p1a: Tauros|Tauros-Paldea-Combat, L82, M|100/100\n|-ability|p1a: Tauros|Intimidate|boost\n|-unboost|p2a: Breloom|atk|1\n|turn|5\n|inactive|Time left: 300 sec this turn | 300 sec total\n|\n|t:|1783557355\n|switch|p2a: Chimecho|Chimecho, L93, F|290/290\n|move|p1a: Tauros|Close Combat|p2a: Chimecho\n|-resisted|p2a: Chimecho\n|-crit|p2a: Chimecho\n|-damage|p2a: Chimecho|138/290\n|-unboost|p1a: Tauros|def|1\n|-unboost|p1a: Tauros|spd|1\n|\n|-heal|p2a: Chimecho|156/290|[from] item: Leftovers\n|upkeep\n|turn|6\n|inactive|Time left: 300 sec this turn | 300 sec total\n|\n|t:|1783557356\n|switch|p1a: Pyroar|Pyroar, L88, F|100/100\n|-ability|p1a: Pyroar|Unnerve\n|move|p2a: Chimecho|Psychic Noise|p1a: Pyroar\n|-damage|p1a: Pyroar|64/100\n|-start|p1a: Pyroar|move: Heal Block\n|\n|-heal|p2a: Chimecho|174/290|[from] item: Leftovers\n|upkeep\n|turn|7\n|inactive|Time left: 300 sec this turn | 300 sec total\n|\n|t:|1783557357\n|move|p1a: Pyroar|Work Up|p1a: Pyroar\n|-boost|p1a: Pyroar|atk|1\n|-boost|p1a: Pyroar|spa|1\n|move|p2a: Chimecho|Recover|p2a: Chimecho\n|-heal|p2a: Chimecho|290/290\n|\n|-end|p1a: Pyroar|move: Heal Block\n|upkeep\n|turn|8\n|inactive|Time left: 300 sec this turn | 300 sec total\n|\n|t:|1783557358\n|move|p1a: Pyroar|Fire Blast|p2a: Chimecho|[miss]\n|-miss|p1a: Pyroar|p2a: Chimecho\n|move|p2a: Chimecho|Psychic Noise|p1a: Pyroar\n|-damage|p1a: Pyroar|24/100\n|-start|p1a: Pyroar|move: Heal Block\n|\n|upkeep\n|turn|9\n|inactive|Time left: 300 sec this turn | 300 sec total\n|\n|t:|1783557359\n|move|p1a: Pyroar|Fire Blast|p2a: Chimecho\n|-damage|p2a: Chimecho|103/290\n|move|p2a: Chimecho|Psychic Noise|p1a: Pyroar\n|-damage|p1a: Pyroar|0 fnt\n|faint|p1a: Pyroar\n|\n|-heal|p2a: Chimecho|121/290|[from] item: Leftovers\n|upkeep\n|\n|t:|1783557360\n|switch|p1a: Tauros|Tauros-Paldea-Combat, L82, M|100/100\n|-ability|p1a: Tauros|Intimidate|boost\n|-unboost|p2a: Chimecho|atk|1\n|turn|10\n|inactive|Time left: 300 sec this turn | 300 sec total\n|\n|t:|1783557361\n|move|p1a: Tauros|Throat Chop|p2a: Chimecho\n|-supereffective|p2a: Chimecho\n|-damage|p2a: Chimecho|0 fnt\n|faint|p2a: Chimecho\n|\n|upkeep\n|inactive|Time left: 300 sec this turn | 300 sec total | 5 sec grace\n|\n|t:|1783557362\n|switch|p2a: Breloom|Breloom, L83, M|107/235\n|-activate|p2a: Breloom|move: Sticky Web\n|-unboost|p2a: Breloom|spe|1\n|turn|11\n|inactive|Time left: 300 sec this turn | 300 sec total\n|\n|t:|1783557363\n|move|p1a: Tauros|Throat Chop|p2a: Breloom\n|-resisted|p2a: Breloom\n|-damage|p2a: Breloom|60/235\n|-start|p2a: Breloom|Throat Chop|[silent]\n|move|p2a: Breloom|Bullet Seed|p1a: Tauros\n|-damage|p1a: Tauros|78/100\n|-damage|p1a: Tauros|54/100\n|-damage|p1a: Tauros|31/100\n|-hitcount|p1a: Tauros|3\n|-damage|p2a: Breloom|37/235|[from] item: Life Orb\n|\n|upkeep\n|turn|12\n|inactive|Time left: 300 sec this turn | 300 sec total\n|\n|t:|1783557365\n|move|p2a: Breloom|Mach Punch|p1a: Tauros\n|-damage|p1a: Tauros|0 fnt\n|faint|p1a: Tauros\n|-damage|p2a: Breloom|14/235|[from] item: Life Orb\n|\n|-end|p2a: Breloom|Throat Chop|[silent]\n|upkeep\n|\n|t:|1783557366\n|switch|p1a: Giratina|Giratina-Origin, L72|100/100\n|turn|13\n|inactive|Time left: 300 sec this turn | 300 sec total\n|\n|t:|1783557367\n|move|p1a: Giratina|Poltergeist|p2a: Breloom\n|-activate|p2a: Breloom|move: Poltergeist|Life Orb\n|-damage|p2a: Breloom|0 fnt\n|faint|p2a: Breloom\n|\n|upkeep\n|inactive|Time left: 300 sec this turn | 300 sec total | 5 sec grace\n|\n|t:|1783557368\n|switch|p2a: Klawf|Klawf, L90, M|272/272\n|-activate|p2a: Klawf|move: Sticky Web\n|-unboost|p2a: Klawf|spe|1\n|turn|14\n|inactive|Time left: 300 sec this turn | 300 sec total\n|\n|t:|1783557369\n|move|p1a: Giratina|Will-O-Wisp|p2a: Klawf\n|-status|p2a: Klawf|brn\n|move|p2a: Klawf|Swords Dance|p2a: Klawf\n|-boost|p2a: Klawf|atk|2\n|\n|-damage|p2a: Klawf|255/272 brn|[from] brn\n|upkeep\n|turn|15\n|inactive|Time left: 300 sec this turn | 300 sec total\n|\n|t:|1783557370\n|move|p2a: Klawf|Knock Off|p1a: Giratina\n|-supereffective|p1a: Giratina\n|-crit|p1a: Giratina\n|-damage|p1a: Giratina|34/100\n|move|p1a: Giratina|Dragon Tail|p2a: Klawf\n|-damage|p2a: Klawf|207/272 brn\n|drag|p2a: Pawmot|Pawmot, L80, M|243/243\n|-activate|p2a: Pawmot|move: Sticky Web\n|-unboost|p2a: Pawmot|spe|1\n|\n|upkeep\n|turn|16\n|inactive|Time left: 300 sec this turn | 300 sec total\n|\n|t:|1783557372\n|switch|p2a: Klawf|Klawf, L90, M|207/272 brn\n|-activate|p2a: Klawf|move: Sticky Web\n|-unboost|p2a: Klawf|spe|1\n|move|p1a: Giratina|Will-O-Wisp|p2a: Klawf\n|-fail|p2a: Klawf|brn\n|\n|-damage|p2a: Klawf|190/272 brn|[from] brn\n|upkeep\n|turn|17\n|inactive|Time left: 300 sec this turn | 300 sec total\n|\n|t:|1783557373\n|move|p2a: Klawf|Knock Off|p1a: Giratina\n|-supereffective|p1a: Giratina\n|-damage|p1a: Giratina|15/100\n|move|p1a: Giratina|Dragon Tail|p2a: Klawf\n|-damage|p2a: Klawf|133/272 brn\n|-ability|p2a: Klawf|Anger Shell|boost\n|-boost|p2a: Klawf|atk|1\n|-boost|p2a: Klawf|spa|1\n|-boost|p2a: Klawf|spe|1\n|-unboost|p2a: Klawf|def|1\n|-unboost|p2a: Klawf|spd|1\n|drag|p2a: Whiscash|Whiscash, L88, M|337/337\n|-activate|p2a: Whiscash|move: Sticky Web\n|-unboost|p2a: Whiscash|spe|1\n|\n|upkeep\n|turn|18\n|inactive|Time left: 300 sec this turn | 300 sec total\n|\n|t:|1783557374\n|switch|p2a: Klawf|Klawf, L90, M|133/272 brn\n|-activate|p2a: Klawf|move: Sticky Web\n|-unboost|p2a: Klawf|spe|1\n|move|p1a: Giratina|Will-O-Wisp|p2a: Klawf|[miss]\n|-miss|p1a: Giratina|p2a: Klawf\n|\n|-damage|p2a: Klawf|116/272 brn|[from] brn\n|upkeep\n|turn|19\n|inactive|Time left: 300 sec this turn | 300 sec total\n|\n|t:|1783557375\n|move|p1a: Giratina|Draco Meteor|p2a: Klawf\n|-damage|p2a: Klawf|0 fnt\n|-unboost|p1a: Giratina|spa|2\n|faint|p2a: Klawf\n|\n|upkeep\n|inactive|Time left: 300 sec this turn | 300 sec total | 5 sec grace\n|\n|t:|1783557376\n|switch|p2a: Whiscash|Whiscash, L88, M|337/337\n|-activate|p2a: Whiscash|move: Sticky Web\n|-unboost|p2a: Whiscash|spe|1\n|turn|20\n|inactive|Time left: 300 sec this turn | 300 sec total\n|\n|t:|1783557377\n|move|p1a: Giratina|Will-O-Wisp|p2a: Whiscash|[miss]\n|-miss|p1a: Giratina|p2a: Whiscash\n|move|p2a: Whiscash|Dragon Dance|p2a: Whiscash\n|-boost|p2a: Whiscash|atk|1\n|-boost|p2a: Whiscash|spe|1\n|\n|upkeep\n|turn|21\n|inactive|Time left: 300 sec this turn | 300 sec total\n|\n|t:|1783557378\n|move|p1a: Giratina|Will-O-Wisp|p2a: Whiscash|[miss]\n|-miss|p1a: Giratina|p2a: Whiscash\n|move|p2a: Whiscash|Stone Edge|p1a: Giratina|[miss]\n|-miss|p2a: Whiscash|p1a: Giratina\n|\n|upkeep\n|turn|22\n|inactive|Time left: 300 sec this turn | 300 sec total\n|\n|t:|1783557379\n|move|p1a: Giratina|Will-O-Wisp|p2a: Whiscash\n|-status|p2a: Whiscash|brn\n|move|p2a: Whiscash|Stone Edge|p1a: Giratina\n|-damage|p1a: Giratina|0 fnt\n|faint|p1a: Giratina\n|-damage|p2a: Whiscash|304/337 brn|[from] item: Life Orb\n|\n|-damage|p2a: Whiscash|283/337 brn|[from] brn\n|upkeep\n|\n|t:|1783557381\n|switch|p1a: Magcargo|Magcargo, L95, M|100/100\n|turn|23\n|inactive|Time left: 300 sec this turn | 300 sec total\n|\n|t:|1783557382\n|-terastallize|p1a: Magcargo|Dragon\n|move|p2a: Whiscash|Dragon Dance|p2a: Whiscash\n|-boost|p2a: Whiscash|atk|1\n|-boost|p2a: Whiscash|spe|1\n|move|p1a: Magcargo|Lava Plume|p2a: Whiscash\n|-resisted|p2a: Whiscash\n|-damage|p2a: Whiscash|226/337 brn\n|\n|-damage|p2a: Whiscash|205/337 brn|[from] brn\n|upkeep\n|turn|24\n|inactive|Time left: 300 sec this turn | 300 sec total\n|\n|t:|1783557383\n|move|p2a: Whiscash|Dragon Dance|p2a: Whiscash\n|-boost|p2a: Whiscash|atk|1\n|-boost|p2a: Whiscash|spe|1\n|move|p1a: Magcargo|Lava Plume|p2a: Whiscash\n|-resisted|p2a: Whiscash\n|-damage|p2a: Whiscash|147/337 brn\n|\n|-damage|p2a: Whiscash|126/337 brn|[from] brn\n|upkeep\n|turn|25\n|inactive|Time left: 300 sec this turn | 300 sec total\n|\n|t:|1783557384\n|-terastallize|p2a: Whiscash|Ground\n|move|p2a: Whiscash|Earthquake|p1a: Magcargo\n|-damage|p1a: Magcargo|44/100\n|-damage|p2a: Whiscash|93/337 brn|[from] item: Life Orb\n|move|p1a: Magcargo|Recover|p1a: Magcargo\n|-heal|p1a: Magcargo|94/100\n|\n|-damage|p2a: Whiscash|72/337 brn|[from] brn\n|upkeep\n|turn|26\n|inactive|Time left: 300 sec this turn | 300 sec total\n|\n|t:|1783557385\n|move|p2a: Whiscash|Earthquake|p1a: Magcargo\n|-damage|p1a: Magcargo|35/100\n|-damage|p2a: Whiscash|39/337 brn|[from] item: Life Orb\n|move|p1a: Magcargo|Recover|p1a: Magcargo\n|-heal|p1a: Magcargo|85/100\n|\n|-damage|p2a: Whiscash|18/337 brn|[from] brn\n|upkeep\n|turn|27\n|inactive|Time left: 300 sec this turn | 300 sec total\n|\n|t:|1783557386\n|move|p2a: Whiscash|Earthquake|p1a: Magcargo\n|-damage|p1a: Magcargo|30/100\n|-damage|p2a: Whiscash|0 fnt|[from] item: Life Orb\n|faint|p2a: Whiscash\n|move|p1a: Magcargo|Recover|p1a: Magcargo\n|-heal|p1a: Magcargo|80/100\n|\n|upkeep\n|inactive|Time left: 300 sec this turn | 300 sec total | 5 sec grace\n|\n|t:|1783557387\n|switch|p2a: Pawmot|Pawmot, L80, M|243/243\n|-activate|p2a: Pawmot|move: Sticky Web\n|-unboost|p2a: Pawmot|spe|1\n|turn|28\n|inactive|Time left: 300 sec this turn | 300 sec total\n|\n|t:|1783557388\n|move|p2a: Pawmot|Ice Punch|p1a: Magcargo\n|-supereffective|p1a: Magcargo\n|-damage|p1a: Magcargo|34/100\n|-damage|p2a: Pawmot|219/243|[from] item: Life Orb\n|move|p1a: Magcargo|Recover|p1a: Magcargo\n|-heal|p1a: Magcargo|84/100\n|\n|upkeep\n|turn|29\n|inactive|Time left: 300 sec this turn | 300 sec total\n|\n|t:|1783557389\n|move|p2a: Pawmot|Ice Punch|p1a: Magcargo\n|-supereffective|p1a: Magcargo\n|-damage|p1a: Magcargo|38/100\n|-damage|p2a: Pawmot|195/243|[from] item: Life Orb\n|move|p1a: Magcargo|Recover|p1a: Magcargo\n|-heal|p1a: Magcargo|88/100\n|\n|upkeep\n|turn|30\n|inactive|Time left: 300 sec this turn | 300 sec total\n|\n|t:|1783557390\n|move|p2a: Pawmot|Ice Punch|p1a: Magcargo\n|-supereffective|p1a: Magcargo\n|-damage|p1a: Magcargo|42/100\n|-status|p1a: Magcargo|frz\n|-damage|p2a: Pawmot|171/243|[from] item: Life Orb\n|-curestatus|p1a: Magcargo|frz|[msg]\n|move|p1a: Magcargo|Recover|p1a: Magcargo\n|-heal|p1a: Magcargo|92/100\n|\n|upkeep\n|turn|31\n|inactive|Time left: 300 sec this turn | 300 sec total\n|\n|t:|1783557391\n|move|p2a: Pawmot|Ice Punch|p1a: Magcargo\n|-supereffective|p1a: Magcargo\n|-crit|p1a: Magcargo\n|-damage|p1a: Magcargo|20/100\n|-damage|p2a: Pawmot|147/243|[from] item: Life Orb\n|move|p1a: Magcargo|Recover|p1a: Magcargo\n|-heal|p1a: Magcargo|70/100\n|\n|upkeep\n|turn|32\n|inactive|Time left: 300 sec this turn | 300 sec total\n|\n|t:|1783557391\n|move|p2a: Pawmot|Ice Punch|p1a: Magcargo\n|-supereffective|p1a: Magcargo\n|-damage|p1a: Magcargo|23/100\n|-damage|p2a: Pawmot|123/243|[from] item: Life Orb\n|move|p1a: Magcargo|Lava Plume|p2a: Pawmot\n|-damage|p2a: Pawmot|0 fnt\n|faint|p2a: Pawmot\n|\n|win|p0x14925177", "uploadtime": 1783557391, "views": 0, "rating": 0, "private": 0, "password": null, "_winner": "p0x14925177", "_our_name": "p0y1492465e"}