{"id": "battle-gen9randombattle-831", "formatid": "gen9randombattle", "format": "[Gen 9] Random Battle", "players": ["p0x83155d1", "p0y8312f62"], "log": "|init|battle\n|title|p0x83155d1 vs. p0y8312f62\n|j|\u2606p0x83155d1\n|j|\u2606p0y8312f62\n|t:|1783548777\n|gametype|singles\n|player|p1|p0x83155d1|101|\n|player|p2|p0y8312f62|1|\n|gen|9\n|tier|[Gen 9] Random Battle\n|rule|Species Clause: Limit one of each Pok\u00e9mon\n|rule|HP Percentage Mod: HP is shown in percentages\n|rule|Sleep Clause Mod: Limit one foe put to sleep\n|rule|Illusion Level Mod: Illusion disguises the Pok\u00e9mon's true level\n|\n|t:|1783548777\n|teamsize|p1|6\n|teamsize|p2|6\n|start\n|switch|p1a: Gardevoir|Gardevoir, L83, M|249/249\n|switch|p2a: Bellibolt|Bellibolt, L84, M|100/100\n|-ability|p1a: Gardevoir|Electromorphosis|Trace|[from] ability: Trace|[of] p2a: Bellibolt\n|turn|1\n|inactive|Battle timer is ON: inactive players will automatically lose when time's up. (requested by p0x83155d1)\n|inactive|p0y8312f62 also wants the timer to be on.\n|\n|t:|1783548779\n|move|p1a: Gardevoir|Moonblast|p2a: Bellibolt\n|-damage|p2a: Bellibolt|64/100\n|-start|p2a: Bellibolt|Charge|Moonblast|[from] ability: Electromorphosis\n|move|p2a: Bellibolt|Toxic|p1a: Gardevoir\n|-status|p1a: Gardevoir|tox\n|\n|-heal|p2a: Bellibolt|70/100|[from] item: Leftovers\n|-damage|p1a: Gardevoir|234/249 tox|[from] psn\n|upkeep\n|turn|2\n|inactive|Time left: 300 sec this turn | 300 sec total\n|\n|t:|1783548780\n|move|p1a: Gardevoir|Moonblast|p2a: Bellibolt\n|-damage|p2a: Bellibolt|31/100\n|-unboost|p2a: Bellibolt|spa|1\n|-start|p2a: Bellibolt|Charge|Moonblast|[from] ability: Electromorphosis\n|move|p2a: Bellibolt|Thunderbolt|p1a: Gardevoir\n|-damage|p1a: Gardevoir|134/249 tox\n|-start|p1a: Gardevoir|Charge|Thunderbolt|[from] ability: Electromorphosis\n|-end|p2a: Bellibolt|Charge|[silent]\n|\n|-heal|p2a: Bellibolt|38/100|[from] item: Leftovers\n|-damage|p1a: Gardevoir|104/249 tox|[from] psn\n|upkeep\n|turn|3\n|inactive|Time left: 300 sec this turn | 300 sec total\n|\n|t:|1783548782\n|switch|p2a: Chandelure|Chandelure, L83, F|100/100\n|move|p1a: Gardevoir|Moonblast|p2a: Chandelure\n|-resisted|p2a: Chandelure\n|-damage|p2a: Chandelure|76/100\n|\n|-damage|p1a: Gardevoir|59/249 tox|[from] psn\n|upkeep\n|turn|4\n|inactive|Time left: 300 sec this turn | 300 sec total\n|\n|t:|1783548783\n|move|p1a: Gardevoir|Moonblast|p2a: Chandelure\n|-resisted|p2a: Chandelure\n|-damage|p2a: Chandelure|49/100\n|move|p2a: Chandelure|Calm Mind|p2a: Chandelure\n|-boost|p2a: Chandelure|spa|1\n|-boost|p2a: Chandelure|spd|1\n|\n|-damage|p1a: Gardevoir|0 fnt|[from] psn\n|faint|p1a: Gardevoir\n|upkeep\n|inactive|Time left: 300 sec this turn | 300 sec total | 5 sec grace\n|\n|t:|1783548784\n|switch|p1a: Sneasler|Sneasler, L74, M|240/240\n|turn|5\n|inactive|Time left: 300 sec this turn | 300 sec total\n|\n|t:|1783548785\n|move|p1a: Sneasler|Throat Chop|p2a: Chandelure\n|-supereffective|p2a: Chandelure\n|-damage|p2a: Chandelure|0 fnt\n|faint|p2a: Chandelure\n|\n|upkeep\n|\n|t:|1783548786\n|switch|p2a: Ogerpon|Ogerpon-Wellspring, L76, F|100/100\n|turn|6\n|inactive|Time left: 300 sec this turn | 300 sec total\n|\n|t:|1783548788\n|switch|p1a: Brute Bonnet|Brute Bonnet, L80|309/309\n|move|p2a: Ogerpon|Ivy Cudgel|p1a: Brute Bonnet|[anim] Ivy Cudgel Water\n|-resisted|p1a: Brute Bonnet\n|-damage|p1a: Brute Bonnet|254/309\n|\n|-heal|p1a: Brute Bonnet|273/309|[from] item: Leftovers\n|upkeep\n|turn|7\n|inactive|Time left: 300 sec this turn | 300 sec total\n|\n|t:|1783548789\n|move|p2a: Ogerpon|Spikes|p1a: Brute Bonnet\n|-sidestart|p1: p0x83155d1|Spikes\n|move|p1a: Brute Bonnet|Crunch|p2a: Ogerpon\n|-damage|p2a: Ogerpon|58/100\n|-unboost|p2a: Ogerpon|def|1\n|\n|-heal|p1a: Brute Bonnet|292/309|[from] item: Leftovers\n|upkeep\n|turn|8\n|inactive|Time left: 300 sec this turn | 300 sec total\n|\n|t:|1783548790\n|switch|p2a: Brute Bonnet|Brute Bonnet, L80|100/100\n|move|p1a: Brute Bonnet|Crunch|p2a: Brute Bonnet\n|-resisted|p2a: Brute Bonnet\n|-damage|p2a: Brute Bonnet|84/100\n|\n|-heal|p2a: Brute Bonnet|90/100|[from] item: Leftovers\n|-heal|p1a: Brute Bonnet|309/309|[from] item: Leftovers\n|upkeep\n|turn|9\n|inactive|Time left: 300 sec this turn | 300 sec total\n|\n|t:|1783548791\n|move|p2a: Brute Bonnet|Crunch|p1a: Brute Bonnet\n|-resisted|p1a: Brute Bonnet\n|-damage|p1a: Brute Bonnet|262/309\n|move|p1a: Brute Bonnet|Crunch|p2a: Brute Bonnet\n|-resisted|p2a: Brute Bonnet\n|-damage|p2a: Brute Bonnet|76/100\n|-unboost|p2a: Brute Bonnet|def|1\n|\n|-heal|p2a: Brute Bonnet|82/100|[from] item: Leftovers\n|-heal|p1a: Brute Bonnet|281/309|[from] item: Leftovers\n|upkeep\n|turn|10\n|inactive|Time left: 300 sec this turn | 300 sec total\n|\n|t:|1783548792\n|move|p1a: Brute Bonnet|Seed Bomb|p2a: Brute Bonnet\n|-resisted|p2a: Brute Bonnet\n|-damage|p2a: Brute Bonnet|60/100\n|move|p2a: Brute Bonnet|Crunch|p1a: Brute Bonnet\n|-resisted|p1a: Brute Bonnet\n|-damage|p1a: Brute Bonnet|234/309\n|\n|-heal|p2a: Brute Bonnet|67/100|[from] item: Leftovers\n|-heal|p1a: Brute Bonnet|253/309|[from] item: Leftovers\n|upkeep\n|turn|11\n|inactive|Time left: 300 sec this turn | 300 sec total\n|\n|t:|1783548793\n|move|p2a: Brute Bonnet|Crunch|p1a: Brute Bonnet\n|-resisted|p1a: Brute Bonnet\n|-crit|p1a: Brute Bonnet\n|-damage|p1a: Brute Bonnet|181/309\n|move|p1a: Brute Bonnet|Seed Bomb|p2a: Brute Bonnet\n|-resisted|p2a: Brute Bonnet\n|-damage|p2a: Brute Bonnet|44/100\n|\n|-heal|p1a: Brute Bonnet|200/309|[from] item: Leftovers\n|-heal|p2a: Brute Bonnet|50/100|[from] item: Leftovers\n|upkeep\n|turn|12\n|inactive|Time left: 300 sec this turn | 300 sec total\n|\n|t:|1783548794\n|move|p2a: Brute Bonnet|Crunch|p1a: Brute Bonnet\n|-resisted|p1a: Brute Bonnet\n|-damage|p1a: Brute Bonnet|152/309\n|-unboost|p1a: Brute Bonnet|def|1\n|move|p1a: Brute Bonnet|Crunch|p2a: Brute Bonnet\n|-resisted|p2a: Brute Bonnet\n|-damage|p2a: Brute Bonnet|29/100\n|\n|-heal|p2a: Brute Bonnet|35/100|[from] item: Leftovers\n|-heal|p1a: Brute Bonnet|171/309|[from] item: Leftovers\n|upkeep\n|turn|13\n|inactive|Time left: 300 sec this turn | 300 sec total\n|\n|t:|1783548795\n|move|p2a: Brute Bonnet|Seed Bomb|p1a: Brute Bonnet\n|-resisted|p1a: Brute Bonnet\n|-damage|p1a: Brute Bonnet|108/309\n|move|p1a: Brute Bonnet|Seed Bomb|p2a: Brute Bonnet\n|-resisted|p2a: Brute Bonnet\n|-damage|p2a: Brute Bonnet|14/100\n|\n|-heal|p1a: Brute Bonnet|127/309|[from] item: Leftovers\n|-heal|p2a: Brute Bonnet|20/100|[from] item: Leftovers\n|upkeep\n|turn|14\n|inactive|Time left: 300 sec this turn | 300 sec total\n|\n|t:|1783548796\n|move|p1a: Brute Bonnet|Crunch|p2a: Brute Bonnet\n|-resisted|p2a: Brute Bonnet\n|-damage|p2a: Brute Bonnet|0 fnt\n|faint|p2a: Brute Bonnet\n|-end|p2a: Brute Bonnet|Protosynthesis|[silent]\n|\n|-heal|p1a: Brute Bonnet|146/309|[from] item: Leftovers\n|upkeep\n|\n|t:|1783548797\n|switch|p2a: Dragapult|Dragapult, L77, M|100/100\n|turn|15\n|inactive|Time left: 300 sec this turn | 300 sec total\n|\n|t:|1783548798\n|move|p1a: Brute Bonnet|Sucker Punch|p2a: Dragapult\n|-supereffective|p2a: Dragapult\n|-damage|p2a: Dragapult|24/100\n|move|p2a: Dragapult|Dragon Darts|p1a: Brute Bonnet\n|-damage|p1a: Brute Bonnet|52/309\n|-anim|p2a: Dragapult|Dragon Darts|p1a: Brute Bonnet\n|-damage|p1a: Brute Bonnet|0 fnt\n|faint|p1a: Brute Bonnet\n|-end|p1a: Brute Bonnet|Protosynthesis|[silent]\n|-damage|p2a: Dragapult|14/100|[from] item: Life Orb\n|\n|upkeep\n|inactive|Time left: 300 sec this turn | 300 sec total | 5 sec grace\n|\n|t:|1783548799\n|switch|p1a: Houndstone|Houndstone, L86, M|264/264\n|-damage|p1a: Houndstone|231/264|[from] Spikes\n|turn|16\n|inactive|Time left: 300 sec this turn | 300 sec total\n|\n|t:|1783548799\n|-terastallize|p2a: Dragapult|Ghost\n|move|p1a: Houndstone|Shadow Sneak|p2a: Dragapult\n|-supereffective|p2a: Dragapult\n|-damage|p2a: Dragapult|0 fnt\n|faint|p2a: Dragapult\n|\n|upkeep\n|\n|t:|1783548800\n|switch|p2a: Bellibolt|Bellibolt, L84, M|38/100\n|turn|17\n|inactive|Time left: 300 sec this turn | 300 sec total\n|\n|t:|1783548801\n|move|p1a: Houndstone|Poltergeist|p2a: Bellibolt\n|-activate|p2a: Bellibolt|move: Poltergeist|Leftovers\n|-damage|p2a: Bellibolt|1/100\n|-start|p2a: Bellibolt|Charge|Poltergeist|[from] ability: Electromorphosis\n|move|p2a: Bellibolt|Slack Off|p2a: Bellibolt\n|-heal|p2a: Bellibolt|51/100\n|\n|-heal|p2a: Bellibolt|57/100|[from] item: Leftovers\n|upkeep\n|turn|18\n|inactive|Time left: 300 sec this turn | 300 sec total\n|\n|t:|1783548802\n|move|p1a: Houndstone|Poltergeist|p2a: Bellibolt|[miss]\n|-miss|p1a: Houndstone|p2a: Bellibolt\n|move|p2a: Bellibolt|Slack Off|p2a: Bellibolt\n|-heal|p2a: Bellibolt|100/100\n|\n|upkeep\n|turn|19\n|inactive|Time left: 300 sec this turn | 300 sec total\n|\n|t:|1783548803\n|switch|p1a: Blissey|Blissey, L85, F|572/572\n|-damage|p1a: Blissey|501/572|[from] Spikes\n|move|p2a: Bellibolt|Thunderbolt|p1a: Blissey\n|-damage|p1a: Blissey|365/572\n|-end|p2a: Bellibolt|Charge|[silent]\n|\n|-heal|p1a: Blissey|400/572|[from] item: Leftovers\n|upkeep\n|turn|20\n|inactive|Time left: 300 sec this turn | 300 sec total\n|\n|t:|1783548804\n|move|p1a: Blissey|Soft-Boiled|p1a: Blissey\n|-heal|p1a: Blissey|572/572\n|move|p2a: Bellibolt|Toxic|p1a: Blissey\n|-status|p1a: Blissey|tox\n|\n|-damage|p1a: Blissey|537/572 tox|[from] psn\n|upkeep\n|turn|21\n|inactive|Time left: 300 sec this turn | 300 sec total\n|\n|t:|1783548805\n|move|p1a: Blissey|Heal Bell|p1a: Blissey\n|-activate|p1a: Blissey|move: Heal Bell\n|-curestatus|p1a: Blissey|tox|[msg]\n|move|p2a: Bellibolt|Thunderbolt|p1a: Blissey\n|-damage|p1a: Blissey|470/572\n|-status|p1a: Blissey|par\n|\n|-heal|p1a: Blissey|505/572 par|[from] item: Leftovers\n|upkeep\n|turn|22\n|inactive|Time left: 300 sec this turn | 300 sec total\n|\n|t:|1783548805\n|move|p2a: Bellibolt|Thunderbolt|p1a: Blissey\n|-damage|p1a: Blissey|435/572 par\n|move|p1a: Blissey|Seismic Toss|p2a: Bellibolt\n|-damage|p2a: Bellibolt|74/100\n|-start|p2a: Bellibolt|Charge|Seismic Toss|[from] ability: Electromorphosis\n|\n|-heal|p2a: Bellibolt|80/100|[from] item: Leftovers\n|-heal|p1a: Blissey|470/572 par|[from] item: Leftovers\n|upkeep\n|turn|23\n|inactive|Time left: 300 sec this turn | 300 sec total\n|\n|t:|1783548806\n|move|p2a: Bellibolt|Thunderbolt|p1a: Blissey\n|-damage|p1a: Blissey|329/572 par\n|-end|p2a: Bellibolt|Charge|[silent]\n|move|p1a: Blissey|Seismic Toss|p2a: Bellibolt\n|-damage|p2a: Bellibolt|54/100\n|-start|p2a: Bellibolt|Charge|Seismic Toss|[from] ability: Electromorphosis\n|\n|-heal|p2a: Bellibolt|60/100|[from] item: Leftovers\n|-heal|p1a: Blissey|364/572 par|[from] item: Leftovers\n|upkeep\n|turn|24\n|inactive|Time left: 300 sec this turn | 300 sec total\n|\n|t:|1783548807\n|move|p2a: Bellibolt|Thunderbolt|p1a: Blissey\n|-damage|p1a: Blissey|231/572 par\n|-end|p2a: Bellibolt|Charge|[silent]\n|move|p1a: Blissey|Soft-Boiled|p1a: Blissey\n|-heal|p1a: Blissey|517/572 par\n|\n|-heal|p2a: Bellibolt|66/100|[from] item: Leftovers\n|-heal|p1a: Blissey|552/572 par|[from] item: Leftovers\n|upkeep\n|turn|25\n|inactive|Time left: 300 sec this turn | 300 sec total\n|\n|t:|1783548809\n|move|p2a: Bellibolt|Slack Off|p2a: Bellibolt\n|-heal|p2a: Bellibolt|100/100\n|move|p1a: Blissey|Heal Bell|p1a: Blissey\n|-activate|p1a: Blissey|move: Heal Bell\n|-curestatus|p1a: Blissey|par|[msg]\n|\n|-heal|p1a: Blissey|572/572|[from] item: Leftovers\n|upkeep\n|turn|26\n|inactive|Time left: 300 sec this turn | 300 sec total\n|\n|t:|1783548810\n|move|p1a: Blissey|Seismic Toss|p2a: Bellibolt\n|-damage|p2a: Bellibolt|74/100\n|-start|p2a: Bellibolt|Charge|Seismic Toss|[from] ability: Electromorphosis\n|move|p2a: Bellibolt|Toxic|p1a: Blissey\n|-status|p1a: Blissey|tox\n|\n|-heal|p2a: Bellibolt|80/100|[from] item: Leftovers\n|-damage|p1a: Blissey|537/572 tox|[from] psn\n|upkeep\n|turn|27\n|inactive|Time left: 300 sec this turn | 300 sec total\n|\n|t:|1783548811\n|move|p1a: Blissey|Heal Bell|p1a: Blissey\n|-activate|p1a: Blissey|move: Heal Bell\n|-curestatus|p1a: Blissey|tox|[msg]\n|move|p2a: Bellibolt|Thunderbolt|p1a: Blissey\n|-damage|p1a: Blissey|389/572\n|-end|p2a: Bellibolt|Charge|[silent]\n|\n|-heal|p1a: Blissey|424/572|[from] item: Leftovers\n|-heal|p2a: Bellibolt|86/100|[from] item: Leftovers\n|upkeep\n|turn|28\n|inactive|Time left: 300 sec this turn | 300 sec total\n|\n|t:|1783548812\n|move|p1a: Blissey|Seismic Toss|p2a: Bellibolt\n|-damage|p2a: Bellibolt|60/100\n|-start|p2a: Bellibolt|Charge|Seismic Toss|[from] ability: Electromorphosis\n|move|p2a: Bellibolt|Thunderbolt|p1a: Blissey\n|-crit|p1a: Blissey\n|-damage|p1a: Blissey|223/572\n|-end|p2a: Bellibolt|Charge|[silent]\n|\n|-heal|p1a: Blissey|258/572|[from] item: Leftovers\n|-heal|p2a: Bellibolt|66/100|[from] item: Leftovers\n|upkeep\n|turn|29\n|inactive|Time left: 300 sec this turn | 300 sec total\n|\n|t:|1783548813\n|move|p1a: Blissey|Soft-Boiled|p1a: Blissey\n|-heal|p1a: Blissey|544/572\n|move|p2a: Bellibolt|Slack Off|p2a: Bellibolt\n|-heal|p2a: Bellibolt|100/100\n|\n|-heal|p1a: Blissey|572/572|[from] item: Leftovers\n|upkeep\n|turn|30\n|inactive|Time left: 300 sec this turn | 300 sec total\n|\n|t:|1783548814\n|move|p1a: Blissey|Seismic Toss|p2a: Bellibolt\n|-damage|p2a: Bellibolt|74/100\n|-start|p2a: Bellibolt|Charge|Seismic Toss|[from] ability: Electromorphosis\n|move|p2a: Bellibolt|Toxic|p1a: Blissey\n|-status|p1a: Blissey|tox\n|\n|-heal|p2a: Bellibolt|80/100|[from] item: Leftovers\n|-damage|p1a: Blissey|537/572 tox|[from] psn\n|upkeep\n|turn|31\n|inactive|Time left: 300 sec this turn | 300 sec total\n|\n|t:|1783548815\n|move|p1a: Blissey|Heal Bell|p1a: Blissey\n|-activate|p1a: Blissey|move: Heal Bell\n|-curestatus|p1a: Blissey|tox|[msg]\n|move|p2a: Bellibolt|Thunderbolt|p1a: Blissey\n|-damage|p1a: Blissey|404/572\n|-end|p2a: Bellibolt|Charge|[silent]\n|\n|-heal|p1a: Blissey|439/572|[from] item: Leftovers\n|-heal|p2a: Bellibolt|86/100|[from] item: Leftovers\n|upkeep\n|turn|32\n|inactive|Time left: 300 sec this turn | 300 sec total\n|\n|t:|1783548816\n|move|p1a: Blissey|Seismic Toss|p2a: Bellibolt\n|-damage|p2a: Bellibolt|60/100\n|-start|p2a: Bellibolt|Charge|Seismic Toss|[from] ability: Electromorphosis\n|move|p2a: Bellibolt|Toxic|p1a: Blissey\n|-status|p1a: Blissey|tox\n|\n|-heal|p1a: Blissey|474/572 tox|[from] item: Leftovers\n|-heal|p2a: Bellibolt|66/100|[from] item: Leftovers\n|-damage|p1a: Blissey|439/572 tox|[from] psn\n|upkeep\n|turn|33\n|inactive|Time left: 300 sec this turn | 300 sec total\n|\n|t:|1783548817\n|move|p1a: Blissey|Heal Bell|p1a: Blissey\n|-activate|p1a: Blissey|move: Heal Bell\n|-curestatus|p1a: Blissey|tox|[msg]\n|move|p2a: Bellibolt|Thunderbolt|p1a: Blissey\n|-damage|p1a: Blissey|289/572\n|-end|p2a: Bellibolt|Charge|[silent]\n|\n|-heal|p1a: Blissey|324/572|[from] item: Leftovers\n|-heal|p2a: Bellibolt|72/100|[from] item: Leftovers\n|upkeep\n|turn|34\n|inactive|Time left: 300 sec this turn | 300 sec total\n|\n|t:|1783548818\n|move|p1a: Blissey|Soft-Boiled|p1a: Blissey\n|-heal|p1a: Blissey|572/572\n|move|p2a: Bellibolt|Slack Off|p2a: Bellibolt\n|-heal|p2a: Bellibolt|100/100\n|\n|upkeep\n|turn|35\n|inactive|Time left: 300 sec this turn | 300 sec total\n|\n|t:|1783548819\n|move|p1a: Blissey|Seismic Toss|p2a: Bellibolt\n|-damage|p2a: Bellibolt|74/100\n|-start|p2a: Bellibolt|Charge|Seismic Toss|[from] ability: Electromorphosis\n|move|p2a: Bellibolt|Thunderbolt|p1a: Blissey\n|-damage|p1a: Blissey|442/572\n|-end|p2a: Bellibolt|Charge|[silent]\n|\n|-heal|p1a: Blissey|477/572|[from] item: Leftovers\n|-heal|p2a: Bellibolt|80/100|[from] item: Leftovers\n|upkeep\n|turn|36\n|inactive|Time left: 300 sec this turn | 300 sec total\n|\n|t:|1783548820\n|move|p1a: Blissey|Seismic Toss|p2a: Bellibolt\n|-damage|p2a: Bellibolt|54/100\n|-start|p2a: Bellibolt|Charge|Seismic Toss|[from] ability: Electromorphosis\n|move|p2a: Bellibolt|Thunderbolt|p1a: Blissey\n|-damage|p1a: Blissey|327/572\n|-end|p2a: Bellibolt|Charge|[silent]\n|\n|-heal|p1a: Blissey|362/572|[from] item: Leftovers\n|-heal|p2a: Bellibolt|60/100|[from] item: Leftovers\n|upkeep\n|turn|37\n|inactive|Time left: 300 sec this turn | 300 sec total\n|\n|t:|1783548821\n|move|p1a: Blissey|Soft-Boiled|p1a: Blissey\n|-heal|p1a: Blissey|572/572\n|move|p2a: Bellibolt|Slack Off|p2a: Bellibolt\n|-heal|p2a: Bellibolt|100/100\n|\n|upkeep\n|turn|38\n|inactive|Time left: 300 sec this turn | 300 sec total\n|\n|t:|1783548822\n|move|p1a: Blissey|Thunder Wave|p2a: Bellibolt\n|-immune|p2a: Bellibolt\n|move|p2a: Bellibolt|Thunderbolt|p1a: Blissey\n|-damage|p1a: Blissey|505/572\n|-status|p1a: Blissey|par\n|\n|-heal|p1a: Blissey|540/572 par|[from] item: Leftovers\n|upkeep\n|turn|39\n|inactive|Time left: 300 sec this turn | 300 sec total\n|\n|t:|1783548824\n|move|p2a: Bellibolt|Thunderbolt|p1a: Blissey\n|-damage|p1a: Blissey|473/572 par\n|move|p1a: Blissey|Heal Bell|p1a: Blissey\n|-activate|p1a: Blissey|move: Heal Bell\n|-curestatus|p1a: Blissey|par|[msg]\n|\n|-heal|p1a: Blissey|508/572|[from] item: Leftovers\n|upkeep\n|turn|40\n|inactive|Time left: 300 sec this turn | 300 sec total\n|\n|t:|1783548825\n|move|p1a: Blissey|Seismic Toss|p2a: Bellibolt\n|-damage|p2a: Bellibolt|74/100\n|-start|p2a: Bellibolt|Charge|Seismic Toss|[from] ability: Electromorphosis\n|move|p2a: Bellibolt|Toxic|p1a: Blissey\n|-status|p1a: Blissey|tox\n|\n|-heal|p1a: Blissey|543/572 tox|[from] item: Leftovers\n|-heal|p2a: Bellibolt|80/100|[from] item: Leftovers\n|-damage|p1a: Blissey|508/572 tox|[from] psn\n|upkeep\n|turn|41\n|inactive|Time left: 300 sec this turn | 300 sec total\n|\n|t:|1783548826\n|move|p1a: Blissey|Heal Bell|p1a: Blissey\n|-activate|p1a: Blissey|move: Heal Bell\n|-curestatus|p1a: Blissey|tox|[msg]\n|move|p2a: Bellibolt|Thunderbolt|p1a: Blissey\n|-damage|p1a: Blissey|378/572\n|-status|p1a: Blissey|par\n|-end|p2a: Bellibolt|Charge|[silent]\n|\n|-heal|p2a: Bellibolt|86/100|[from] item: Leftovers\n|-heal|p1a: Blissey|413/572 par|[from] item: Leftovers\n|upkeep\n|turn|42\n|inactive|Time left: 300 sec this turn | 300 sec total\n|\n|t:|1783548827\n|move|p2a: Bellibolt|Thunderbolt|p1a: Blissey\n|-damage|p1a: Blissey|344/572 par\n|move|p1a: Blissey|Seismic Toss|p2a: Bellibolt\n|-damage|p2a: Bellibolt|60/100\n|-start|p2a: Bellibolt|Charge|Seismic Toss|[from] ability: Electromorphosis\n|\n|-heal|p2a: Bellibolt|66/100|[from] item: Leftovers\n|-heal|p1a: Blissey|379/572 par|[from] item: Leftovers\n|upkeep\n|turn|43\n|inactive|Time left: 300 sec this turn | 300 sec total\n|\n|t:|1783548828\n|move|p2a: Bellibolt|Thunderbolt|p1a: Blissey\n|-damage|p1a: Blissey|238/572 par\n|-end|p2a: Bellibolt|Charge|[silent]\n|move|p1a: Blissey|Soft-Boiled|p1a: Blissey\n|-heal|p1a: Blissey|524/572 par\n|\n|-heal|p2a: Bellibolt|72/100|[from] item: Leftovers\n|-heal|p1a: Blissey|559/572 par|[from] item: Leftovers\n|upkeep\n|turn|44\n|inactive|Time left: 300 sec this turn | 300 sec total\n|\n|t:|1783548829\n|move|p2a: Bellibolt|Thunderbolt|p1a: Blissey\n|-damage|p1a: Blissey|493/572 par\n|cant|p1a: Blissey|par\n|\n|-heal|p2a: Bellibolt|79/100|[from] item: Leftovers\n|-heal|p1a: Blissey|528/572 par|[from] item: Leftovers\n|upkeep\n|turn|45\n|inactive|Time left: 300 sec this turn | 300 sec total\n|\n|t:|1783548830\n|move|p2a: Bellibolt|Thunderbolt|p1a: Blissey\n|-damage|p1a: Blissey|450/572 par\n|move|p1a: Blissey|Seismic Toss|p2a: Bellibolt\n|-damage|p2a: Bellibolt|52/100\n|-start|p2a: Bellibolt|Charge|Seismic Toss|[from] ability: Electromorphosis\n|\n|-heal|p2a: Bellibolt|58/100|[from] item: Leftovers\n|-heal|p1a: Blissey|485/572 par|[from] item: Leftovers\n|upkeep\n|turn|46\n|inactive|Time left: 300 sec this turn | 300 sec total\n|\n|t:|1783548831\n|move|p2a: Bellibolt|Slack Off|p2a: Bellibolt\n|-heal|p2a: Bellibolt|100/100\n|cant|p1a: Blissey|par\n|\n|-heal|p1a: Blissey|520/572 par|[from] item: Leftovers\n|upkeep\n|turn|47\n|inactive|Time left: 300 sec this turn | 300 sec total\n|\n|t:|1783548832\n|move|p2a: Bellibolt|Thunderbolt|p1a: Blissey\n|-damage|p1a: Blissey|390/572 par\n|-end|p2a: Bellibolt|Charge|[silent]\n|move|p1a: Blissey|Seismic Toss|p2a: Bellibolt\n|-damage|p2a: Bellibolt|74/100\n|-start|p2a: Bellibolt|Charge|Seismic Toss|[from] ability: Electromorphosis\n|\n|-heal|p2a: Bellibolt|80/100|[from] item: Leftovers\n|-heal|p1a: Blissey|425/572 par|[from] item: Leftovers\n|upkeep\n|turn|48\n|inactive|Time left: 300 sec this turn | 300 sec total\n|\n|t:|1783548833\n|move|p2a: Bellibolt|Thunderbolt|p1a: Blissey\n|-damage|p1a: Blissey|284/572 par\n|-end|p2a: Bellibolt|Charge|[silent]\n|move|p1a: Blissey|Seismic Toss|p2a: Bellibolt\n|-damage|p2a: Bellibolt|54/100\n|-start|p2a: Bellibolt|Charge|Seismic Toss|[from] ability: Electromorphosis\n|\n|-heal|p2a: Bellibolt|60/100|[from] item: Leftovers\n|-heal|p1a: Blissey|319/572 par|[from] item: Leftovers\n|upkeep\n|turn|49\n|inactive|Time left: 300 sec this turn | 300 sec total\n|\n|t:|1783548834\n|move|p2a: Bellibolt|Slack Off|p2a: Bellibolt\n|-heal|p2a: Bellibolt|100/100\n|cant|p1a: Blissey|par\n|\n|-heal|p1a: Blissey|354/572 par|[from] item: Leftovers\n|upkeep\n|turn|50\n|inactive|Time left: 300 sec this turn | 300 sec total\n|\n|t:|1783548835\n|move|p2a: Bellibolt|Thunderbolt|p1a: Blissey\n|-damage|p1a: Blissey|222/572 par\n|-end|p2a: Bellibolt|Charge|[silent]\n|move|p1a: Blissey|Soft-Boiled|p1a: Blissey\n|-heal|p1a: Blissey|508/572 par\n|\n|-heal|p1a: Blissey|543/572 par|[from] item: Leftovers\n|upkeep\n|turn|51\n|inactive|Time left: 300 sec this turn | 300 sec total\n|\n|t:|1783548837\n|move|p2a: Bellibolt|Thunderbolt|p1a: Blissey\n|-damage|p1a: Blissey|470/572 par\n|move|p1a: Blissey|Seismic Toss|p2a: Bellibolt\n|-damage|p2a: Bellibolt|74/100\n|-start|p2a: Bellibolt|Charge|Seismic Toss|[from] ability: Electromorphosis\n|\n|-heal|p2a: Bellibolt|80/100|[from] item: Leftovers\n|-heal|p1a: Blissey|505/572 par|[from] item: Leftovers\n|upkeep\n|turn|52\n|inactive|Time left: 300 sec this turn | 300 sec total\n|\n|t:|1783548838\n|move|p2a: Bellibolt|Thunderbolt|p1a: Blissey\n|-damage|p1a: Blissey|367/572 par\n|-end|p2a: Bellibolt|Charge|[silent]\n|cant|p1a: Blissey|par\n|\n|-heal|p2a: Bellibolt|86/100|[from] item: Leftovers\n|-heal|p1a: Blissey|402/572 par|[from] item: Leftovers\n|upkeep\n|turn|53\n|inactive|Time left: 300 sec this turn | 300 sec total\n|\n|t:|1783548839\n|move|p2a: Bellibolt|Muddy Water|p1a: Blissey\n|-damage|p1a: Blissey|358/572 par\n|cant|p1a: Blissey|par\n|\n|-heal|p2a: Bellibolt|93/100|[from] item: Leftovers\n|-heal|p1a: Blissey|393/572 par|[from] item: Leftovers\n|upkeep\n|turn|54\n|inactive|Time left: 300 sec this turn | 300 sec total\n|\n|t:|1783548840\n|-curestatus|p1a: Blissey|par|[from] ability: Natural Cure|[silent]\n|switch|p1a: Sneasler|Sneasler, L74, M|240/240\n|-damage|p1a: Sneasler|210/240|[from] Spikes\n|move|p2a: Bellibolt|Muddy Water|p1a: Sneasler\n|-damage|p1a: Sneasler|125/240\n|\n|-heal|p2a: Bellibolt|99/100|[from] item: Leftovers\n|upkeep\n|turn|55\n|inactive|Time left: 300 sec this turn | 300 sec total\n|\n|t:|1783548841\n|move|p1a: Sneasler|Dire Claw|p2a: Bellibolt\n|-damage|p2a: Bellibolt|61/100\n|-start|p2a: Bellibolt|Charge|Dire Claw|[from] ability: Electromorphosis\n|move|p2a: Bellibolt|Muddy Water|p1a: Sneasler\n|-damage|p1a: Sneasler|41/240\n|\n|-heal|p2a: Bellibolt|68/100|[from] item: Leftovers\n|upkeep\n|turn|56\n|inactive|Time left: 300 sec this turn | 300 sec total\n|\n|t:|1783548843\n|move|p1a: Sneasler|Dire Claw|p2a: Bellibolt\n|-damage|p2a: Bellibolt|27/100\n|-start|p2a: Bellibolt|Charge|Dire Claw|[from] ability: Electromorphosis\n|-status|p2a: Bellibolt|psn|[from] ability: Poison Touch|[of] p1a: Sneasler\n|move|p2a: Bellibolt|Muddy Water|p1a: Sneasler|[miss]\n|-miss|p2a: Bellibolt|p1a: Sneasler\n|\n|-heal|p2a: Bellibolt|33/100 psn|[from] item: Leftovers\n|-damage|p2a: Bellibolt|21/100 psn|[from] psn\n|upkeep\n|turn|57\n|inactive|Time left: 300 sec this turn | 300 sec total\n|\n|t:|1783548844\n|move|p1a: Sneasler|Dire Claw|p2a: Bellibolt\n|-damage|p2a: Bellibolt|0 fnt\n|faint|p2a: Bellibolt\n|\n|upkeep\n|\n|t:|1783548845\n|switch|p2a: Pikachu|Pikachu-Original, L93, M|100/100\n|turn|58\n|inactive|Time left: 300 sec this turn | 300 sec total\n|\n|t:|1783548846\n|move|p2a: Pikachu|Fake Out|p1a: Sneasler\n|-damage|p1a: Sneasler|0 fnt\n|faint|p1a: Sneasler\n|\n|upkeep\n|inactive|Time left: 300 sec this turn | 300 sec total | 5 sec grace\n|\n|t:|1783548847\n|switch|p1a: Houndstone|Houndstone, L86, M|231/264\n|-damage|p1a: Houndstone|198/264|[from] Spikes\n|turn|59\n|inactive|Time left: 300 sec this turn | 300 sec total\n|\n|t:|1783548848\n|move|p2a: Pikachu|Volt Tackle|p1a: Houndstone\n|-damage|p1a: Houndstone|99/264\n|-damage|p2a: Pikachu|85/100|[from] Recoil\n|move|p1a: Houndstone|Poltergeist|p2a: Pikachu\n|-activate|p2a: Pikachu|move: Poltergeist|Light Ball\n|-damage|p2a: Pikachu|0 fnt\n|faint|p2a: Pikachu\n|\n|upkeep\n|\n|t:|1783548849\n|switch|p2a: Ogerpon|Ogerpon-Wellspring, L76, F|58/100\n|turn|60\n|inactive|Time left: 300 sec this turn | 300 sec total\n|\n|t:|1783548850\n|move|p2a: Ogerpon|Ivy Cudgel|p1a: Houndstone|[anim] Ivy Cudgel Water\n|-damage|p1a: Houndstone|0 fnt\n|faint|p1a: Houndstone\n|\n|upkeep\n|inactive|Time left: 300 sec this turn | 300 sec total | 5 sec grace\n|\n|t:|1783548850\n|switch|p1a: Vivillon|Vivillon-Sun, L83, M|268/268\n|turn|61\n|inactive|Time left: 300 sec this turn | 300 sec total\n|\n|t:|1783548851\n|-terastallize|p1a: Vivillon|Flying\n|move|p2a: Ogerpon|Ivy Cudgel|p1a: Vivillon|[anim] Ivy Cudgel Water\n|-damage|p1a: Vivillon|76/268\n|move|p1a: Vivillon|Bug Buzz|p2a: Ogerpon\n|-supereffective|p2a: Ogerpon\n|-crit|p2a: Ogerpon\n|-damage|p2a: Ogerpon|0 fnt\n|faint|p2a: Ogerpon\n|\n|win|p0x83155d1", "uploadtime": 1783548851, "views": 0, "rating": 0, "private": 0, "password": null, "_winner": "p0x83155d1", "_our_name": "p0x83155d1"}