{"id": "battle-gen9randombattle-500", "formatid": "gen9randombattle", "format": "[Gen 9] Random Battle", "players": ["p0x500126d", "p0y5000ebf"], "log": "|init|battle\n|title|p0x500126d vs. p0y5000ebf\n|j|\u2606p0x500126d\n|j|\u2606p0y5000ebf\n|t:|1783545577\n|gametype|singles\n|player|p1|p0x500126d|170|\n|player|p2|p0y5000ebf|1|\n|gen|9\n|tier|[Gen 9] Random Battle\n|rule|Species Clause: Limit one of each Pok\u00e9mon\n|rule|HP Percentage Mod: HP is shown in percentages\n|rule|Sleep Clause Mod: Limit one foe put to sleep\n|rule|Illusion Level Mod: Illusion disguises the Pok\u00e9mon's true level\n|\n|t:|1783545577\n|teamsize|p1|6\n|teamsize|p2|6\n|start\n|switch|p1a: Revavroom|Revavroom, L79, M|256/256\n|switch|p2a: Slowbro|Slowbro, L85, M|100/100\n|turn|1\n|inactive|Battle timer is ON: inactive players will automatically lose when time's up. (requested by p0y5000ebf)\n|inactive|Time left: 300 sec this turn | 300 sec total | 60 sec grace\n|inactive|p0x500126d also wants the timer to be on.\n|\n|t:|1783545578\n|move|p1a: Revavroom|Shift Gear|p1a: Revavroom\n|-boost|p1a: Revavroom|spe|2\n|-boost|p1a: Revavroom|atk|1\n|move|p2a: Slowbro|Scald|p1a: Revavroom\n|-damage|p1a: Revavroom|136/256\n|\n|upkeep\n|turn|2\n|inactive|Time left: 300 sec this turn | 300 sec total\n|\n|t:|1783545580\n|move|p1a: Revavroom|Gunk Shot|p2a: Slowbro\n|-damage|p2a: Slowbro|28/100\n|-damage|p1a: Revavroom|111/256|[from] item: Life Orb\n|move|p2a: Slowbro|Scald|p1a: Revavroom\n|-damage|p1a: Revavroom|0 fnt\n|faint|p1a: Revavroom\n|\n|-heal|p2a: Slowbro|34/100|[from] item: Leftovers\n|upkeep\n|inactive|Time left: 300 sec this turn | 300 sec total | 5 sec grace\n|\n|t:|1783545581\n|switch|p1a: Meowscarada|Meowscarada, L78, M|247/247\n|turn|3\n|inactive|Time left: 300 sec this turn | 300 sec total\n|\n|t:|1783545582\n|switch|p2a: Honchkrow|Honchkrow, L86, F|100/100\n|move|p1a: Meowscarada|Knock Off|p2a: Honchkrow\n|-start|p1a: Meowscarada|typechange|Dark|[from] ability: Protean\n|-resisted|p2a: Honchkrow\n|-damage|p2a: Honchkrow|68/100\n|-enditem|p2a: Honchkrow|Heavy-Duty Boots|[from] move: Knock Off|[of] p1a: Meowscarada\n|\n|upkeep\n|turn|4\n|inactive|Time left: 300 sec this turn | 300 sec total\n|\n|t:|1783545583\n|move|p1a: Meowscarada|Knock Off|p2a: Honchkrow\n|-resisted|p2a: Honchkrow\n|-damage|p2a: Honchkrow|45/100\n|move|p2a: Honchkrow|Brave Bird|p1a: Meowscarada\n|-damage|p1a: Meowscarada|43/247\n|-damage|p2a: Honchkrow|24/100|[from] Recoil\n|\n|upkeep\n|turn|5\n|inactive|Time left: 300 sec this turn | 300 sec total\n|\n|t:|1783545584\n|switch|p1a: Garganacl|Garganacl, L80, M|291/291\n|move|p2a: Honchkrow|Lash Out|p1a: Garganacl\n|-damage|p1a: Garganacl|213/291\n|\n|-heal|p1a: Garganacl|231/291|[from] item: Leftovers\n|upkeep\n|turn|6\n|inactive|Time left: 300 sec this turn | 300 sec total\n|\n|t:|1783545585\n|switch|p2a: Slowbro|Slowbro, L85, M|68/100\n|move|p1a: Garganacl|Salt Cure|p2a: Slowbro\n|-damage|p2a: Slowbro|57/100\n|-start|p2a: Slowbro|Salt Cure\n|\n|-heal|p1a: Garganacl|249/291|[from] item: Leftovers\n|-heal|p2a: Slowbro|63/100|[from] item: Leftovers\n|-damage|p2a: Slowbro|38/100|[from] Salt Cure\n|upkeep\n|turn|7\n|inactive|Time left: 300 sec this turn | 300 sec total\n|\n|t:|1783545586\n|move|p1a: Garganacl|Salt Cure|p2a: Slowbro\n|-damage|p2a: Slowbro|26/100\n|move|p2a: Slowbro|Slack Off|p2a: Slowbro\n|-heal|p2a: Slowbro|76/100\n|\n|-heal|p1a: Garganacl|267/291|[from] item: Leftovers\n|-heal|p2a: Slowbro|82/100|[from] item: Leftovers\n|-damage|p2a: Slowbro|57/100|[from] Salt Cure\n|upkeep\n|turn|8\n|inactive|Time left: 300 sec this turn | 300 sec total\n|\n|t:|1783545587\n|switch|p2a: Camerupt|Camerupt, L91, F|100/100\n|move|p1a: Garganacl|Salt Cure|p2a: Camerupt\n|-damage|p2a: Camerupt|85/100\n|-start|p2a: Camerupt|Salt Cure\n|\n|-heal|p2a: Camerupt|91/100|[from] item: Leftovers\n|-heal|p1a: Garganacl|285/291|[from] item: Leftovers\n|-damage|p2a: Camerupt|79/100|[from] Salt Cure\n|upkeep\n|turn|9\n|inactive|Time left: 300 sec this turn | 300 sec total\n|\n|t:|1783545588\n|move|p2a: Camerupt|Earthquake|p1a: Garganacl\n|-supereffective|p1a: Garganacl\n|-damage|p1a: Garganacl|97/291\n|move|p1a: Garganacl|Salt Cure|p2a: Camerupt\n|-damage|p2a: Camerupt|62/100\n|\n|-heal|p2a: Camerupt|68/100|[from] item: Leftovers\n|-heal|p1a: Garganacl|115/291|[from] item: Leftovers\n|-damage|p2a: Camerupt|56/100|[from] Salt Cure\n|upkeep\n|turn|10\n|inactive|Time left: 300 sec this turn | 300 sec total\n|\n|t:|1783545590\n|move|p1a: Garganacl|Protect|p1a: Garganacl\n|-singleturn|p1a: Garganacl|Protect\n|move|p2a: Camerupt|Earthquake|p1a: Garganacl\n|-activate|p1a: Garganacl|move: Protect\n|\n|-heal|p2a: Camerupt|62/100|[from] item: Leftovers\n|-heal|p1a: Garganacl|133/291|[from] item: Leftovers\n|-damage|p2a: Camerupt|50/100|[from] Salt Cure\n|upkeep\n|turn|11\n|inactive|Time left: 300 sec this turn | 300 sec total\n|\n|t:|1783545591\n|move|p2a: Camerupt|Earthquake|p1a: Garganacl\n|-supereffective|p1a: Garganacl\n|-damage|p1a: Garganacl|0 fnt\n|faint|p1a: Garganacl\n|\n|-heal|p2a: Camerupt|56/100|[from] item: Leftovers\n|-damage|p2a: Camerupt|43/100|[from] Salt Cure\n|upkeep\n|inactive|Time left: 300 sec this turn | 300 sec total | 5 sec grace\n|\n|t:|1783545592\n|switch|p1a: Meowscarada|Meowscarada, L78, M|43/247\n|turn|12\n|inactive|Time left: 300 sec this turn | 300 sec total\n|\n|t:|1783545593\n|switch|p2a: Honchkrow|Honchkrow, L86, F|24/100\n|move|p1a: Meowscarada|Knock Off|p2a: Honchkrow\n|-start|p1a: Meowscarada|typechange|Dark|[from] ability: Protean\n|-resisted|p2a: Honchkrow\n|-damage|p2a: Honchkrow|2/100\n|\n|upkeep\n|turn|13\n|inactive|Time left: 300 sec this turn | 300 sec total\n|\n|t:|1783545594\n|move|p2a: Honchkrow|Sucker Punch|p1a: Meowscarada\n|-resisted|p1a: Meowscarada\n|-damage|p1a: Meowscarada|0 fnt\n|faint|p1a: Meowscarada\n|-ability|p2a: Honchkrow|Moxie|boost\n|-boost|p2a: Honchkrow|atk|1\n|\n|upkeep\n|inactive|Time left: 300 sec this turn | 300 sec total | 5 sec grace\n|\n|t:|1783545595\n|switch|p1a: Spectrier|Spectrier, L75|274/274\n|turn|14\n|inactive|Time left: 300 sec this turn | 300 sec total\n|\n|t:|1783545596\n|move|p2a: Honchkrow|Sucker Punch||[still]\n|-fail|p2a: Honchkrow\n|move|p1a: Spectrier|Substitute|p1a: Spectrier\n|-start|p1a: Spectrier|Substitute\n|-damage|p1a: Spectrier|206/274\n|\n|-heal|p1a: Spectrier|223/274|[from] item: Leftovers\n|upkeep\n|turn|15\n|inactive|Time left: 300 sec this turn | 300 sec total\n|\n|t:|1783545597\n|move|p2a: Honchkrow|Sucker Punch||[still]\n|-fail|p2a: Honchkrow\n|move|p1a: Spectrier|Nasty Plot|p1a: Spectrier\n|-boost|p1a: Spectrier|spa|2\n|\n|-heal|p1a: Spectrier|240/274|[from] item: Leftovers\n|upkeep\n|turn|16\n|inactive|Time left: 300 sec this turn | 300 sec total\n|\n|t:|1783545598\n|move|p2a: Honchkrow|Sucker Punch|p1a: Spectrier\n|-supereffective|p1a: Spectrier\n|-end|p1a: Spectrier|Substitute\n|move|p1a: Spectrier|Dark Pulse|p2a: Honchkrow\n|-resisted|p2a: Honchkrow\n|-crit|p2a: Honchkrow\n|-damage|p2a: Honchkrow|0 fnt\n|faint|p2a: Honchkrow\n|-ability|p1a: Spectrier|Grim Neigh|boost\n|-boost|p1a: Spectrier|spa|1\n|\n|-heal|p1a: Spectrier|257/274|[from] item: Leftovers\n|upkeep\n|\n|t:|1783545599\n|switch|p2a: Mew|Mew, L82|100/100\n|turn|17\n|inactive|Time left: 300 sec this turn | 300 sec total\n|\n|t:|1783545600\n|-terastallize|p2a: Mew|Fighting\n|move|p1a: Spectrier|Shadow Ball|p2a: Mew\n|-damage|p2a: Mew|27/100\n|move|p2a: Mew|Knock Off|p1a: Spectrier\n|-supereffective|p1a: Spectrier\n|-damage|p1a: Spectrier|0 fnt\n|-enditem|p1a: Spectrier|Leftovers|[from] move: Knock Off|[of] p2a: Mew\n|faint|p1a: Spectrier\n|-damage|p2a: Mew|17/100|[from] item: Life Orb\n|\n|upkeep\n|inactive|Time left: 300 sec this turn | 300 sec total | 5 sec grace\n|\n|t:|1783545602\n|switch|p1a: Appletun|Appletun, L92, M|352/352\n|turn|18\n|inactive|Time left: 300 sec this turn | 300 sec total\n|\n|t:|1783545603\n|move|p2a: Mew|Close Combat|p1a: Appletun\n|-damage|p1a: Appletun|195/352\n|-unboost|p2a: Mew|def|1\n|-unboost|p2a: Mew|spd|1\n|-damage|p2a: Mew|7/100|[from] item: Life Orb\n|move|p1a: Appletun|Apple Acid|p2a: Mew\n|-damage|p2a: Mew|0 fnt\n|faint|p2a: Mew\n|\n|-heal|p1a: Appletun|217/352|[from] item: Leftovers\n|upkeep\n|\n|t:|1783545604\n|switch|p2a: Pikachu|Pikachu-Partner, L93, F|100/100\n|turn|19\n|inactive|Time left: 300 sec this turn | 300 sec total\n|\n|t:|1783545605\n|move|p2a: Pikachu|Fake Out|p1a: Appletun\n|-damage|p1a: Appletun|171/352\n|cant|p1a: Appletun|flinch\n|\n|-heal|p1a: Appletun|193/352|[from] item: Leftovers\n|upkeep\n|turn|20\n|inactive|Time left: 300 sec this turn | 300 sec total\n|\n|t:|1783545605\n|switch|p2a: Camerupt|Camerupt, L91, F|43/100\n|move|p1a: Appletun|Apple Acid|p2a: Camerupt\n|-damage|p2a: Camerupt|7/100\n|-unboost|p2a: Camerupt|spd|1\n|\n|-heal|p2a: Camerupt|13/100|[from] item: Leftovers\n|-heal|p1a: Appletun|215/352|[from] item: Leftovers\n|upkeep\n|turn|21\n|inactive|Time left: 300 sec this turn | 300 sec total\n|\n|t:|1783545606\n|move|p2a: Camerupt|Stealth Rock|p1a: Appletun\n|-sidestart|p1: p0x500126d|move: Stealth Rock\n|move|p1a: Appletun|Apple Acid|p2a: Camerupt\n|-damage|p2a: Camerupt|0 fnt\n|faint|p2a: Camerupt\n|\n|-heal|p1a: Appletun|237/352|[from] item: Leftovers\n|upkeep\n|\n|t:|1783545607\n|switch|p2a: Slowbro|Slowbro, L85, M|91/100\n|turn|22\n|inactive|Time left: 300 sec this turn | 300 sec total\n|\n|t:|1783545608\n|move|p1a: Appletun|Apple Acid|p2a: Slowbro\n|-supereffective|p2a: Slowbro\n|-damage|p2a: Slowbro|16/100\n|-unboost|p2a: Slowbro|spd|1\n|move|p2a: Slowbro|Thunder Wave|p1a: Appletun|[miss]\n|-miss|p2a: Slowbro|p1a: Appletun\n|\n|-heal|p1a: Appletun|259/352|[from] item: Leftovers\n|-heal|p2a: Slowbro|22/100|[from] item: Leftovers\n|upkeep\n|turn|23\n|inactive|Time left: 300 sec this turn | 300 sec total\n|\n|t:|1783545609\n|switch|p2a: Pikachu|Pikachu-Partner, L93, F|100/100\n|move|p1a: Appletun|Apple Acid|p2a: Pikachu\n|-damage|p2a: Pikachu|33/100\n|-unboost|p2a: Pikachu|spd|1\n|\n|-heal|p1a: Appletun|281/352|[from] item: Leftovers\n|upkeep\n|turn|24\n|inactive|Time left: 300 sec this turn | 300 sec total\n|\n|t:|1783545610\n|move|p2a: Pikachu|Fake Out|p1a: Appletun\n|-damage|p1a: Appletun|236/352\n|cant|p1a: Appletun|flinch\n|\n|-heal|p1a: Appletun|258/352|[from] item: Leftovers\n|upkeep\n|turn|25\n|inactive|Time left: 300 sec this turn | 300 sec total\n|\n|t:|1783545610\n|move|p2a: Pikachu|Volt Switch|p1a: Appletun\n|-resisted|p1a: Appletun\n|-damage|p1a: Appletun|231/352\n|\n|t:|1783545611\n|switch|p2a: Regieleki|Regieleki, L79|100/100|[from] Volt Switch\n|move|p1a: Appletun|Apple Acid|p2a: Regieleki\n|-damage|p2a: Regieleki|43/100\n|-unboost|p2a: Regieleki|spd|1\n|\n|-heal|p1a: Appletun|253/352|[from] item: Leftovers\n|upkeep\n|turn|26\n|inactive|Time left: 300 sec this turn | 300 sec total\n|\n|t:|1783545612\n|move|p2a: Regieleki|Explosion|p1a: Appletun\n|-damage|p1a: Appletun|92/352\n|faint|p2a: Regieleki\n|move|p1a: Appletun|Apple Acid|p2: Regieleki|[notarget]\n|-fail|p1a: Appletun\n|\n|-heal|p1a: Appletun|114/352|[from] item: Leftovers\n|upkeep\n|\n|t:|1783545613\n|switch|p2a: Pikachu|Pikachu-Partner, L93, F|33/100\n|turn|27\n|inactive|Time left: 300 sec this turn | 300 sec total\n|\n|t:|1783545614\n|move|p2a: Pikachu|Fake Out|p1a: Appletun\n|-damage|p1a: Appletun|70/352\n|cant|p1a: Appletun|flinch\n|\n|-heal|p1a: Appletun|92/352|[from] item: Leftovers\n|upkeep\n|turn|28\n|inactive|Time left: 300 sec this turn | 300 sec total\n|\n|t:|1783545615\n|move|p2a: Pikachu|Volt Switch|p1a: Appletun\n|-resisted|p1a: Appletun\n|-damage|p1a: Appletun|64/352\n|\n|t:|1783545616\n|switch|p2a: Slowbro|Slowbro, L85, M|55/100|[from] Volt Switch\n|move|p1a: Appletun|Apple Acid|p2a: Slowbro\n|-supereffective|p2a: Slowbro\n|-crit|p2a: Slowbro\n|-damage|p2a: Slowbro|0 fnt\n|faint|p2a: Slowbro\n|\n|-heal|p1a: Appletun|86/352|[from] item: Leftovers\n|upkeep\n|\n|t:|1783545616\n|switch|p2a: Pikachu|Pikachu-Partner, L93, F|33/100\n|turn|29\n|inactive|Time left: 300 sec this turn | 300 sec total\n|\n|t:|1783545617\n|move|p2a: Pikachu|Fake Out|p1a: Appletun\n|-damage|p1a: Appletun|39/352\n|cant|p1a: Appletun|flinch\n|\n|-heal|p1a: Appletun|61/352|[from] item: Leftovers\n|upkeep\n|turn|30\n|inactive|Time left: 300 sec this turn | 300 sec total\n|\n|t:|1783545618\n|-terastallize|p1a: Appletun|Steel\n|move|p2a: Pikachu|Surf|p1a: Appletun\n|-damage|p1a: Appletun|0 fnt\n|faint|p1a: Appletun\n|\n|upkeep\n|inactive|Time left: 300 sec this turn | 300 sec total | 5 sec grace\n|\n|t:|1783545619\n|switch|p1a: Jirachi|Jirachi, L80|291/291\n|-damage|p1a: Jirachi|273/291|[from] Stealth Rock\n|turn|31\n|inactive|Time left: 300 sec this turn | 300 sec total\n|\n|t:|1783545620\n|move|p2a: Pikachu|Volt Tackle|p1a: Jirachi\n|-damage|p1a: Jirachi|87/291\n|-damage|p2a: Pikachu|5/100|[from] Recoil\n|move|p1a: Jirachi|Drain Punch|p2a: Pikachu\n|-damage|p2a: Pikachu|0 fnt\n|-heal|p1a: Jirachi|92/291|[from] drain|[of] p2a: Pikachu\n|faint|p2a: Pikachu\n|\n|win|p0x500126d", "uploadtime": 1783545620, "views": 0, "rating": 0, "private": 0, "password": null, "_winner": "p0x500126d", "_our_name": "p0x500126d"}