{"id": "battle-gen9randombattle-1241", "formatid": "gen9randombattle", "format": "[Gen 9] Random Battle", "players": ["p0x12416cfe", "p0y1241eb9b"], "log": "|init|battle\n|title|p0x12416cfe vs. p0y1241eb9b\n|j|\u2606p0x12416cfe\n|j|\u2606p0y1241eb9b\n|t:|1783554368\n|gametype|singles\n|player|p1|p0x12416cfe|102|\n|player|p2|p0y1241eb9b|101|\n|gen|9\n|tier|[Gen 9] Random Battle\n|rule|Species Clause: Limit one of each Pok\u00e9mon\n|rule|HP Percentage Mod: HP is shown in percentages\n|rule|Sleep Clause Mod: Limit one foe put to sleep\n|rule|Illusion Level Mod: Illusion disguises the Pok\u00e9mon's true level\n|\n|t:|1783554368\n|teamsize|p1|6\n|teamsize|p2|6\n|start\n|switch|p1a: Rotom|Rotom-Fan, L86|100/100\n|switch|p2a: Luxray|Luxray, L88, M|283/283\n|turn|1\n|inactive|Battle timer is ON: inactive players will automatically lose when time's up. (requested by p0y1241eb9b)\n|inactive|p0x12416cfe also wants the timer to be on.\n|\n|t:|1783554370\n|move|p1a: Rotom|Thunderbolt|p2a: Luxray\n|-resisted|p2a: Luxray\n|-damage|p2a: Luxray|228/283\n|move|p2a: Luxray|Supercell Slam|p1a: Rotom\n|-damage|p1a: Rotom|54/100\n|\n|-status|p2a: Luxray|brn|[from] item: Flame Orb\n|upkeep\n|turn|2\n|inactive|Time left: 300 sec this turn | 300 sec total\n|\n|t:|1783554371\n|move|p1a: Rotom|Volt Switch|p2a: Luxray\n|-resisted|p2a: Luxray\n|-damage|p2a: Luxray|186/283 brn\n|\n|t:|1783554372\n|switch|p1a: Overqwil|Overqwil, L82, M|100/100|[from] Volt Switch\n|-ability|p1a: Overqwil|Intimidate|boost\n|-unboost|p2a: Luxray|atk|1\n|move|p2a: Luxray|Supercell Slam|p1a: Overqwil\n|-damage|p1a: Overqwil|51/100\n|\n|-damage|p2a: Luxray|169/283 brn|[from] brn\n|upkeep\n|turn|3\n|inactive|Time left: 300 sec this turn | 300 sec total\n|\n|t:|1783554374\n|switch|p2a: Girafarig|Girafarig, L89, F|269/269\n|move|p1a: Overqwil|Gunk Shot|p2a: Girafarig|[miss]\n|-miss|p1a: Overqwil|p2a: Girafarig\n|\n|upkeep\n|turn|4\n|inactive|Time left: 300 sec this turn | 300 sec total\n|\n|t:|1783554375\n|move|p2a: Girafarig|Nasty Plot|p2a: Girafarig\n|-boost|p2a: Girafarig|spa|2\n|move|p1a: Overqwil|Gunk Shot|p2a: Girafarig\n|-damage|p2a: Girafarig|107/269\n|\n|upkeep\n|turn|5\n|inactive|Time left: 300 sec this turn | 300 sec total\n|\n|t:|1783554376\n|switch|p1a: Necrozma|Necrozma-Dusk-Mane, L69|100/100\n|move|p2a: Girafarig|Hyper Voice|p1a: Necrozma\n|-resisted|p1a: Necrozma\n|-damage|p1a: Necrozma|60/100\n|\n|upkeep\n|turn|6\n|inactive|Time left: 300 sec this turn | 300 sec total\n|\n|t:|1783554377\n|move|p2a: Girafarig|Thunderbolt|p1a: Necrozma\n|-crit|p1a: Necrozma\n|-damage|p1a: Necrozma|0 fnt\n|faint|p1a: Necrozma\n|\n|upkeep\n|\n|t:|1783554378\n|switch|p1a: Malamar|Malamar, L82, M|100/100\n|turn|7\n|inactive|Time left: 300 sec this turn | 300 sec total\n|\n|t:|1783554379\n|-terastallize|p2a: Girafarig|Normal\n|move|p2a: Girafarig|Hyper Voice|p1a: Malamar\n|-damage|p1a: Malamar|0 fnt\n|faint|p1a: Malamar\n|\n|upkeep\n|\n|t:|1783554380\n|switch|p1a: Chesnaught|Chesnaught, L84, F|100/100\n|turn|8\n|inactive|Time left: 300 sec this turn | 300 sec total\n|\n|t:|1783554381\n|-terastallize|p1a: Chesnaught|Steel\n|move|p2a: Girafarig|Hyper Voice|p1a: Chesnaught\n|-resisted|p1a: Chesnaught\n|-damage|p1a: Chesnaught|52/100\n|move|p1a: Chesnaught|Body Press|p2a: Girafarig\n|-supereffective|p2a: Girafarig\n|-damage|p2a: Girafarig|0 fnt\n|faint|p2a: Girafarig\n|\n|-heal|p1a: Chesnaught|58/100|[from] item: Leftovers\n|upkeep\n|inactive|Time left: 300 sec this turn | 300 sec total | 5 sec grace\n|\n|t:|1783554382\n|switch|p2a: Dugtrio|Dugtrio, L84, F|196/196\n|turn|9\n|inactive|Time left: 300 sec this turn | 300 sec total\n|\n|t:|1783554383\n|move|p2a: Dugtrio|Earthquake|p1a: Chesnaught\n|-supereffective|p1a: Chesnaught\n|-damage|p1a: Chesnaught|0 fnt\n|faint|p1a: Chesnaught\n|-damage|p2a: Dugtrio|177/196|[from] item: Life Orb\n|\n|upkeep\n|\n|t:|1783554384\n|switch|p1a: Tropius|Tropius, L91, F|100/100\n|turn|10\n|inactive|Time left: 300 sec this turn | 300 sec total\n|\n|t:|1783554385\n|move|p2a: Dugtrio|Swords Dance|p2a: Dugtrio\n|-boost|p2a: Dugtrio|atk|2\n|move|p1a: Tropius|Air Slash|p2a: Dugtrio\n|-damage|p2a: Dugtrio|92/196\n|\n|upkeep\n|turn|11\n|inactive|Time left: 300 sec this turn | 300 sec total\n|\n|t:|1783554386\n|move|p2a: Dugtrio|Stone Edge|p1a: Tropius\n|-supereffective|p1a: Tropius\n|-damage|p1a: Tropius|0 fnt\n|faint|p1a: Tropius\n|-damage|p2a: Dugtrio|73/196|[from] item: Life Orb\n|\n|upkeep\n|\n|t:|1783554388\n|switch|p1a: Overqwil|Overqwil, L82, M|51/100\n|-ability|p1a: Overqwil|Intimidate|boost\n|-unboost|p2a: Dugtrio|atk|1\n|turn|12\n|inactive|Time left: 300 sec this turn | 300 sec total\n|\n|t:|1783554388\n|move|p1a: Overqwil|Aqua Jet|p2a: Dugtrio\n|-supereffective|p2a: Dugtrio\n|-damage|p2a: Dugtrio|0 fnt\n|faint|p2a: Dugtrio\n|\n|upkeep\n|inactive|Time left: 300 sec this turn | 300 sec total | 5 sec grace\n|\n|t:|1783554390\n|switch|p2a: Zangoose|Zangoose, L85, F|263/263\n|turn|13\n|inactive|Time left: 300 sec this turn | 300 sec total\n|\n|t:|1783554390\n|move|p1a: Overqwil|Aqua Jet|p2a: Zangoose\n|-damage|p2a: Zangoose|204/263\n|move|p2a: Zangoose|Swords Dance|p2a: Zangoose\n|-boost|p2a: Zangoose|atk|2\n|\n|-status|p2a: Zangoose|tox|[from] item: Toxic Orb\n|upkeep\n|turn|14\n|inactive|Time left: 300 sec this turn | 300 sec total\n|\n|t:|1783554392\n|move|p1a: Overqwil|Aqua Jet|p2a: Zangoose\n|-damage|p2a: Zangoose|144/263 tox\n|move|p2a: Zangoose|Facade|p1a: Overqwil\n|-damage|p1a: Overqwil|0 fnt\n|faint|p1a: Overqwil\n|\n|-damage|p2a: Zangoose|128/263 tox|[from] psn\n|upkeep\n|\n|t:|1783554392\n|switch|p1a: Rotom|Rotom-Fan, L86|54/100\n|turn|15\n|inactive|Time left: 300 sec this turn | 300 sec total\n|\n|t:|1783554393\n|move|p2a: Zangoose|Knock Off|p1a: Rotom\n|-damage|p1a: Rotom|0 fnt\n|-enditem|p1a: Rotom|Heavy-Duty Boots|[from] move: Knock Off|[of] p2a: Zangoose\n|faint|p1a: Rotom\n|\n|win|p0y1241eb9b", "uploadtime": 1783554393, "views": 0, "rating": 0, "private": 0, "password": null, "_winner": "p0y1241eb9b", "_our_name": "p0y1241eb9b"}