{"id": "battle-gen9randombattle-2070", "formatid": "gen9randombattle", "format": "[Gen 9] Random Battle", "players": ["p0x207006d5", "p0y2070298a"], "log": "|init|battle\n|title|p0x207006d5 vs. p0y2070298a\n|j|\u2606p0x207006d5\n|j|\u2606p0y2070298a\n|t:|1783563168\n|gametype|singles\n|player|p1|p0x207006d5|101|\n|player|p2|p0y2070298a|170|\n|gen|9\n|tier|[Gen 9] Random Battle\n|rule|Species Clause: Limit one of each Pok\u00e9mon\n|rule|HP Percentage Mod: HP is shown in percentages\n|rule|Sleep Clause Mod: Limit one foe put to sleep\n|rule|Illusion Level Mod: Illusion disguises the Pok\u00e9mon's true level\n|\n|t:|1783563168\n|teamsize|p1|6\n|teamsize|p2|6\n|start\n|switch|p1a: Slither Wing|Slither Wing, L81|270/270\n|switch|p2a: Delphox|Delphox, L84, F|100/100\n|turn|1\n|inactive|Battle timer is ON: inactive players will automatically lose when time's up. (requested by p0x207006d5)\n|inactive|p0y2070298a also wants the timer to be on.\n|\n|t:|1783563170\n|-end|p1a: Slither Wing|Protosynthesis|[silent]\n|switch|p1a: Dipplin|Dipplin, L88, M|284/284\n|move|p2a: Delphox|Fire Blast|p1a: Dipplin\n|-damage|p1a: Dipplin|197/284\n|\n|upkeep\n|turn|2\n|inactive|Time left: 300 sec this turn | 300 sec total\n|\n|t:|1783563171\n|move|p2a: Delphox|Nasty Plot|p2a: Delphox\n|-boost|p2a: Delphox|spa|2\n|move|p1a: Dipplin|Dragon Tail|p2a: Delphox\n|-damage|p2a: Delphox|73/100\n|drag|p2a: Iron Hands|Iron Hands, L79|100/100\n|\n|upkeep\n|turn|3\n|inactive|Time left: 300 sec this turn | 300 sec total\n|\n|t:|1783563173\n|move|p2a: Iron Hands|Fake Out|p1a: Dipplin\n|-damage|p1a: Dipplin|178/284\n|cant|p1a: Dipplin|flinch\n|\n|upkeep\n|turn|4\n|inactive|Time left: 300 sec this turn | 300 sec total\n|\n|t:|1783563174\n|-end|p2a: Iron Hands|Quark Drive|[silent]\n|switch|p2a: Fezandipiti|Fezandipiti, L82, M|100/100\n|move|p1a: Dipplin|Recover|p1a: Dipplin\n|-heal|p1a: Dipplin|284/284\n|\n|upkeep\n|turn|5\n|inactive|Time left: 300 sec this turn | 300 sec total\n|\n|t:|1783563175\n|switch|p1a: Regirock|Regirock, L83|268/268\n|move|p2a: Fezandipiti|Swords Dance|p2a: Fezandipiti\n|-boost|p2a: Fezandipiti|atk|2\n|\n|upkeep\n|turn|6\n|inactive|Time left: 300 sec this turn | 300 sec total\n|\n|t:|1783563176\n|move|p2a: Fezandipiti|Gunk Shot|p1a: Regirock\n|-resisted|p1a: Regirock\n|-damage|p1a: Regirock|213/268\n|move|p1a: Regirock|Iron Defense|p1a: Regirock\n|-boost|p1a: Regirock|def|2\n|\n|-heal|p1a: Regirock|229/268|[from] item: Leftovers\n|upkeep\n|turn|7\n|inactive|Time left: 300 sec this turn | 300 sec total\n|\n|t:|1783563177\n|move|p2a: Fezandipiti|Gunk Shot|p1a: Regirock\n|-resisted|p1a: Regirock\n|-damage|p1a: Regirock|201/268\n|-status|p1a: Regirock|tox|[from] ability: Toxic Chain|[of] p2a: Fezandipiti\n|move|p1a: Regirock|Thunder Wave|p2a: Fezandipiti\n|-status|p2a: Fezandipiti|par\n|\n|-heal|p1a: Regirock|217/268 tox|[from] item: Leftovers\n|-damage|p1a: Regirock|201/268 tox|[from] psn\n|upkeep\n|turn|8\n|inactive|Time left: 300 sec this turn | 300 sec total\n|\n|t:|1783563178\n|move|p1a: Regirock|Stone Edge|p2a: Fezandipiti|[miss]\n|-miss|p1a: Regirock|p2a: Fezandipiti\n|cant|p2a: Fezandipiti|par\n|\n|-heal|p1a: Regirock|217/268 tox|[from] item: Leftovers\n|-damage|p1a: Regirock|185/268 tox|[from] psn\n|upkeep\n|turn|9\n|inactive|Time left: 300 sec this turn | 300 sec total\n|\n|t:|1783563179\n|move|p1a: Regirock|Stone Edge|p2a: Fezandipiti\n|-crit|p2a: Fezandipiti\n|-damage|p2a: Fezandipiti|39/100 par\n|move|p2a: Fezandipiti|Gunk Shot|p1a: Regirock|[miss]\n|-miss|p2a: Fezandipiti|p1a: Regirock\n|\n|-heal|p1a: Regirock|201/268 tox|[from] item: Leftovers\n|-heal|p2a: Fezandipiti|45/100 par|[from] item: Leftovers\n|-damage|p1a: Regirock|153/268 tox|[from] psn\n|upkeep\n|turn|10\n|inactive|Time left: 300 sec this turn | 300 sec total\n|\n|t:|1783563180\n|move|p1a: Regirock|Stone Edge|p2a: Fezandipiti\n|-damage|p2a: Fezandipiti|3/100 par\n|cant|p2a: Fezandipiti|par\n|\n|-heal|p1a: Regirock|169/268 tox|[from] item: Leftovers\n|-heal|p2a: Fezandipiti|9/100 par|[from] item: Leftovers\n|-damage|p1a: Regirock|105/268 tox|[from] psn\n|upkeep\n|turn|11\n|inactive|Time left: 300 sec this turn | 300 sec total\n|\n|t:|1783563181\n|move|p1a: Regirock|Body Press|p2a: Fezandipiti\n|-resisted|p2a: Fezandipiti\n|-damage|p2a: Fezandipiti|0 fnt\n|faint|p2a: Fezandipiti\n|\n|-heal|p1a: Regirock|121/268 tox|[from] item: Leftovers\n|-damage|p1a: Regirock|41/268 tox|[from] psn\n|upkeep\n|\n|t:|1783563182\n|switch|p2a: Walking Wake|Walking Wake, L79|100/100\n|turn|12\n|inactive|Time left: 300 sec this turn | 300 sec total\n|\n|t:|1783563182\n|move|p2a: Walking Wake|Flamethrower|p1a: Regirock\n|-resisted|p1a: Regirock\n|-damage|p1a: Regirock|0 fnt\n|faint|p1a: Regirock\n|\n|upkeep\n|inactive|Time left: 300 sec this turn | 300 sec total | 5 sec grace\n|\n|t:|1783563183\n|switch|p1a: Pelipper|Pelipper, L86, M|243/243\n|-weather|RainDance|[from] ability: Drizzle|[of] p1a: Pelipper\n|turn|13\n|inactive|Time left: 300 sec this turn | 300 sec total\n|\n|t:|1783563184\n|-end|p2a: Walking Wake|Protosynthesis|[silent]\n|switch|p2a: Iron Hands|Iron Hands, L79|100/100\n|move|p1a: Pelipper|Hurricane|p2a: Iron Hands\n|-damage|p2a: Iron Hands|74/100\n|\n|-weather|RainDance|[upkeep]\n|upkeep\n|turn|14\n|inactive|Time left: 300 sec this turn | 300 sec total\n|\n|t:|1783563185\n|switch|p1a: Dipplin|Dipplin, L88, M|284/284\n|move|p2a: Iron Hands|Wild Charge|p1a: Dipplin\n|-resisted|p1a: Dipplin\n|-damage|p1a: Dipplin|269/284\n|-damage|p2a: Iron Hands|73/100|[from] Recoil\n|\n|-weather|RainDance|[upkeep]\n|upkeep\n|turn|15\n|inactive|Time left: 300 sec this turn | 300 sec total\n|\n|t:|1783563186\n|move|p2a: Iron Hands|Drain Punch|p1a: Dipplin\n|-damage|p1a: Dipplin|212/284\n|-heal|p2a: Iron Hands|80/100|[from] drain|[of] p1a: Dipplin\n|move|p1a: Dipplin|Dragon Pulse|p2a: Iron Hands\n|-damage|p2a: Iron Hands|58/100\n|\n|-weather|RainDance|[upkeep]\n|upkeep\n|turn|16\n|inactive|Time left: 300 sec this turn | 300 sec total\n|\n|t:|1783563187\n|move|p2a: Iron Hands|Drain Punch|p1a: Dipplin\n|-damage|p1a: Dipplin|157/284\n|-heal|p2a: Iron Hands|65/100|[from] drain|[of] p1a: Dipplin\n|move|p1a: Dipplin|Dragon Pulse|p2a: Iron Hands\n|-damage|p2a: Iron Hands|41/100\n|\n|-weather|RainDance|[upkeep]\n|upkeep\n|turn|17\n|inactive|Time left: 300 sec this turn | 300 sec total\n|\n|t:|1783563188\n|move|p2a: Iron Hands|Drain Punch|p1a: Dipplin\n|-damage|p1a: Dipplin|103/284\n|-heal|p2a: Iron Hands|48/100|[from] drain|[of] p1a: Dipplin\n|move|p1a: Dipplin|Recover|p1a: Dipplin\n|-heal|p1a: Dipplin|245/284\n|\n|-weather|none\n|upkeep\n|turn|18\n|inactive|Time left: 300 sec this turn | 300 sec total\n|\n|t:|1783563189\n|move|p2a: Iron Hands|Drain Punch|p1a: Dipplin\n|-damage|p1a: Dipplin|197/284\n|-heal|p2a: Iron Hands|55/100|[from] drain|[of] p1a: Dipplin\n|move|p1a: Dipplin|Giga Drain|p2a: Iron Hands\n|-damage|p2a: Iron Hands|35/100\n|-heal|p1a: Dipplin|234/284|[from] drain|[of] p2a: Iron Hands\n|\n|upkeep\n|turn|19\n|inactive|Time left: 300 sec this turn | 300 sec total\n|\n|t:|1783563190\n|move|p2a: Iron Hands|Drain Punch|p1a: Dipplin\n|-damage|p1a: Dipplin|179/284\n|-heal|p2a: Iron Hands|43/100|[from] drain|[of] p1a: Dipplin\n|move|p1a: Dipplin|Giga Drain|p2a: Iron Hands\n|-damage|p2a: Iron Hands|24/100\n|-heal|p1a: Dipplin|214/284|[from] drain|[of] p2a: Iron Hands\n|\n|upkeep\n|turn|20\n|inactive|Time left: 300 sec this turn | 300 sec total\n|\n|t:|1783563191\n|-end|p2a: Iron Hands|Quark Drive|[silent]\n|switch|p2a: Wigglytuff|Wigglytuff, L96, M|100/100\n|move|p1a: Dipplin|Giga Drain|p2a: Wigglytuff\n|-damage|p2a: Wigglytuff|71/100\n|-heal|p1a: Dipplin|276/284|[from] drain|[of] p2a: Wigglytuff\n|\n|-heal|p2a: Wigglytuff|78/100|[from] item: Leftovers\n|upkeep\n|turn|21\n|inactive|Time left: 300 sec this turn | 300 sec total\n|\n|t:|1783563192\n|move|p2a: Wigglytuff|Alluring Voice|p1a: Dipplin\n|-supereffective|p1a: Dipplin\n|-damage|p1a: Dipplin|142/284\n|move|p1a: Dipplin|Giga Drain|p2a: Wigglytuff\n|-damage|p2a: Wigglytuff|50/100\n|-heal|p1a: Dipplin|200/284|[from] drain|[of] p2a: Wigglytuff\n|\n|-heal|p2a: Wigglytuff|57/100|[from] item: Leftovers\n|upkeep\n|turn|22\n|inactive|Time left: 300 sec this turn | 300 sec total\n|\n|t:|1783563193\n|move|p2a: Wigglytuff|Alluring Voice|p1a: Dipplin\n|-supereffective|p1a: Dipplin\n|-damage|p1a: Dipplin|66/284\n|move|p1a: Dipplin|Giga Drain|p2a: Wigglytuff\n|-damage|p2a: Wigglytuff|30/100\n|-heal|p1a: Dipplin|123/284|[from] drain|[of] p2a: Wigglytuff\n|\n|-heal|p2a: Wigglytuff|36/100|[from] item: Leftovers\n|upkeep\n|turn|23\n|inactive|Time left: 300 sec this turn | 300 sec total\n|\n|t:|1783563194\n|-terastallize|p1a: Dipplin|Steel\n|move|p2a: Wigglytuff|Alluring Voice|p1a: Dipplin\n|-resisted|p1a: Dipplin\n|-damage|p1a: Dipplin|90/284\n|move|p1a: Dipplin|Recover|p1a: Dipplin\n|-heal|p1a: Dipplin|232/284\n|\n|-heal|p2a: Wigglytuff|42/100|[from] item: Leftovers\n|upkeep\n|turn|24\n|inactive|Time left: 300 sec this turn | 300 sec total\n|\n|t:|1783563195\n|move|p2a: Wigglytuff|Wish|p2a: Wigglytuff\n|move|p1a: Dipplin|Giga Drain|p2a: Wigglytuff\n|-damage|p2a: Wigglytuff|16/100\n|-heal|p1a: Dipplin|284/284|[from] drain|[of] p2a: Wigglytuff\n|\n|-heal|p2a: Wigglytuff|22/100|[from] item: Leftovers\n|upkeep\n|turn|25\n|inactive|Time left: 300 sec this turn | 300 sec total\n|\n|t:|1783563196\n|move|p2a: Wigglytuff|Protect|p2a: Wigglytuff\n|-singleturn|p2a: Wigglytuff|Protect\n|move|p1a: Dipplin|Giga Drain|p2a: Wigglytuff\n|-activate|p2a: Wigglytuff|move: Protect\n|\n|-heal|p2a: Wigglytuff|72/100|[from] move: Wish|[wisher] Wigglytuff\n|-heal|p2a: Wigglytuff|78/100|[from] item: Leftovers\n|upkeep\n|turn|26\n|inactive|Time left: 300 sec this turn | 300 sec total\n|\n|t:|1783563197\n|move|p2a: Wigglytuff|Wish|p2a: Wigglytuff\n|move|p1a: Dipplin|Giga Drain|p2a: Wigglytuff\n|-damage|p2a: Wigglytuff|52/100\n|\n|-heal|p2a: Wigglytuff|59/100|[from] item: Leftovers\n|upkeep\n|turn|27\n|inactive|Time left: 300 sec this turn | 300 sec total\n|\n|t:|1783563198\n|move|p2a: Wigglytuff|Knock Off|p1a: Dipplin\n|-damage|p1a: Dipplin|245/284\n|-activate|p1a: Dipplin|ability: Sticky Hold\n|move|p1a: Dipplin|Dragon Tail|p2a: Wigglytuff\n|-immune|p2a: Wigglytuff\n|\n|-heal|p2a: Wigglytuff|100/100|[from] move: Wish|[wisher] Wigglytuff\n|upkeep\n|turn|28\n|inactive|Time left: 300 sec this turn | 300 sec total\n|\n|t:|1783563199\n|move|p2a: Wigglytuff|Alluring Voice|p1a: Dipplin\n|-resisted|p1a: Dipplin\n|-damage|p1a: Dipplin|212/284\n|move|p1a: Dipplin|Giga Drain|p2a: Wigglytuff\n|-damage|p2a: Wigglytuff|74/100\n|-heal|p1a: Dipplin|269/284|[from] drain|[of] p2a: Wigglytuff\n|\n|-heal|p2a: Wigglytuff|80/100|[from] item: Leftovers\n|upkeep\n|turn|29\n|inactive|Time left: 300 sec this turn | 300 sec total\n|\n|t:|1783563200\n|move|p2a: Wigglytuff|Wish|p2a: Wigglytuff\n|move|p1a: Dipplin|Giga Drain|p2a: Wigglytuff\n|-damage|p2a: Wigglytuff|55/100\n|-heal|p1a: Dipplin|284/284|[from] drain|[of] p2a: Wigglytuff\n|\n|-heal|p2a: Wigglytuff|61/100|[from] item: Leftovers\n|upkeep\n|turn|30\n|inactive|Time left: 300 sec this turn | 300 sec total\n|\n|t:|1783563201\n|move|p2a: Wigglytuff|Alluring Voice|p1a: Dipplin\n|-resisted|p1a: Dipplin\n|-damage|p1a: Dipplin|251/284\n|move|p1a: Dipplin|Dragon Tail|p2a: Wigglytuff\n|-immune|p2a: Wigglytuff\n|\n|-heal|p2a: Wigglytuff|100/100|[from] move: Wish|[wisher] Wigglytuff\n|upkeep\n|turn|31\n|inactive|Time left: 300 sec this turn | 300 sec total\n|\n|t:|1783563202\n|move|p2a: Wigglytuff|Wish|p2a: Wigglytuff\n|move|p1a: Dipplin|Giga Drain|p2a: Wigglytuff\n|-damage|p2a: Wigglytuff|73/100\n|-heal|p1a: Dipplin|284/284|[from] drain|[of] p2a: Wigglytuff\n|\n|-heal|p2a: Wigglytuff|79/100|[from] item: Leftovers\n|upkeep\n|turn|32\n|inactive|Time left: 300 sec this turn | 300 sec total\n|\n|t:|1783563203\n|switch|p2a: Iron Hands|Iron Hands, L79|24/100\n|move|p1a: Dipplin|Dragon Tail|p2a: Iron Hands|[miss]\n|-miss|p1a: Dipplin|p2a: Iron Hands\n|\n|-heal|p2a: Iron Hands|81/100|[from] move: Wish|[wisher] Wigglytuff\n|upkeep\n|turn|33\n|inactive|Time left: 300 sec this turn | 300 sec total\n|\n|t:|1783563204\n|move|p2a: Iron Hands|Drain Punch|p1a: Dipplin\n|-supereffective|p1a: Dipplin\n|-damage|p1a: Dipplin|186/284\n|-heal|p2a: Iron Hands|94/100|[from] drain|[of] p1a: Dipplin\n|move|p1a: Dipplin|Giga Drain|p2a: Iron Hands\n|-damage|p2a: Iron Hands|74/100\n|-heal|p1a: Dipplin|224/284|[from] drain|[of] p2a: Iron Hands\n|\n|upkeep\n|turn|34\n|inactive|Time left: 300 sec this turn | 300 sec total\n|\n|t:|1783563205\n|move|p2a: Iron Hands|Drain Punch|p1a: Dipplin\n|-supereffective|p1a: Dipplin\n|-damage|p1a: Dipplin|114/284\n|-heal|p2a: Iron Hands|88/100|[from] drain|[of] p1a: Dipplin\n|move|p1a: Dipplin|Giga Drain|p2a: Iron Hands\n|-damage|p2a: Iron Hands|69/100\n|-heal|p1a: Dipplin|150/284|[from] drain|[of] p2a: Iron Hands\n|\n|upkeep\n|turn|35\n|inactive|Time left: 300 sec this turn | 300 sec total\n|\n|t:|1783563206\n|move|p2a: Iron Hands|Drain Punch|p1a: Dipplin\n|-supereffective|p1a: Dipplin\n|-damage|p1a: Dipplin|42/284\n|-heal|p2a: Iron Hands|84/100|[from] drain|[of] p1a: Dipplin\n|move|p1a: Dipplin|Recover|p1a: Dipplin\n|-heal|p1a: Dipplin|184/284\n|\n|upkeep\n|turn|36\n|inactive|Time left: 300 sec this turn | 300 sec total\n|\n|t:|1783563207\n|move|p2a: Iron Hands|Drain Punch|p1a: Dipplin\n|-supereffective|p1a: Dipplin\n|-damage|p1a: Dipplin|76/284\n|-heal|p2a: Iron Hands|98/100|[from] drain|[of] p1a: Dipplin\n|move|p1a: Dipplin|Recover|p1a: Dipplin\n|-heal|p1a: Dipplin|218/284\n|\n|upkeep\n|turn|37\n|inactive|Time left: 300 sec this turn | 300 sec total\n|\n|t:|1783563208\n|move|p2a: Iron Hands|Drain Punch|p1a: Dipplin\n|-supereffective|p1a: Dipplin\n|-damage|p1a: Dipplin|116/284\n|-heal|p2a: Iron Hands|100/100|[from] drain|[of] p1a: Dipplin\n|move|p1a: Dipplin|Giga Drain|p2a: Iron Hands\n|-damage|p2a: Iron Hands|82/100\n|-heal|p1a: Dipplin|151/284|[from] drain|[of] p2a: Iron Hands\n|\n|upkeep\n|turn|38\n|inactive|Time left: 300 sec this turn | 300 sec total\n|\n|t:|1783563210\n|move|p2a: Iron Hands|Drain Punch|p1a: Dipplin\n|-supereffective|p1a: Dipplin\n|-damage|p1a: Dipplin|47/284\n|-heal|p2a: Iron Hands|96/100|[from] drain|[of] p1a: Dipplin\n|move|p1a: Dipplin|Recover|p1a: Dipplin\n|-heal|p1a: Dipplin|189/284\n|\n|upkeep\n|turn|39\n|inactive|Time left: 300 sec this turn | 300 sec total\n|\n|t:|1783563211\n|move|p2a: Iron Hands|Drain Punch|p1a: Dipplin\n|-supereffective|p1a: Dipplin\n|-damage|p1a: Dipplin|93/284\n|-heal|p2a: Iron Hands|100/100|[from] drain|[of] p1a: Dipplin\n|move|p1a: Dipplin|Recover|p1a: Dipplin\n|-heal|p1a: Dipplin|235/284\n|\n|upkeep\n|turn|40\n|inactive|Time left: 300 sec this turn | 300 sec total\n|\n|t:|1783563212\n|move|p2a: Iron Hands|Drain Punch|p1a: Dipplin\n|-supereffective|p1a: Dipplin\n|-damage|p1a: Dipplin|137/284\n|move|p1a: Dipplin|Giga Drain|p2a: Iron Hands\n|-damage|p2a: Iron Hands|81/100\n|-heal|p1a: Dipplin|174/284|[from] drain|[of] p2a: Iron Hands\n|\n|upkeep\n|turn|41\n|inactive|Time left: 300 sec this turn | 300 sec total\n|\n|t:|1783563213\n|move|p2a: Iron Hands|Drain Punch|p1a: Dipplin\n|-supereffective|p1a: Dipplin\n|-crit|p1a: Dipplin\n|-damage|p1a: Dipplin|16/284\n|-heal|p2a: Iron Hands|100/100|[from] drain|[of] p1a: Dipplin\n|move|p1a: Dipplin|Recover|p1a: Dipplin\n|-heal|p1a: Dipplin|158/284\n|\n|upkeep\n|turn|42\n|inactive|Time left: 300 sec this turn | 300 sec total\n|\n|t:|1783563214\n|move|p2a: Iron Hands|Drain Punch|p1a: Dipplin\n|-supereffective|p1a: Dipplin\n|-damage|p1a: Dipplin|62/284\n|move|p1a: Dipplin|Giga Drain|p2a: Iron Hands\n|-damage|p2a: Iron Hands|80/100\n|-heal|p1a: Dipplin|100/284|[from] drain|[of] p2a: Iron Hands\n|\n|upkeep\n|turn|43\n|inactive|Time left: 300 sec this turn | 300 sec total\n|\n|t:|1783563215\n|switch|p1a: Slither Wing|Slither Wing, L81|270/270\n|move|p2a: Iron Hands|Drain Punch|p1a: Slither Wing\n|-resisted|p1a: Slither Wing\n|-damage|p1a: Slither Wing|216/270\n|-heal|p2a: Iron Hands|87/100|[from] drain|[of] p1a: Slither Wing\n|\n|upkeep\n|turn|44\n|inactive|Time left: 300 sec this turn | 300 sec total\n|\n|t:|1783563216\n|move|p1a: Slither Wing|Will-O-Wisp|p2a: Iron Hands|[miss]\n|-miss|p1a: Slither Wing|p2a: Iron Hands\n|move|p2a: Iron Hands|Wild Charge|p1a: Slither Wing\n|-damage|p1a: Slither Wing|80/270\n|-damage|p2a: Iron Hands|78/100|[from] Recoil\n|\n|upkeep\n|turn|45\n|inactive|Time left: 300 sec this turn | 300 sec total\n|\n|t:|1783563217\n|move|p1a: Slither Wing|Morning Sun|p1a: Slither Wing\n|-heal|p1a: Slither Wing|215/270\n|move|p2a: Iron Hands|Wild Charge|p1a: Slither Wing\n|-damage|p1a: Slither Wing|77/270\n|-damage|p2a: Iron Hands|69/100|[from] Recoil\n|\n|upkeep\n|turn|46\n|inactive|Time left: 300 sec this turn | 300 sec total\n|\n|t:|1783563218\n|-end|p2a: Iron Hands|Quark Drive|[silent]\n|switch|p2a: Delphox|Delphox, L84, F|73/100\n|move|p1a: Slither Wing|Morning Sun|p1a: Slither Wing\n|-heal|p1a: Slither Wing|212/270\n|\n|upkeep\n|turn|47\n|inactive|Time left: 300 sec this turn | 300 sec total\n|\n|t:|1783563219\n|-end|p1a: Slither Wing|Protosynthesis|[silent]\n|switch|p1a: Pelipper|Pelipper, L86, M|243/243\n|-weather|RainDance|[from] ability: Drizzle|[of] p1a: Pelipper\n|move|p2a: Delphox|Psyshock|p1a: Pelipper\n|-damage|p1a: Pelipper|159/243\n|\n|-weather|RainDance|[upkeep]\n|upkeep\n|turn|48\n|inactive|Time left: 300 sec this turn | 300 sec total\n|\n|t:|1783563220\n|switch|p2a: Walking Wake|Walking Wake, L79|100/100\n|move|p1a: Pelipper|Surf|p2a: Walking Wake\n|-resisted|p2a: Walking Wake\n|-damage|p2a: Walking Wake|88/100\n|\n|-weather|RainDance|[upkeep]\n|upkeep\n|turn|49\n|inactive|Time left: 300 sec this turn | 300 sec total\n|\n|t:|1783563221\n|move|p2a: Walking Wake|Hydro Pump|p1a: Pelipper\n|-resisted|p1a: Pelipper\n|-damage|p1a: Pelipper|0 fnt\n|faint|p1a: Pelipper\n|\n|-weather|RainDance|[upkeep]\n|upkeep\n|inactive|Time left: 300 sec this turn | 300 sec total | 5 sec grace\n|\n|t:|1783563222\n|switch|p1a: Medicham|Medicham, L86, M|243/243\n|turn|50\n|inactive|Time left: 300 sec this turn | 300 sec total\n|\n|t:|1783563223\n|move|p1a: Medicham|Close Combat|p2a: Walking Wake\n|-damage|p2a: Walking Wake|20/100\n|-unboost|p1a: Medicham|def|1\n|-unboost|p1a: Medicham|spd|1\n|move|p2a: Walking Wake|Hydro Pump|p1a: Medicham\n|-damage|p1a: Medicham|0 fnt\n|faint|p1a: Medicham\n|\n|-weather|RainDance|[upkeep]\n|upkeep\n|inactive|Time left: 300 sec this turn | 300 sec total | 5 sec grace\n|\n|t:|1783563223\n|switch|p1a: Regieleki|Regieleki, L79|256/256\n|turn|51\n|inactive|Time left: 300 sec this turn | 300 sec total\n|\n|t:|1783563224\n|-end|p2a: Walking Wake|Protosynthesis|[silent]\n|switch|p2a: Iron Hands|Iron Hands, L79|69/100\n|move|p1a: Regieleki|Thunderbolt|p2a: Iron Hands\n|-resisted|p2a: Iron Hands\n|-damage|p2a: Iron Hands|54/100\n|\n|-weather|none\n|upkeep\n|turn|52\n|inactive|Time left: 300 sec this turn | 300 sec total\n|\n|t:|1783563225\n|move|p1a: Regieleki|Thunderbolt|p2a: Iron Hands\n|-resisted|p2a: Iron Hands\n|-damage|p2a: Iron Hands|39/100\n|move|p2a: Iron Hands|Volt Switch|p1a: Regieleki\n|-resisted|p1a: Regieleki\n|-damage|p1a: Regieleki|223/256\n|\n|t:|1783563226\n|-end|p2a: Iron Hands|Quark Drive|[silent]\n|switch|p2a: Wigglytuff|Wigglytuff, L96, M|79/100|[from] Volt Switch\n|\n|-heal|p2a: Wigglytuff|85/100|[from] item: Leftovers\n|upkeep\n|turn|53\n|inactive|Time left: 300 sec this turn | 300 sec total\n|\n|t:|1783563226\n|move|p1a: Regieleki|Volt Switch|p2a: Wigglytuff\n|-damage|p2a: Wigglytuff|54/100\n|inactive|Time left: 300 sec this turn | 300 sec total | 5 sec grace\n|\n|t:|1783563227\n|switch|p1a: Dipplin|Dipplin, L88, M, tera:Steel|100/284|[from] Volt Switch\n|move|p2a: Wigglytuff|Alluring Voice|p1a: Dipplin\n|-resisted|p1a: Dipplin\n|-damage|p1a: Dipplin|66/284\n|\n|-heal|p2a: Wigglytuff|60/100|[from] item: Leftovers\n|upkeep\n|turn|54\n|inactive|Time left: 300 sec this turn | 300 sec total\n|\n|t:|1783563228\n|move|p2a: Wigglytuff|Alluring Voice|p1a: Dipplin\n|-resisted|p1a: Dipplin\n|-damage|p1a: Dipplin|35/284\n|move|p1a: Dipplin|Dragon Pulse|p2a: Wigglytuff\n|-immune|p2a: Wigglytuff\n|\n|-heal|p2a: Wigglytuff|66/100|[from] item: Leftovers\n|upkeep\n|turn|55\n|inactive|Time left: 300 sec this turn | 300 sec total\n|\n|t:|1783563229\n|move|p2a: Wigglytuff|Knock Off|p1a: Dipplin\n|-damage|p1a: Dipplin|0 fnt\n|-enditem|p1a: Dipplin|Eviolite|[from] move: Knock Off|[of] p2a: Wigglytuff\n|faint|p1a: Dipplin\n|\n|-heal|p2a: Wigglytuff|72/100|[from] item: Leftovers\n|upkeep\n|inactive|Time left: 300 sec this turn | 300 sec total | 5 sec grace\n|\n|t:|1783563229\n|switch|p1a: Regieleki|Regieleki, L79|223/256\n|turn|56\n|inactive|Time left: 300 sec this turn | 300 sec total\n|\n|t:|1783563230\n|move|p1a: Regieleki|Thunderbolt|p2a: Wigglytuff\n|-crit|p2a: Wigglytuff\n|-damage|p2a: Wigglytuff|15/100\n|move|p2a: Wigglytuff|Alluring Voice|p1a: Regieleki\n|-damage|p1a: Regieleki|58/256\n|\n|-heal|p2a: Wigglytuff|21/100|[from] item: Leftovers\n|upkeep\n|turn|57\n|inactive|Time left: 300 sec this turn | 300 sec total\n|\n|t:|1783563231\n|move|p1a: Regieleki|Thunderbolt|p2a: Wigglytuff\n|-damage|p2a: Wigglytuff|0 fnt\n|faint|p2a: Wigglytuff\n|\n|upkeep\n|\n|t:|1783563232\n|switch|p2a: Delphox|Delphox, L84, F|73/100\n|turn|58\n|inactive|Time left: 300 sec this turn | 300 sec total\n|\n|t:|1783563233\n|move|p1a: Regieleki|Volt Switch|p2a: Delphox\n|-damage|p2a: Delphox|34/100\n|inactive|Time left: 300 sec this turn | 300 sec total | 5 sec grace\n|\n|t:|1783563234\n|switch|p1a: Slither Wing|Slither Wing, L81|212/270|[from] Volt Switch\n|move|p2a: Delphox|Fire Blast|p1a: Slither Wing\n|-supereffective|p1a: Slither Wing\n|-damage|p1a: Slither Wing|0 fnt\n|faint|p1a: Slither Wing\n|-end|p1a: Slither Wing|Protosynthesis|[silent]\n|\n|upkeep\n|inactive|Time left: 300 sec this turn | 300 sec total | 10 sec grace\n|\n|t:|1783563235\n|switch|p1a: Regieleki|Regieleki, L79|58/256\n|turn|59\n|inactive|Time left: 300 sec this turn | 300 sec total\n|\n|t:|1783563236\n|move|p1a: Regieleki|Thunderbolt|p2a: Delphox\n|-damage|p2a: Delphox|0 fnt\n|faint|p2a: Delphox\n|\n|upkeep\n|\n|t:|1783563236\n|switch|p2a: Iron Hands|Iron Hands, L79|39/100\n|turn|60\n|inactive|Time left: 300 sec this turn | 300 sec total\n|\n|t:|1783563237\n|-terastallize|p2a: Iron Hands|Electric\n|move|p1a: Regieleki|Thunderbolt|p2a: Iron Hands\n|-resisted|p2a: Iron Hands\n|-damage|p2a: Iron Hands|22/100\n|move|p2a: Iron Hands|Wild Charge|p1a: Regieleki\n|-resisted|p1a: Regieleki\n|-crit|p1a: Regieleki\n|-damage|p1a: Regieleki|0 fnt\n|faint|p1a: Regieleki\n|-damage|p2a: Iron Hands|18/100|[from] Recoil\n|\n|win|p0y2070298a", "uploadtime": 1783563237, "views": 0, "rating": 0, "private": 0, "password": null, "_winner": "p0y2070298a", "_our_name": "p0x207006d5"}