{"id": "battle-gen9randombattle-1899", "formatid": "gen9randombattle", "format": "[Gen 9] Random Battle", "players": ["p0x18998b5a", "p0y18992474"], "log": "|init|battle\n|title|p0x18998b5a vs. p0y18992474\n|j|\u2606p0x18998b5a\n|j|\u2606p0y18992474\n|t:|1783561222\n|gametype|singles\n|player|p1|p0x18998b5a|1|\n|player|p2|p0y18992474|265|\n|gen|9\n|tier|[Gen 9] Random Battle\n|rule|Species Clause: Limit one of each Pok\u00e9mon\n|rule|HP Percentage Mod: HP is shown in percentages\n|rule|Sleep Clause Mod: Limit one foe put to sleep\n|rule|Illusion Level Mod: Illusion disguises the Pok\u00e9mon's true level\n|\n|t:|1783561222\n|teamsize|p1|6\n|teamsize|p2|6\n|start\n|switch|p1a: Mesprit|Mesprit, L85|275/275\n|switch|p2a: Palafin|Palafin, L77, F|100/100\n|turn|1\n|inactive|Battle timer is ON: inactive players will automatically lose when time's up. (requested by p0y18992474)\n|inactive|Time left: 300 sec this turn | 300 sec total | 60 sec grace\n|inactive|p0x18998b5a also wants the timer to be on.\n|\n|t:|1783561224\n|move|p1a: Mesprit|Psychic|p2a: Palafin\n|-damage|p2a: Palafin|51/100\n|move|p2a: Palafin|Bulk Up|p2a: Palafin\n|-boost|p2a: Palafin|atk|1\n|-boost|p2a: Palafin|def|1\n|\n|-heal|p2a: Palafin|57/100|[from] item: Leftovers\n|upkeep\n|turn|2\n|inactive|Time left: 300 sec this turn | 300 sec total\n|\n|t:|1783561225\n|move|p1a: Mesprit|Psychic|p2a: Palafin\n|-damage|p2a: Palafin|3/100\n|move|p2a: Palafin|Ice Punch|p1a: Mesprit\n|-damage|p1a: Mesprit|226/275\n|\n|-heal|p2a: Palafin|9/100|[from] item: Leftovers\n|upkeep\n|turn|3\n|inactive|Time left: 300 sec this turn | 300 sec total\n|\n|t:|1783561226\n|detailschange|p2a: Palafin|Palafin-Hero, L77, F\n|switch|p2a: Persian|Persian-Alola, L86, F|100/100\n|move|p1a: Mesprit|Psychic|p2a: Persian\n|-immune|p2a: Persian\n|\n|upkeep\n|turn|4\n|inactive|Time left: 300 sec this turn | 300 sec total\n|\n|t:|1783561227\n|move|p1a: Mesprit|Psychic|p2a: Persian\n|-immune|p2a: Persian\n|move|p2a: Persian|Nasty Plot|p2a: Persian\n|-boost|p2a: Persian|spa|2\n|\n|upkeep\n|turn|5\n|inactive|Time left: 300 sec this turn | 300 sec total\n|\n|t:|1783561228\n|switch|p1a: Minun|Minun, L95, M|268/268\n|move|p2a: Persian|Dark Pulse|p1a: Minun\n|-damage|p1a: Minun|83/268\n|-damage|p2a: Persian|91/100|[from] item: Life Orb\n|\n|upkeep\n|turn|6\n|inactive|Time left: 300 sec this turn | 300 sec total\n|\n|t:|1783561229\n|move|p2a: Persian|Dark Pulse|p1a: Minun\n|-damage|p1a: Minun|0 fnt\n|faint|p1a: Minun\n|-damage|p2a: Persian|81/100|[from] item: Life Orb\n|\n|upkeep\n|inactive|Time left: 300 sec this turn | 300 sec total | 5 sec grace\n|\n|t:|1783561230\n|switch|p1a: Mesprit|Mesprit, L85|226/275\n|turn|7\n|inactive|Time left: 300 sec this turn | 300 sec total\n|\n|t:|1783561231\n|-terastallize|p1a: Mesprit|Fairy\n|move|p1a: Mesprit|Dazzling Gleam|p2a: Persian\n|-supereffective|p2a: Persian\n|-damage|p2a: Persian|0 fnt\n|faint|p2a: Persian\n|\n|upkeep\n|\n|t:|1783561232\n|switch|p2a: Heatran|Heatran, L79, F|100/100\n|-item|p2a: Heatran|Air Balloon\n|turn|8\n|inactive|Time left: 300 sec this turn | 300 sec total\n|\n|t:|1783561233\n|move|p1a: Mesprit|Dazzling Gleam|p2a: Heatran\n|-resisted|p2a: Heatran\n|-damage|p2a: Heatran|93/100\n|-enditem|p2a: Heatran|Air Balloon\n|move|p2a: Heatran|Stealth Rock|p1a: Mesprit\n|-sidestart|p1: p0x18998b5a|move: Stealth Rock\n|\n|upkeep\n|turn|9\n|inactive|Time left: 300 sec this turn | 300 sec total\n|\n|t:|1783561235\n|switch|p1a: Toucannon|Toucannon, L88, M|284/284\n|move|p2a: Heatran|Heavy Slam|p1a: Toucannon\n|-damage|p1a: Toucannon|173/284\n|\n|upkeep\n|turn|10\n|inactive|Time left: 300 sec this turn | 300 sec total\n|\n|t:|1783561236\n|move|p2a: Heatran|Heavy Slam|p1a: Toucannon\n|-damage|p1a: Toucannon|55/284\n|move|p1a: Toucannon|Roost|p1a: Toucannon\n|-heal|p1a: Toucannon|197/284\n|-singleturn|p1a: Toucannon|move: Roost\n|\n|upkeep\n|turn|11\n|inactive|Time left: 300 sec this turn | 300 sec total\n|\n|t:|1783561237\n|move|p2a: Heatran|Heavy Slam|p1a: Toucannon\n|-damage|p1a: Toucannon|88/284\n|move|p1a: Toucannon|Roost|p1a: Toucannon\n|-heal|p1a: Toucannon|230/284\n|-singleturn|p1a: Toucannon|move: Roost\n|\n|upkeep\n|turn|12\n|inactive|Time left: 300 sec this turn | 300 sec total\n|\n|t:|1783561238\n|move|p2a: Heatran|Magma Storm|p1a: Toucannon\n|-crit|p1a: Toucannon\n|-damage|p1a: Toucannon|32/284\n|-activate|p1a: Toucannon|move: Magma Storm|[of] p2a: Heatran\n|move|p1a: Toucannon|Roost|p1a: Toucannon\n|-heal|p1a: Toucannon|174/284\n|-singleturn|p1a: Toucannon|move: Roost\n|\n|-damage|p1a: Toucannon|139/284|[from] move: Magma Storm|[partiallytrapped]\n|upkeep\n|turn|13\n|inactive|Time left: 300 sec this turn | 300 sec total\n|\n|t:|1783561239\n|move|p2a: Heatran|Magma Storm|p1a: Toucannon|[miss]\n|-miss|p2a: Heatran|p1a: Toucannon\n|move|p1a: Toucannon|Roost|p1a: Toucannon\n|-heal|p1a: Toucannon|281/284\n|-singleturn|p1a: Toucannon|move: Roost\n|\n|-damage|p1a: Toucannon|246/284|[from] move: Magma Storm|[partiallytrapped]\n|upkeep\n|turn|14\n|inactive|Time left: 300 sec this turn | 300 sec total\n|\n|t:|1783561240\n|move|p2a: Heatran|Heavy Slam|p1a: Toucannon\n|-damage|p1a: Toucannon|126/284\n|move|p1a: Toucannon|Roost|p1a: Toucannon\n|-heal|p1a: Toucannon|268/284\n|-singleturn|p1a: Toucannon|move: Roost\n|\n|-damage|p1a: Toucannon|233/284|[from] move: Magma Storm|[partiallytrapped]\n|upkeep\n|turn|15\n|inactive|Time left: 300 sec this turn | 300 sec total\n|\n|t:|1783561241\n|move|p2a: Heatran|Heavy Slam|p1a: Toucannon\n|-damage|p1a: Toucannon|119/284\n|move|p1a: Toucannon|Roost|p1a: Toucannon\n|-heal|p1a: Toucannon|261/284\n|-singleturn|p1a: Toucannon|move: Roost\n|\n|-damage|p1a: Toucannon|226/284|[from] move: Magma Storm|[partiallytrapped]\n|upkeep\n|turn|16\n|inactive|Time left: 300 sec this turn | 300 sec total\n|\n|t:|1783561242\n|switch|p2a: Raging Bolt|Raging Bolt, L78|100/100\n|move|p1a: Toucannon|Roost|p1a: Toucannon\n|-heal|p1a: Toucannon|284/284\n|-singleturn|p1a: Toucannon|move: Roost\n|\n|-end|p1a: Toucannon|Magma Storm|[partiallytrapped]|[silent]\n|upkeep\n|turn|17\n|inactive|Time left: 300 sec this turn | 300 sec total\n|\n|t:|1783561243\n|switch|p1a: Haxorus|Haxorus, L77, F|244/244\n|-damage|p1a: Haxorus|214/244|[from] Stealth Rock\n|-ability|p1a: Haxorus|Mold Breaker\n|move|p2a: Raging Bolt|Thunderbolt|p1a: Haxorus\n|-resisted|p1a: Haxorus\n|-damage|p1a: Haxorus|148/244\n|\n|upkeep\n|turn|18\n|inactive|Time left: 300 sec this turn | 300 sec total\n|\n|t:|1783561244\n|move|p1a: Haxorus|Outrage|p2a: Raging Bolt\n|-supereffective|p2a: Raging Bolt\n|-damage|p2a: Raging Bolt|8/100\n|move|p2a: Raging Bolt|Draco Meteor|p1a: Haxorus\n|-supereffective|p1a: Haxorus\n|-damage|p1a: Haxorus|0 fnt\n|-unboost|p2a: Raging Bolt|spa|2\n|faint|p1a: Haxorus\n|\n|-heal|p2a: Raging Bolt|14/100|[from] item: Leftovers\n|upkeep\n|inactive|Time left: 300 sec this turn | 300 sec total | 5 sec grace\n|\n|t:|1783561245\n|switch|p1a: Kleavor|Kleavor, L78, M|237/237\n|turn|19\n|inactive|Time left: 300 sec this turn | 300 sec total\n|\n|t:|1783561246\n|-end|p2a: Raging Bolt|Protosynthesis|[silent]\n|switch|p2a: Sandaconda|Sandaconda, L84, M|100/100\n|move|p1a: Kleavor|Stone Axe|p2a: Sandaconda\n|-resisted|p2a: Sandaconda\n|-damage|p2a: Sandaconda|85/100\n|-sidestart|p2: p0y18992474|move: Stealth Rock\n|\n|-heal|p2a: Sandaconda|91/100|[from] item: Leftovers\n|upkeep\n|turn|20\n|inactive|Time left: 300 sec this turn | 300 sec total\n|\n|t:|1783561246\n|switch|p1a: Toucannon|Toucannon, L88, M|284/284\n|move|p2a: Sandaconda|Coil|p2a: Sandaconda\n|-boost|p2a: Sandaconda|atk|1\n|-boost|p2a: Sandaconda|def|1\n|-boost|p2a: Sandaconda|accuracy|1\n|\n|-heal|p2a: Sandaconda|97/100|[from] item: Leftovers\n|upkeep\n|turn|21\n|inactive|Time left: 300 sec this turn | 300 sec total\n|\n|t:|1783561247\n|move|p2a: Sandaconda|Coil|p2a: Sandaconda\n|-boost|p2a: Sandaconda|atk|1\n|-boost|p2a: Sandaconda|def|1\n|-boost|p2a: Sandaconda|accuracy|1\n|move|p1a: Toucannon|Boomburst|p2a: Sandaconda\n|-damage|p2a: Sandaconda|30/100\n|\n|-heal|p2a: Sandaconda|37/100|[from] item: Leftovers\n|upkeep\n|turn|22\n|inactive|Time left: 300 sec this turn | 300 sec total\n|\n|t:|1783561248\n|switch|p1a: Mesprit|Mesprit, L85, tera:Fairy|226/275\n|-damage|p1a: Mesprit|192/275|[from] Stealth Rock\n|move|p2a: Sandaconda|Rest|p2a: Sandaconda\n|-status|p2a: Sandaconda|slp|[from] move: Rest\n|-heal|p2a: Sandaconda|100/100 slp|[silent]\n|\n|upkeep\n|turn|23\n|inactive|Time left: 300 sec this turn | 300 sec total\n|\n|t:|1783561249\n|move|p1a: Mesprit|Ice Beam|p2a: Sandaconda\n|-supereffective|p2a: Sandaconda\n|-damage|p2a: Sandaconda|39/100 slp\n|cant|p2a: Sandaconda|slp\n|\n|-heal|p2a: Sandaconda|45/100 slp|[from] item: Leftovers\n|upkeep\n|turn|24\n|inactive|Time left: 300 sec this turn | 300 sec total\n|\n|t:|1783561250\n|-terastallize|p2a: Sandaconda|Steel\n|move|p1a: Mesprit|Ice Beam|p2a: Sandaconda\n|-resisted|p2a: Sandaconda\n|-damage|p2a: Sandaconda|30/100 slp\n|cant|p2a: Sandaconda|slp\n|\n|-activate|p2a: Sandaconda|ability: Shed Skin\n|-curestatus|p2a: Sandaconda|slp|[msg]\n|-heal|p2a: Sandaconda|36/100|[from] item: Leftovers\n|upkeep\n|turn|25\n|inactive|Time left: 300 sec this turn | 300 sec total\n|\n|t:|1783561251\n|move|p1a: Mesprit|Ice Beam|p2a: Sandaconda\n|-resisted|p2a: Sandaconda\n|-crit|p2a: Sandaconda\n|-damage|p2a: Sandaconda|10/100\n|move|p2a: Sandaconda|Rest|p2a: Sandaconda\n|-status|p2a: Sandaconda|slp|[from] move: Rest\n|-heal|p2a: Sandaconda|100/100 slp|[silent]\n|\n|upkeep\n|turn|26\n|inactive|Time left: 300 sec this turn | 300 sec total\n|\n|t:|1783561252\n|switch|p1a: Volbeat|Volbeat, L90, M|263/263\n|cant|p2a: Sandaconda|slp\n|\n|upkeep\n|turn|27\n|inactive|Time left: 300 sec this turn | 300 sec total\n|\n|t:|1783561252\n|move|p1a: Volbeat|Encore|p2a: Sandaconda\n|-start|p2a: Sandaconda|Encore\n|cant|p2a: Sandaconda|slp\n|\n|-activate|p2a: Sandaconda|ability: Shed Skin\n|-curestatus|p2a: Sandaconda|slp|[msg]\n|upkeep\n|turn|28\n|inactive|Time left: 300 sec this turn | 300 sec total\n|\n|t:|1783561253\n|switch|p2a: Heatran|Heatran, L79, F|93/100\n|-damage|p2a: Heatran|80/100|[from] Stealth Rock\n|move|p1a: Volbeat|U-turn|p2a: Heatran\n|-resisted|p2a: Heatran\n|-damage|p2a: Heatran|75/100\n|inactive|Time left: 300 sec this turn | 300 sec total | 5 sec grace\n|\n|t:|1783561254\n|switch|p1a: Toucannon|Toucannon, L88, M|284/284|[from] U-turn\n|\n|upkeep\n|turn|29\n|inactive|Time left: 300 sec this turn | 300 sec total\n|\n|t:|1783561255\n|move|p2a: Heatran|Magma Storm|p1a: Toucannon|[miss]\n|-miss|p2a: Heatran|p1a: Toucannon\n|move|p1a: Toucannon|Boomburst|p2a: Heatran\n|-resisted|p2a: Heatran\n|-crit|p2a: Heatran\n|-damage|p2a: Heatran|41/100\n|\n|upkeep\n|turn|30\n|inactive|Time left: 300 sec this turn | 300 sec total\n|\n|t:|1783561256\n|move|p2a: Heatran|Magma Storm|p1a: Toucannon\n|-damage|p1a: Toucannon|163/284\n|-activate|p1a: Toucannon|move: Magma Storm|[of] p2a: Heatran\n|move|p1a: Toucannon|Boomburst|p2a: Heatran\n|-resisted|p2a: Heatran\n|-damage|p2a: Heatran|18/100\n|\n|-damage|p1a: Toucannon|128/284|[from] move: Magma Storm|[partiallytrapped]\n|upkeep\n|turn|31\n|inactive|Time left: 300 sec this turn | 300 sec total\n|\n|t:|1783561257\n|move|p2a: Heatran|Heavy Slam|p1a: Toucannon\n|-damage|p1a: Toucannon|20/284\n|move|p1a: Toucannon|Roost|p1a: Toucannon\n|-heal|p1a: Toucannon|162/284\n|-singleturn|p1a: Toucannon|move: Roost\n|\n|-damage|p1a: Toucannon|127/284|[from] move: Magma Storm|[partiallytrapped]\n|upkeep\n|turn|32\n|inactive|Time left: 300 sec this turn | 300 sec total\n|\n|t:|1783561258\n|move|p2a: Heatran|Heavy Slam|p1a: Toucannon\n|-damage|p1a: Toucannon|10/284\n|move|p1a: Toucannon|Knock Off|p2a: Heatran\n|-damage|p2a: Heatran|0 fnt\n|faint|p2a: Heatran\n|\n|-end|p1a: Toucannon|Magma Storm|[partiallytrapped]|[silent]\n|upkeep\n|\n|t:|1783561259\n|switch|p2a: Sandaconda|Sandaconda, L84, M, tera:Steel|100/100\n|-damage|p2a: Sandaconda|94/100|[from] Stealth Rock\n|turn|33\n|inactive|Time left: 300 sec this turn | 300 sec total\n|\n|t:|1783561260\n|move|p2a: Sandaconda|Stone Edge|p1a: Toucannon|[miss]\n|-miss|p2a: Sandaconda|p1a: Toucannon\n|move|p1a: Toucannon|Boomburst|p2a: Sandaconda\n|-resisted|p2a: Sandaconda\n|-damage|p2a: Sandaconda|63/100\n|\n|-heal|p2a: Sandaconda|69/100|[from] item: Leftovers\n|upkeep\n|turn|34\n|inactive|Time left: 300 sec this turn | 300 sec total\n|\n|t:|1783561261\n|move|p2a: Sandaconda|Stone Edge|p1a: Toucannon\n|-supereffective|p1a: Toucannon\n|-damage|p1a: Toucannon|0 fnt\n|faint|p1a: Toucannon\n|\n|-heal|p2a: Sandaconda|75/100|[from] item: Leftovers\n|upkeep\n|inactive|Time left: 300 sec this turn | 300 sec total | 5 sec grace\n|\n|t:|1783561261\n|switch|p1a: Mesprit|Mesprit, L85, tera:Fairy|192/275\n|-damage|p1a: Mesprit|158/275|[from] Stealth Rock\n|turn|35\n|inactive|Time left: 300 sec this turn | 300 sec total\n|\n|t:|1783561262\n|move|p1a: Mesprit|Shadow Ball|p2a: Sandaconda\n|-damage|p2a: Sandaconda|48/100\n|-unboost|p2a: Sandaconda|spd|1\n|move|p2a: Sandaconda|Coil|p2a: Sandaconda\n|-boost|p2a: Sandaconda|atk|1\n|-boost|p2a: Sandaconda|def|1\n|-boost|p2a: Sandaconda|accuracy|1\n|\n|-heal|p2a: Sandaconda|54/100|[from] item: Leftovers\n|upkeep\n|turn|36\n|inactive|Time left: 300 sec this turn | 300 sec total\n|\n|t:|1783561263\n|move|p1a: Mesprit|Shadow Ball|p2a: Sandaconda\n|-damage|p2a: Sandaconda|11/100\n|move|p2a: Sandaconda|Rest|p2a: Sandaconda\n|-status|p2a: Sandaconda|slp|[from] move: Rest\n|-heal|p2a: Sandaconda|100/100 slp|[silent]\n|\n|upkeep\n|turn|37\n|inactive|Time left: 300 sec this turn | 300 sec total\n|\n|t:|1783561264\n|move|p1a: Mesprit|Shadow Ball|p2a: Sandaconda\n|-damage|p2a: Sandaconda|59/100 slp\n|-unboost|p2a: Sandaconda|spd|1\n|cant|p2a: Sandaconda|slp\n|\n|-heal|p2a: Sandaconda|65/100 slp|[from] item: Leftovers\n|upkeep\n|turn|38\n|inactive|Time left: 300 sec this turn | 300 sec total\n|\n|t:|1783561266\n|switch|p2a: Palafin|Palafin-Hero, L77, F|9/100\n|-damage|p2a: Palafin|0 fnt|[from] Stealth Rock\n|faint|p2a: Palafin\n|move|p1a: Mesprit|Shadow Ball|p2: Palafin|[notarget]\n|-fail|p1a: Mesprit\n|\n|upkeep\n|\n|t:|1783561267\n|switch|p2a: Sandaconda|Sandaconda, L84, M, tera:Steel|65/100 slp\n|-damage|p2a: Sandaconda|59/100 slp|[from] Stealth Rock\n|turn|39\n|inactive|Time left: 300 sec this turn | 300 sec total\n|\n|t:|1783561268\n|move|p1a: Mesprit|Shadow Ball|p2a: Sandaconda\n|-damage|p2a: Sandaconda|31/100 slp\n|-unboost|p2a: Sandaconda|spd|1\n|cant|p2a: Sandaconda|slp\n|\n|-heal|p2a: Sandaconda|37/100 slp|[from] item: Leftovers\n|upkeep\n|turn|40\n|inactive|Time left: 300 sec this turn | 300 sec total\n|\n|t:|1783561269\n|switch|p2a: Raging Bolt|Raging Bolt, L78|14/100\n|-damage|p2a: Raging Bolt|1/100|[from] Stealth Rock\n|move|p1a: Mesprit|Shadow Ball|p2a: Raging Bolt\n|-damage|p2a: Raging Bolt|0 fnt\n|faint|p2a: Raging Bolt\n|-end|p2a: Raging Bolt|Protosynthesis|[silent]\n|\n|upkeep\n|\n|t:|1783561270\n|switch|p2a: Sandaconda|Sandaconda, L84, M, tera:Steel|37/100 slp\n|-damage|p2a: Sandaconda|31/100 slp|[from] Stealth Rock\n|turn|41\n|inactive|Time left: 300 sec this turn | 300 sec total\n|\n|t:|1783561271\n|move|p1a: Mesprit|Shadow Ball|p2a: Sandaconda\n|-damage|p2a: Sandaconda|1/100 slp\n|-curestatus|p2a: Sandaconda|slp|[msg]\n|move|p2a: Sandaconda|Rest|p2a: Sandaconda\n|-status|p2a: Sandaconda|slp|[from] move: Rest\n|-heal|p2a: Sandaconda|100/100 slp|[silent]\n|\n|upkeep\n|turn|42\n|inactive|Time left: 300 sec this turn | 300 sec total\n|\n|t:|1783561272\n|move|p1a: Mesprit|Shadow Ball|p2a: Sandaconda\n|-damage|p2a: Sandaconda|70/100 slp\n|cant|p2a: Sandaconda|slp\n|\n|-activate|p2a: Sandaconda|ability: Shed Skin\n|-curestatus|p2a: Sandaconda|slp|[msg]\n|-heal|p2a: Sandaconda|76/100|[from] item: Leftovers\n|upkeep\n|turn|43\n|inactive|Time left: 300 sec this turn | 300 sec total\n|\n|t:|1783561273\n|move|p1a: Mesprit|Shadow Ball|p2a: Sandaconda\n|-damage|p2a: Sandaconda|48/100\n|-unboost|p2a: Sandaconda|spd|1\n|move|p2a: Sandaconda|Coil|p2a: Sandaconda\n|-boost|p2a: Sandaconda|atk|1\n|-boost|p2a: Sandaconda|def|1\n|-boost|p2a: Sandaconda|accuracy|1\n|\n|-heal|p2a: Sandaconda|54/100|[from] item: Leftovers\n|upkeep\n|turn|44\n|inactive|Time left: 300 sec this turn | 300 sec total\n|\n|t:|1783561275\n|move|p1a: Mesprit|Shadow Ball|p2a: Sandaconda\n|-damage|p2a: Sandaconda|9/100\n|-unboost|p2a: Sandaconda|spd|1\n|move|p2a: Sandaconda|Rest|p2a: Sandaconda\n|-status|p2a: Sandaconda|slp|[from] move: Rest\n|-heal|p2a: Sandaconda|100/100 slp|[silent]\n|\n|-activate|p2a: Sandaconda|ability: Shed Skin\n|-curestatus|p2a: Sandaconda|slp|[msg]\n|upkeep\n|turn|45\n|inactive|Time left: 300 sec this turn | 300 sec total\n|\n|t:|1783561276\n|move|p1a: Mesprit|Shadow Ball|p2a: Sandaconda\n|-damage|p2a: Sandaconda|48/100\n|move|p2a: Sandaconda|Rest|p2a: Sandaconda\n|-status|p2a: Sandaconda|slp|[from] move: Rest\n|-heal|p2a: Sandaconda|100/100 slp|[silent]\n|\n|upkeep\n|turn|46\n|inactive|Time left: 300 sec this turn | 300 sec total\n|\n|t:|1783561277\n|switch|p2a: Sableye|Sableye, L88, M|100/100\n|-damage|p2a: Sableye|88/100|[from] Stealth Rock\n|move|p1a: Mesprit|Shadow Ball|p2a: Sableye\n|-damage|p2a: Sableye|59/100\n|-unboost|p2a: Sableye|spd|1\n|\n|-heal|p2a: Sableye|65/100|[from] item: Leftovers\n|upkeep\n|turn|47\n|inactive|Time left: 300 sec this turn | 300 sec total\n|\n|t:|1783561278\n|switch|p2a: Sandaconda|Sandaconda, L84, M, tera:Steel|100/100 slp\n|-damage|p2a: Sandaconda|94/100 slp|[from] Stealth Rock\n|move|p1a: Mesprit|Shadow Ball|p2a: Sandaconda\n|-damage|p2a: Sandaconda|66/100 slp\n|\n|-activate|p2a: Sandaconda|ability: Shed Skin\n|-curestatus|p2a: Sandaconda|slp|[msg]\n|-heal|p2a: Sandaconda|72/100|[from] item: Leftovers\n|upkeep\n|turn|48\n|inactive|Time left: 300 sec this turn | 300 sec total\n|\n|t:|1783561280\n|move|p1a: Mesprit|Shadow Ball|p2a: Sandaconda\n|-damage|p2a: Sandaconda|41/100\n|move|p2a: Sandaconda|Coil|p2a: Sandaconda\n|-boost|p2a: Sandaconda|atk|1\n|-boost|p2a: Sandaconda|def|1\n|-boost|p2a: Sandaconda|accuracy|1\n|\n|-heal|p2a: Sandaconda|47/100|[from] item: Leftovers\n|upkeep\n|turn|49\n|inactive|Time left: 300 sec this turn | 300 sec total\n|\n|t:|1783561281\n|switch|p1a: Volbeat|Volbeat, L90, M|263/263\n|move|p2a: Sandaconda|Rest|p2a: Sandaconda\n|-status|p2a: Sandaconda|slp|[from] move: Rest\n|-heal|p2a: Sandaconda|100/100 slp|[silent]\n|\n|-activate|p2a: Sandaconda|ability: Shed Skin\n|-curestatus|p2a: Sandaconda|slp|[msg]\n|upkeep\n|turn|50\n|inactive|Time left: 300 sec this turn | 300 sec total\n|\n|t:|1783561282\n|move|p1a: Volbeat|Encore|p2a: Sandaconda\n|-start|p2a: Sandaconda|Encore\n|move|p2a: Sandaconda|Rest|p2a: Sandaconda\n|-fail|p2a: Sandaconda|heal\n|\n|-end|p2a: Sandaconda|Encore\n|upkeep\n|turn|51\n|inactive|Time left: 300 sec this turn | 300 sec total\n|\n|t:|1783561283\n|move|p1a: Volbeat|Encore||[still]\n|-fail|p1a: Volbeat\n|move|p2a: Sandaconda|Stone Edge|p1a: Volbeat\n|-supereffective|p1a: Volbeat\n|-damage|p1a: Volbeat|19/263\n|\n|upkeep\n|turn|52\n|inactive|Time left: 300 sec this turn | 300 sec total\n|\n|t:|1783561284\n|move|p1a: Volbeat|Thunder Wave|p2a: Sandaconda\n|-status|p2a: Sandaconda|par\n|move|p2a: Sandaconda|Stone Edge|p1a: Volbeat\n|-supereffective|p1a: Volbeat\n|-damage|p1a: Volbeat|0 fnt\n|faint|p1a: Volbeat\n|\n|upkeep\n|inactive|Time left: 300 sec this turn | 300 sec total | 5 sec grace\n|\n|t:|1783561285\n|switch|p1a: Kleavor|Kleavor, L78, M|237/237\n|turn|53\n|inactive|Time left: 300 sec this turn | 300 sec total\n|\n|t:|1783561285\n|move|p1a: Kleavor|Close Combat|p2a: Sandaconda\n|-supereffective|p2a: Sandaconda\n|-damage|p2a: Sandaconda|63/100 par\n|-unboost|p1a: Kleavor|def|1\n|-unboost|p1a: Kleavor|spd|1\n|move|p2a: Sandaconda|Coil|p2a: Sandaconda\n|-boost|p2a: Sandaconda|atk|1\n|-boost|p2a: Sandaconda|def|1\n|-boost|p2a: Sandaconda|accuracy|1\n|\n|-heal|p2a: Sandaconda|69/100 par|[from] item: Leftovers\n|upkeep\n|turn|54\n|inactive|Time left: 300 sec this turn | 300 sec total\n|\n|t:|1783561286\n|move|p1a: Kleavor|Close Combat|p2a: Sandaconda\n|-supereffective|p2a: Sandaconda\n|-damage|p2a: Sandaconda|40/100 par\n|-unboost|p1a: Kleavor|def|1\n|-unboost|p1a: Kleavor|spd|1\n|move|p2a: Sandaconda|Earthquake|p1a: Kleavor\n|-crit|p1a: Kleavor\n|-damage|p1a: Kleavor|0 fnt\n|faint|p1a: Kleavor\n|\n|-activate|p2a: Sandaconda|ability: Shed Skin\n|-curestatus|p2a: Sandaconda|par|[msg]\n|-heal|p2a: Sandaconda|46/100|[from] item: Leftovers\n|upkeep\n|inactive|Time left: 300 sec this turn | 300 sec total | 5 sec grace\n|\n|t:|1783561287\n|switch|p1a: Mesprit|Mesprit, L85, tera:Fairy|158/275\n|-damage|p1a: Mesprit|124/275|[from] Stealth Rock\n|turn|55\n|inactive|Time left: 300 sec this turn | 300 sec total\n|\n|t:|1783561288\n|move|p1a: Mesprit|Shadow Ball|p2a: Sandaconda\n|-damage|p2a: Sandaconda|18/100\n|move|p2a: Sandaconda|Stone Edge|p1a: Mesprit\n|-crit|p1a: Mesprit\n|-damage|p1a: Mesprit|0 fnt\n|faint|p1a: Mesprit\n|\n|win|p0y18992474", "uploadtime": 1783561288, "views": 0, "rating": 0, "private": 0, "password": null, "_winner": "p0y18992474", "_our_name": "p0x18998b5a"}