{"id": "battle-gen9randombattle-2691", "formatid": "gen9randombattle", "format": "[Gen 9] Random Battle", "players": ["p0x2691cc9f", "p0y26910723"], "log": "|init|battle\n|title|p0x2691cc9f vs. p0y26910723\n|j|\u2606p0x2691cc9f\n|j|\u2606p0y26910723\n|t:|1783571042\n|gametype|singles\n|player|p1|p0x2691cc9f|1|\n|player|p2|p0y26910723|1|\n|gen|9\n|tier|[Gen 9] Random Battle\n|rule|Species Clause: Limit one of each Pok\u00e9mon\n|rule|HP Percentage Mod: HP is shown in percentages\n|rule|Sleep Clause Mod: Limit one foe put to sleep\n|rule|Illusion Level Mod: Illusion disguises the Pok\u00e9mon's true level\n|\n|t:|1783571042\n|teamsize|p1|6\n|teamsize|p2|6\n|start\n|switch|p1a: Bombirdier|Bombirdier, L85, M|100/100\n|switch|p2a: Moltres|Moltres-Galar, L79|271/271\n|turn|1\n|inactive|Battle timer is ON: inactive players will automatically lose when time's up. (requested by p0y26910723)\n|inactive|p0x2691cc9f also wants the timer to be on.\n|\n|t:|1783571044\n|move|p1a: Bombirdier|Stone Edge|p2a: Moltres\n|-supereffective|p2a: Moltres\n|-crit|p2a: Moltres\n|-damage|p2a: Moltres|0 fnt\n|faint|p2a: Moltres\n|\n|upkeep\n|inactive|Time left: 300 sec this turn | 300 sec total | 65 sec grace\n|\n|t:|1783571045\n|switch|p2a: Garchomp|Garchomp, L74, M|282/282\n|turn|2\n|inactive|Time left: 300 sec this turn | 300 sec total\n|\n|t:|1783571046\n|move|p2a: Garchomp|Outrage|p1a: Bombirdier\n|-damage|p1a: Bombirdier|51/100\n|move|p1a: Bombirdier|Knock Off|p2a: Garchomp\n|-damage|p2a: Garchomp|159/282\n|-damage|p1a: Bombirdier|39/100|[from] ability: Rough Skin|[of] p2a: Garchomp\n|-damage|p1a: Bombirdier|22/100|[from] item: Rocky Helmet|[of] p2a: Garchomp\n|-enditem|p2a: Garchomp|Rocky Helmet|[from] move: Knock Off|[of] p1a: Bombirdier\n|\n|upkeep\n|turn|3\n|inactive|Time left: 300 sec this turn | 300 sec total\n|\n|t:|1783571047\n|switch|p1a: Dachsbun|Dachsbun, L92, F|100/100\n|move|p2a: Garchomp|Outrage|p1a: Dachsbun|[from] lockedmove\n|-immune|p1a: Dachsbun\n|\n|upkeep\n|turn|4\n|inactive|Time left: 300 sec this turn | 300 sec total\n|\n|t:|1783571048\n|move|p1a: Dachsbun|Play Rough|p2a: Garchomp\n|-supereffective|p2a: Garchomp\n|-damage|p2a: Garchomp|0 fnt\n|-damage|p1a: Dachsbun|88/100|[from] ability: Rough Skin|[of] p2a: Garchomp\n|faint|p2a: Garchomp\n|\n|-heal|p1a: Dachsbun|94/100|[from] item: Leftovers\n|upkeep\n|inactive|Time left: 300 sec this turn | 300 sec total | 5 sec grace\n|\n|t:|1783571048\n|switch|p2a: Meloetta|Meloetta, L82|298/298\n|turn|5\n|inactive|Time left: 300 sec this turn | 300 sec total\n|\n|t:|1783571050\n|move|p1a: Dachsbun|Play Rough|p2a: Meloetta\n|-damage|p2a: Meloetta|187/298\n|move|p2a: Meloetta|Calm Mind|p2a: Meloetta\n|-boost|p2a: Meloetta|spa|1\n|-boost|p2a: Meloetta|spd|1\n|\n|-heal|p1a: Dachsbun|99/100|[from] item: Leftovers\n|-heal|p2a: Meloetta|205/298|[from] item: Leftovers\n|upkeep\n|turn|6\n|inactive|Time left: 300 sec this turn | 300 sec total\n|\n|t:|1783571050\n|move|p1a: Dachsbun|Play Rough|p2a: Meloetta\n|-damage|p2a: Meloetta|85/298\n|move|p2a: Meloetta|Hyper Voice|p1a: Dachsbun\n|-damage|p1a: Dachsbun|31/100\n|\n|-heal|p1a: Dachsbun|37/100|[from] item: Leftovers\n|-heal|p2a: Meloetta|103/298|[from] item: Leftovers\n|upkeep\n|turn|7\n|inactive|Time left: 300 sec this turn | 300 sec total\n|\n|t:|1783571051\n|switch|p2a: Palossand|Palossand, L89, M|296/296\n|move|p1a: Dachsbun|Play Rough|p2a: Palossand\n|-damage|p2a: Palossand|215/296\n|\n|-heal|p1a: Dachsbun|43/100|[from] item: Leftovers\n|-heal|p2a: Palossand|233/296|[from] item: Leftovers\n|upkeep\n|turn|8\n|inactive|Time left: 300 sec this turn | 300 sec total\n|\n|t:|1783571052\n|switch|p1a: Oricorio|Oricorio-Pom-Pom, L82, F|100/100\n|move|p2a: Palossand|Earth Power|p1a: Oricorio\n|-immune|p1a: Oricorio\n|\n|-heal|p2a: Palossand|251/296|[from] item: Leftovers\n|upkeep\n|turn|9\n|inactive|Time left: 300 sec this turn | 300 sec total\n|\n|t:|1783571053\n|move|p1a: Oricorio|Quiver Dance|p1a: Oricorio\n|-boost|p1a: Oricorio|spa|1\n|-boost|p1a: Oricorio|spd|1\n|-boost|p1a: Oricorio|spe|1\n|move|p2a: Palossand|Shadow Ball|p1a: Oricorio\n|-damage|p1a: Oricorio|69/100\n|\n|-heal|p2a: Palossand|269/296|[from] item: Leftovers\n|upkeep\n|turn|10\n|inactive|Time left: 300 sec this turn | 300 sec total\n|\n|t:|1783571054\n|move|p1a: Oricorio|Quiver Dance|p1a: Oricorio\n|-boost|p1a: Oricorio|spa|1\n|-boost|p1a: Oricorio|spd|1\n|-boost|p1a: Oricorio|spe|1\n|move|p2a: Palossand|Sludge Bomb|p1a: Oricorio\n|-damage|p1a: Oricorio|51/100\n|\n|-heal|p2a: Palossand|287/296|[from] item: Leftovers\n|upkeep\n|turn|11\n|inactive|Time left: 300 sec this turn | 300 sec total\n|\n|t:|1783571055\n|switch|p2a: Dondozo|Dondozo, L78, F|362/362\n|move|p1a: Oricorio|Roost|p1a: Oricorio\n|-heal|p1a: Oricorio|100/100\n|-singleturn|p1a: Oricorio|move: Roost\n|\n|upkeep\n|turn|12\n|inactive|Time left: 300 sec this turn | 300 sec total\n|\n|t:|1783571056\n|-terastallize|p2a: Dondozo|Dragon\n|move|p1a: Oricorio|Revelation Dance|p2a: Dondozo\n|-resisted|p2a: Dondozo\n|-damage|p2a: Dondozo|300/362\n|move|p2a: Dondozo|Wave Crash|p1a: Oricorio\n|-damage|p1a: Oricorio|49/100\n|-damage|p2a: Dondozo|256/362|[from] Recoil\n|\n|-heal|p2a: Dondozo|278/362|[from] item: Leftovers\n|upkeep\n|turn|13\n|inactive|Time left: 300 sec this turn | 300 sec total\n|\n|t:|1783571057\n|move|p1a: Oricorio|Roost|p1a: Oricorio\n|-heal|p1a: Oricorio|99/100\n|-singleturn|p1a: Oricorio|move: Roost\n|move|p2a: Dondozo|Wave Crash|p1a: Oricorio\n|-damage|p1a: Oricorio|44/100\n|-damage|p2a: Dondozo|231/362|[from] Recoil\n|\n|-heal|p2a: Dondozo|253/362|[from] item: Leftovers\n|upkeep\n|turn|14\n|inactive|Time left: 300 sec this turn | 300 sec total\n|\n|t:|1783571058\n|move|p1a: Oricorio|Roost|p1a: Oricorio\n|-heal|p1a: Oricorio|95/100\n|-singleturn|p1a: Oricorio|move: Roost\n|move|p2a: Dondozo|Wave Crash|p1a: Oricorio\n|-damage|p1a: Oricorio|45/100\n|-damage|p2a: Dondozo|211/362|[from] Recoil\n|\n|-heal|p2a: Dondozo|233/362|[from] item: Leftovers\n|upkeep\n|turn|15\n|inactive|Time left: 300 sec this turn | 300 sec total\n|\n|t:|1783571059\n|move|p1a: Oricorio|Roost|p1a: Oricorio\n|-heal|p1a: Oricorio|95/100\n|-singleturn|p1a: Oricorio|move: Roost\n|move|p2a: Dondozo|Wave Crash|p1a: Oricorio\n|-damage|p1a: Oricorio|37/100\n|-damage|p2a: Dondozo|183/362|[from] Recoil\n|\n|-heal|p2a: Dondozo|205/362|[from] item: Leftovers\n|upkeep\n|turn|16\n|inactive|Time left: 300 sec this turn | 300 sec total\n|\n|t:|1783571059\n|move|p1a: Oricorio|Roost|p1a: Oricorio\n|-heal|p1a: Oricorio|87/100\n|-singleturn|p1a: Oricorio|move: Roost\n|move|p2a: Dondozo|Wave Crash|p1a: Oricorio\n|-damage|p1a: Oricorio|31/100\n|-damage|p2a: Dondozo|157/362|[from] Recoil\n|\n|-heal|p2a: Dondozo|179/362|[from] item: Leftovers\n|upkeep\n|turn|17\n|inactive|Time left: 300 sec this turn | 300 sec total\n|\n|t:|1783571060\n|move|p1a: Oricorio|Roost|p1a: Oricorio\n|-heal|p1a: Oricorio|81/100\n|-singleturn|p1a: Oricorio|move: Roost\n|move|p2a: Dondozo|Wave Crash|p1a: Oricorio\n|-crit|p1a: Oricorio\n|-damage|p1a: Oricorio|3/100\n|-damage|p2a: Dondozo|112/362|[from] Recoil\n|\n|-heal|p2a: Dondozo|134/362|[from] item: Leftovers\n|upkeep\n|turn|18\n|inactive|Time left: 300 sec this turn | 300 sec total\n|\n|t:|1783571061\n|move|p1a: Oricorio|Hurricane|p2a: Dondozo|[miss]\n|-miss|p1a: Oricorio|p2a: Dondozo\n|move|p2a: Dondozo|Wave Crash|p1a: Oricorio\n|-damage|p1a: Oricorio|0 fnt\n|faint|p1a: Oricorio\n|-damage|p2a: Dondozo|132/362|[from] Recoil\n|\n|-heal|p2a: Dondozo|154/362|[from] item: Leftovers\n|upkeep\n|\n|t:|1783571062\n|switch|p1a: Ursaluna|Ursaluna-Bloodmoon, L79, M|100/100\n|turn|19\n|inactive|Time left: 300 sec this turn | 300 sec total\n|\n|t:|1783571063\n|switch|p2a: Palossand|Palossand, L89, M|287/296\n|move|p1a: Ursaluna|Blood Moon|p2a: Palossand\n|-damage|p2a: Palossand|92/296\n|\n|-heal|p2a: Palossand|110/296|[from] item: Leftovers\n|upkeep\n|turn|20\n|inactive|Time left: 300 sec this turn | 300 sec total\n|\n|t:|1783571064\n|move|p1a: Ursaluna|Calm Mind|p1a: Ursaluna\n|-boost|p1a: Ursaluna|spa|1\n|-boost|p1a: Ursaluna|spd|1\n|move|p2a: Palossand|Shore Up|p2a: Palossand\n|-heal|p2a: Palossand|258/296\n|\n|-heal|p2a: Palossand|276/296|[from] item: Leftovers\n|upkeep\n|turn|21\n|inactive|Time left: 300 sec this turn | 300 sec total\n|\n|t:|1783571064\n|switch|p2a: Meloetta|Meloetta, L82|103/298\n|move|p1a: Ursaluna|Blood Moon|p2a: Meloetta\n|-damage|p2a: Meloetta|0 fnt\n|faint|p2a: Meloetta\n|\n|upkeep\n|inactive|Time left: 300 sec this turn | 300 sec total | 5 sec grace\n|\n|t:|1783571065\n|switch|p2a: Ambipom|Ambipom, L84, M|263/263\n|turn|22\n|inactive|Time left: 300 sec this turn | 300 sec total\n|\n|t:|1783571066\n|move|p2a: Ambipom|Fake Out|p1a: Ursaluna\n|-damage|p1a: Ursaluna|78/100\n|cant|p1a: Ursaluna|flinch\n|\n|-heal|p1a: Ursaluna|84/100|[from] item: Leftovers\n|upkeep\n|turn|23\n|inactive|Time left: 300 sec this turn | 300 sec total\n|\n|t:|1783571067\n|switch|p2a: Dondozo|Dondozo, L78, F, tera:Dragon|154/362\n|move|p1a: Ursaluna|Calm Mind|p1a: Ursaluna\n|-boost|p1a: Ursaluna|spa|1\n|-boost|p1a: Ursaluna|spd|1\n|\n|-heal|p1a: Ursaluna|90/100|[from] item: Leftovers\n|-heal|p2a: Dondozo|176/362|[from] item: Leftovers\n|upkeep\n|turn|24\n|inactive|Time left: 300 sec this turn | 300 sec total\n|\n|t:|1783571068\n|move|p1a: Ursaluna|Blood Moon|p2a: Dondozo\n|-damage|p2a: Dondozo|0 fnt\n|faint|p2a: Dondozo\n|\n|-heal|p1a: Ursaluna|96/100|[from] item: Leftovers\n|upkeep\n|inactive|Time left: 300 sec this turn | 300 sec total | 5 sec grace\n|\n|t:|1783571069\n|switch|p2a: Ambipom|Ambipom, L84, M|263/263\n|turn|25\n|inactive|Time left: 300 sec this turn | 300 sec total\n|\n|t:|1783571070\n|move|p2a: Ambipom|Fake Out|p1a: Ursaluna\n|-damage|p1a: Ursaluna|74/100\n|cant|p1a: Ursaluna|flinch\n|\n|-heal|p1a: Ursaluna|80/100|[from] item: Leftovers\n|upkeep\n|turn|26\n|inactive|Time left: 300 sec this turn | 300 sec total\n|\n|t:|1783571071\n|move|p1a: Ursaluna|Vacuum Wave|p2a: Ambipom\n|-supereffective|p2a: Ambipom\n|-damage|p2a: Ambipom|97/263\n|move|p2a: Ambipom|Knock Off|p1a: Ursaluna\n|-damage|p1a: Ursaluna|60/100\n|-enditem|p1a: Ursaluna|Leftovers|[from] move: Knock Off|[of] p2a: Ambipom\n|\n|upkeep\n|turn|27\n|inactive|Time left: 300 sec this turn | 300 sec total\n|\n|t:|1783571072\n|switch|p2a: Palossand|Palossand, L89, M|276/296\n|move|p1a: Ursaluna|Vacuum Wave|p2a: Palossand\n|-damage|p2a: Palossand|202/296\n|\n|-heal|p2a: Palossand|220/296|[from] item: Leftovers\n|upkeep\n|turn|28\n|inactive|Time left: 300 sec this turn | 300 sec total\n|\n|t:|1783571073\n|switch|p2a: Ambipom|Ambipom, L84, M|97/263\n|move|p1a: Ursaluna|Blood Moon|p2a: Ambipom\n|-damage|p2a: Ambipom|0 fnt\n|faint|p2a: Ambipom\n|\n|upkeep\n|inactive|Time left: 300 sec this turn | 300 sec total | 5 sec grace\n|\n|t:|1783571074\n|switch|p2a: Palossand|Palossand, L89, M|220/296\n|turn|29\n|inactive|Time left: 300 sec this turn | 300 sec total\n|\n|t:|1783571075\n|move|p1a: Ursaluna|Calm Mind|p1a: Ursaluna\n|-boost|p1a: Ursaluna|spa|1\n|-boost|p1a: Ursaluna|spd|1\n|move|p2a: Palossand|Earth Power|p1a: Ursaluna\n|-damage|p1a: Ursaluna|41/100\n|\n|-heal|p2a: Palossand|238/296|[from] item: Leftovers\n|upkeep\n|turn|30\n|inactive|Time left: 300 sec this turn | 300 sec total\n|\n|t:|1783571076\n|-terastallize|p1a: Ursaluna|Fighting\n|move|p1a: Ursaluna|Blood Moon|p2a: Palossand\n|-damage|p2a: Palossand|0 fnt\n|faint|p2a: Palossand\n|\n|win|p0x2691cc9f", "uploadtime": 1783571076, "views": 0, "rating": 0, "private": 0, "password": null, "_winner": "p0x2691cc9f", "_our_name": "p0y26910723"}