{"id": "battle-gen9randombattle-888", "formatid": "gen9randombattle", "format": "[Gen 9] Random Battle", "players": ["p0x8882246", "p0y888ade3"], "log": "|init|battle\n|title|p0x8882246 vs. p0y888ade3\n|j|\u2606p0x8882246\n|j|\u2606p0y888ade3\n|t:|1783550186\n|gametype|singles\n|player|p1|p0x8882246|170|\n|player|p2|p0y888ade3|266|\n|gen|9\n|tier|[Gen 9] Random Battle\n|rule|Species Clause: Limit one of each Pok\u00e9mon\n|rule|HP Percentage Mod: HP is shown in percentages\n|rule|Sleep Clause Mod: Limit one foe put to sleep\n|rule|Illusion Level Mod: Illusion disguises the Pok\u00e9mon's true level\n|\n|t:|1783550186\n|teamsize|p1|6\n|teamsize|p2|6\n|start\n|switch|p1a: Tatsugiri|Tatsugiri, L87, F|100/100\n|switch|p2a: Porygon-Z|Porygon-Z, L83|277/277\n|turn|1\n|inactive|Battle timer is ON: inactive players will automatically lose when time's up. (requested by p0y888ade3)\n|inactive|p0x8882246 also wants the timer to be on.\n|\n|t:|1783550188\n|move|p2a: Porygon-Z|Tri Attack|p1a: Tatsugiri\n|-damage|p1a: Tatsugiri|34/100\n|-damage|p2a: Porygon-Z|250/277|[from] item: Life Orb\n|move|p1a: Tatsugiri|Nasty Plot|p1a: Tatsugiri\n|-boost|p1a: Tatsugiri|spa|2\n|\n|upkeep\n|turn|2\n|inactive|Time left: 300 sec this turn | 300 sec total\n|\n|t:|1783550189\n|switch|p1a: Ting-Lu|Ting-Lu, L78|100/100\n|-ability|p1a: Ting-Lu|Vessel of Ruin\n|move|p2a: Porygon-Z|Tri Attack|p1a: Ting-Lu\n|-damage|p1a: Ting-Lu|57/100\n|-damage|p2a: Porygon-Z|223/277|[from] item: Life Orb\n|\n|-heal|p1a: Ting-Lu|63/100|[from] item: Leftovers\n|upkeep\n|turn|3\n|inactive|Time left: 300 sec this turn | 300 sec total\n|\n|t:|1783550190\n|move|p2a: Porygon-Z|Tri Attack|p1a: Ting-Lu\n|-damage|p1a: Ting-Lu|17/100\n|-damage|p2a: Porygon-Z|196/277|[from] item: Life Orb\n|move|p1a: Ting-Lu|Earthquake|p2a: Porygon-Z\n|-damage|p2a: Porygon-Z|73/277\n|\n|-heal|p1a: Ting-Lu|23/100|[from] item: Leftovers\n|upkeep\n|turn|4\n|inactive|Time left: 300 sec this turn | 300 sec total\n|\n|t:|1783550192\n|move|p2a: Porygon-Z|Tri Attack|p1a: Ting-Lu\n|-damage|p1a: Ting-Lu|0 fnt\n|faint|p1a: Ting-Lu\n|-damage|p2a: Porygon-Z|46/277|[from] item: Life Orb\n|\n|upkeep\n|\n|t:|1783550193\n|switch|p1a: Talonflame|Talonflame, L83, F|100/100\n|turn|5\n|inactive|Time left: 300 sec this turn | 300 sec total\n|\n|t:|1783550194\n|switch|p2a: Mightyena|Mightyena, L96, M|290/290\n|-ability|p2a: Mightyena|Intimidate|boost\n|-unboost|p1a: Talonflame|atk|1\n|move|p1a: Talonflame|Brave Bird|p2a: Mightyena\n|-crit|p2a: Mightyena\n|-damage|p2a: Mightyena|134/290\n|-damage|p1a: Talonflame|81/100|[from] Recoil\n|\n|upkeep\n|turn|6\n|inactive|Time left: 300 sec this turn | 300 sec total\n|\n|t:|1783550196\n|move|p1a: Talonflame|Swords Dance|p1a: Talonflame\n|-boost|p1a: Talonflame|atk|2\n|move|p2a: Mightyena|Throat Chop|p1a: Talonflame\n|-damage|p1a: Talonflame|17/100\n|-start|p1a: Talonflame|Throat Chop|[silent]\n|\n|upkeep\n|turn|7\n|inactive|Time left: 300 sec this turn | 300 sec total\n|\n|t:|1783550197\n|switch|p2a: Magmortar|Magmortar, L88, F|275/275\n|move|p1a: Talonflame|Flare Blitz|p2a: Magmortar\n|-resisted|p2a: Magmortar\n|-damage|p2a: Magmortar|182/275\n|-damage|p1a: Talonflame|6/100|[from] Recoil\n|\n|-end|p1a: Talonflame|Throat Chop|[silent]\n|upkeep\n|turn|8\n|inactive|Time left: 300 sec this turn | 300 sec total\n|\n|t:|1783550198\n|switch|p2a: Mightyena|Mightyena, L96, M|134/290\n|-ability|p2a: Mightyena|Intimidate|boost\n|-unboost|p1a: Talonflame|atk|1\n|move|p1a: Talonflame|Brave Bird|p2a: Mightyena\n|-damage|p2a: Mightyena|16/290\n|-damage|p1a: Talonflame|0 fnt|[from] Recoil\n|faint|p1a: Talonflame\n|\n|upkeep\n|\n|t:|1783550199\n|switch|p1a: Glimmora|Glimmora, L75, M|100/100\n|turn|9\n|inactive|Time left: 300 sec this turn | 300 sec total\n|\n|t:|1783550200\n|move|p2a: Mightyena|Throat Chop|p1a: Glimmora\n|-damage|p1a: Glimmora|35/100\n|-start|p1a: Glimmora|Throat Chop|[silent]\n|-activate|p1a: Glimmora|ability: Toxic Debris\n|-sidestart|p2: p0y888ade3|move: Toxic Spikes\n|move|p1a: Glimmora|Stealth Rock|p2a: Mightyena\n|-sidestart|p2: p0y888ade3|move: Stealth Rock\n|\n|upkeep\n|turn|10\n|inactive|Time left: 300 sec this turn | 300 sec total\n|\n|t:|1783550201\n|switch|p1a: Suicune|Suicune, L82|100/100\n|-ability|p1a: Suicune|Pressure\n|move|p2a: Mightyena|Throat Chop|p1a: Suicune\n|-damage|p1a: Suicune|57/100\n|-start|p1a: Suicune|Throat Chop|[silent]\n|\n|-heal|p1a: Suicune|63/100|[from] item: Leftovers\n|upkeep\n|turn|11\n|inactive|Time left: 300 sec this turn | 300 sec total\n|\n|t:|1783550202\n|move|p2a: Mightyena|Throat Chop|p1a: Suicune\n|-damage|p1a: Suicune|23/100\n|move|p1a: Suicune|Scald|p2a: Mightyena\n|-damage|p2a: Mightyena|0 fnt\n|faint|p2a: Mightyena\n|\n|-heal|p1a: Suicune|29/100|[from] item: Leftovers\n|-end|p1a: Suicune|Throat Chop|[silent]\n|upkeep\n|inactive|Time left: 300 sec this turn | 300 sec total | 5 sec grace\n|\n|t:|1783550204\n|switch|p2a: Enamorus|Enamorus, L79, F|247/247\n|turn|12\n|inactive|Time left: 300 sec this turn | 300 sec total\n|\n|t:|1783550205\n|move|p1a: Suicune|Protect|p1a: Suicune\n|-singleturn|p1a: Suicune|Protect\n|move|p2a: Enamorus|Moonblast|p1a: Suicune\n|-activate|p1a: Suicune|move: Protect\n|\n|-heal|p1a: Suicune|35/100|[from] item: Leftovers\n|upkeep\n|turn|13\n|inactive|Time left: 300 sec this turn | 300 sec total\n|\n|t:|1783550206\n|move|p2a: Enamorus|Moonblast|p1a: Suicune\n|-damage|p1a: Suicune|2/100\n|move|p1a: Suicune|Calm Mind|p1a: Suicune\n|-boost|p1a: Suicune|spa|1\n|-boost|p1a: Suicune|spd|1\n|\n|-heal|p1a: Suicune|8/100|[from] item: Leftovers\n|upkeep\n|turn|14\n|inactive|Time left: 300 sec this turn | 300 sec total\n|\n|t:|1783550207\n|move|p1a: Suicune|Protect|p1a: Suicune\n|-singleturn|p1a: Suicune|Protect\n|move|p2a: Enamorus|Moonblast|p1a: Suicune\n|-activate|p1a: Suicune|move: Protect\n|\n|-heal|p1a: Suicune|14/100|[from] item: Leftovers\n|upkeep\n|turn|15\n|inactive|Time left: 300 sec this turn | 300 sec total\n|\n|t:|1783550208\n|move|p1a: Suicune|Protect||[still]\n|-fail|p1a: Suicune\n|move|p2a: Enamorus|Moonblast|p1a: Suicune\n|-damage|p1a: Suicune|0 fnt\n|faint|p1a: Suicune\n|\n|upkeep\n|\n|t:|1783550209\n|switch|p1a: Trevenant|Trevenant, L89, M|100/100\n|turn|16\n|inactive|Time left: 300 sec this turn | 300 sec total\n|\n|t:|1783550210\n|move|p2a: Enamorus|Moonblast|p1a: Trevenant\n|-damage|p1a: Trevenant|62/100\n|move|p1a: Trevenant|Poltergeist|p2a: Enamorus\n|-activate|p2a: Enamorus|move: Poltergeist|Heavy-Duty Boots\n|-damage|p2a: Enamorus|78/247\n|\n|upkeep\n|turn|17\n|inactive|Time left: 300 sec this turn | 300 sec total\n|\n|t:|1783550211\n|move|p2a: Enamorus|Mystical Fire|p1a: Trevenant\n|-supereffective|p1a: Trevenant\n|-damage|p1a: Trevenant|19/100\n|-unboost|p1a: Trevenant|spa|1\n|-enditem|p1a: Trevenant|Sitrus Berry|[eat]\n|-heal|p1a: Trevenant|44/100|[from] item: Sitrus Berry\n|move|p1a: Trevenant|Poltergeist|p2a: Enamorus\n|-activate|p2a: Enamorus|move: Poltergeist|Heavy-Duty Boots\n|-damage|p2a: Enamorus|0 fnt\n|faint|p2a: Enamorus\n|\n|-item|p1a: Trevenant|Sitrus Berry|[from] ability: Harvest\n|upkeep\n|-enditem|p1a: Trevenant|Sitrus Berry|[eat]\n|-heal|p1a: Trevenant|69/100|[from] item: Sitrus Berry\n|inactive|Time left: 300 sec this turn | 300 sec total | 5 sec grace\n|\n|t:|1783550212\n|switch|p2a: Magmortar|Magmortar, L88, F|182/275\n|turn|18\n|inactive|Time left: 300 sec this turn | 300 sec total\n|\n|t:|1783550213\n|move|p1a: Trevenant|Protect|p1a: Trevenant\n|-singleturn|p1a: Trevenant|Protect\n|move|p2a: Magmortar|Fire Blast|p1a: Trevenant\n|-activate|p1a: Trevenant|move: Protect\n|\n|upkeep\n|turn|19\n|inactive|Time left: 300 sec this turn | 300 sec total\n|\n|t:|1783550214\n|switch|p1a: Tatsugiri|Tatsugiri, L87, F|34/100\n|move|p2a: Magmortar|Fire Blast|p1a: Tatsugiri\n|-resisted|p1a: Tatsugiri\n|-damage|p1a: Tatsugiri|21/100\n|\n|upkeep\n|turn|20\n|inactive|Time left: 300 sec this turn | 300 sec total\n|\n|t:|1783550215\n|switch|p1a: Trevenant|Trevenant, L89, M|69/100\n|move|p2a: Magmortar|Earthquake|p1a: Trevenant\n|-resisted|p1a: Trevenant\n|-crit|p1a: Trevenant\n|-damage|p1a: Trevenant|50/100\n|\n|-item|p1a: Trevenant|Sitrus Berry|[from] ability: Harvest\n|upkeep\n|-enditem|p1a: Trevenant|Sitrus Berry|[eat]\n|-heal|p1a: Trevenant|75/100|[from] item: Sitrus Berry\n|turn|21\n|inactive|Time left: 300 sec this turn | 300 sec total\n|\n|t:|1783550216\n|move|p1a: Trevenant|Protect|p1a: Trevenant\n|-singleturn|p1a: Trevenant|Protect\n|move|p2a: Magmortar|Fire Blast|p1a: Trevenant\n|-activate|p1a: Trevenant|move: Protect\n|\n|upkeep\n|turn|22\n|inactive|Time left: 300 sec this turn | 300 sec total\n|\n|t:|1783550217\n|switch|p1a: Tatsugiri|Tatsugiri, L87, F|21/100\n|move|p2a: Magmortar|Fire Blast|p1a: Tatsugiri\n|-resisted|p1a: Tatsugiri\n|-damage|p1a: Tatsugiri|7/100\n|\n|upkeep\n|turn|23\n|inactive|Time left: 300 sec this turn | 300 sec total\n|\n|t:|1783550218\n|move|p2a: Magmortar|Earthquake|p1a: Tatsugiri\n|-damage|p1a: Tatsugiri|0 fnt\n|faint|p1a: Tatsugiri\n|\n|upkeep\n|\n|t:|1783550219\n|switch|p1a: Trevenant|Trevenant, L89, M|75/100\n|turn|24\n|inactive|Time left: 300 sec this turn | 300 sec total\n|\n|t:|1783550220\n|move|p1a: Trevenant|Protect|p1a: Trevenant\n|-singleturn|p1a: Trevenant|Protect\n|move|p2a: Magmortar|Fire Blast|p1a: Trevenant\n|-activate|p1a: Trevenant|move: Protect\n|\n|upkeep\n|turn|25\n|inactive|Time left: 300 sec this turn | 300 sec total\n|\n|t:|1783550221\n|-terastallize|p1a: Trevenant|Dark\n|move|p2a: Magmortar|Fire Blast|p1a: Trevenant\n|-damage|p1a: Trevenant|27/100\n|-status|p1a: Trevenant|brn\n|move|p1a: Trevenant|Poltergeist|p2a: Magmortar|[miss]\n|-miss|p1a: Trevenant|p2a: Magmortar\n|\n|-damage|p1a: Trevenant|20/100 brn|[from] brn\n|upkeep\n|turn|26\n|inactive|Time left: 300 sec this turn | 300 sec total\n|\n|t:|1783550222\n|move|p1a: Trevenant|Protect|p1a: Trevenant\n|-singleturn|p1a: Trevenant|Protect\n|move|p2a: Magmortar|Thunderbolt|p1a: Trevenant\n|-activate|p1a: Trevenant|move: Protect\n|\n|-damage|p1a: Trevenant|14/100 brn|[from] brn\n|-item|p1a: Trevenant|Sitrus Berry|[from] ability: Harvest\n|upkeep\n|-enditem|p1a: Trevenant|Sitrus Berry|[eat]\n|-heal|p1a: Trevenant|39/100 brn|[from] item: Sitrus Berry\n|turn|27\n|inactive|Time left: 300 sec this turn | 300 sec total\n|\n|t:|1783550222\n|move|p1a: Trevenant|Protect||[still]\n|-fail|p1a: Trevenant\n|move|p2a: Magmortar|Fire Blast|p1a: Trevenant|[miss]\n|-miss|p2a: Magmortar|p1a: Trevenant\n|\n|-damage|p1a: Trevenant|33/100 brn|[from] brn\n|upkeep\n|turn|28\n|inactive|Time left: 300 sec this turn | 300 sec total\n|\n|t:|1783550223\n|move|p1a: Trevenant|Protect|p1a: Trevenant\n|-singleturn|p1a: Trevenant|Protect\n|move|p2a: Magmortar|Fire Blast|p1a: Trevenant\n|-activate|p1a: Trevenant|move: Protect\n|\n|-damage|p1a: Trevenant|27/100 brn|[from] brn\n|upkeep\n|turn|29\n|inactive|Time left: 300 sec this turn | 300 sec total\n|\n|t:|1783550224\n|move|p1a: Trevenant|Protect||[still]\n|-fail|p1a: Trevenant\n|move|p2a: Magmortar|Thunderbolt|p1a: Trevenant\n|-damage|p1a: Trevenant|0 fnt\n|faint|p1a: Trevenant\n|\n|upkeep\n|\n|t:|1783550225\n|switch|p1a: Glimmora|Glimmora, L75, M|35/100\n|turn|30\n|inactive|Time left: 300 sec this turn | 300 sec total\n|\n|t:|1783550225\n|move|p2a: Magmortar|Thunderbolt|p1a: Glimmora\n|-damage|p1a: Glimmora|0 fnt\n|faint|p1a: Glimmora\n|\n|win|p0y888ade3", "uploadtime": 1783550225, "views": 0, "rating": 0, "private": 0, "password": null, "_winner": "p0y888ade3", "_our_name": "p0y888ade3"}