{"id": "battle-gen9randombattle-447", "formatid": "gen9randombattle", "format": "[Gen 9] Random Battle", "players": ["p0x447092d", "p0y447ed2d"], "log": "|init|battle\n|title|p0x447092d vs. p0y447ed2d\n|j|\u2606p0x447092d\n|j|\u2606p0y447ed2d\n|t:|1783544242\n|gametype|singles\n|player|p1|p0x447092d|169|\n|player|p2|p0y447ed2d|101|\n|gen|9\n|tier|[Gen 9] Random Battle\n|rule|Species Clause: Limit one of each Pok\u00e9mon\n|rule|HP Percentage Mod: HP is shown in percentages\n|rule|Sleep Clause Mod: Limit one foe put to sleep\n|rule|Illusion Level Mod: Illusion disguises the Pok\u00e9mon's true level\n|\n|t:|1783544242\n|teamsize|p1|6\n|teamsize|p2|6\n|start\n|switch|p1a: Giratina|Giratina, L75|100/100\n|switch|p2a: Mew|Mew, L82|298/298\n|-ability|p1a: Giratina|Pressure\n|turn|1\n|inactive|Battle timer is ON: inactive players will automatically lose when time's up. (requested by p0y447ed2d)\n|\n|t:|1783544244\n|move|p2a: Mew|Psychic|p1a: Giratina\n|-damage|p1a: Giratina|76/100\n|move|p1a: Giratina|Shadow Ball|p2a: Mew\n|-supereffective|p2a: Mew\n|-damage|p2a: Mew|170/298\n|\n|-heal|p2a: Mew|188/298|[from] item: Leftovers\n|-heal|p1a: Giratina|82/100|[from] item: Leftovers\n|upkeep\n|turn|2\n|inactive|Time left: 300 sec this turn | 300 sec total\n|inactive|p0x447092d also wants the timer to be on.\n|\n|t:|1783544245\n|move|p2a: Mew|Psychic|p1a: Giratina\n|-damage|p1a: Giratina|59/100\n|move|p1a: Giratina|Shadow Ball|p2a: Mew\n|-supereffective|p2a: Mew\n|-damage|p2a: Mew|50/298\n|-unboost|p2a: Mew|spd|1\n|\n|-heal|p2a: Mew|68/298|[from] item: Leftovers\n|-heal|p1a: Giratina|65/100|[from] item: Leftovers\n|upkeep\n|turn|3\n|inactive|Time left: 300 sec this turn | 300 sec total\n|\n|t:|1783544247\n|move|p2a: Mew|Will-O-Wisp|p1a: Giratina\n|-status|p1a: Giratina|brn\n|move|p1a: Giratina|Shadow Ball|p2a: Mew\n|-supereffective|p2a: Mew\n|-damage|p2a: Mew|0 fnt\n|faint|p2a: Mew\n|\n|-heal|p1a: Giratina|71/100 brn|[from] item: Leftovers\n|-damage|p1a: Giratina|65/100 brn|[from] brn\n|upkeep\n|inactive|Time left: 300 sec this turn | 300 sec total | 5 sec grace\n|\n|t:|1783544248\n|switch|p2a: Golduck|Golduck, L90, M|290/290\n|-ability|p2a: Golduck|Cloud Nine\n|turn|4\n|inactive|Time left: 300 sec this turn | 300 sec total\n|\n|t:|1783544249\n|move|p2a: Golduck|Nasty Plot|p2a: Golduck\n|-boost|p2a: Golduck|spa|2\n|move|p1a: Giratina|Rest|p1a: Giratina\n|-status|p1a: Giratina|slp|[from] move: Rest\n|-heal|p1a: Giratina|100/100 slp|[silent]\n|\n|upkeep\n|turn|5\n|inactive|Time left: 300 sec this turn | 300 sec total\n|\n|t:|1783544250\n|switch|p1a: Glaceon|Glaceon, L94, M|100/100\n|move|p2a: Golduck|Ice Beam|p1a: Glaceon\n|-resisted|p1a: Glaceon\n|-damage|p1a: Glaceon|72/100\n|-damage|p2a: Golduck|261/290|[from] item: Life Orb\n|\n|upkeep\n|turn|6\n|inactive|Time left: 300 sec this turn | 300 sec total\n|\n|t:|1783544251\n|move|p2a: Golduck|Hydro Pump|p1a: Glaceon\n|-damage|p1a: Glaceon|0 fnt\n|faint|p1a: Glaceon\n|-damage|p2a: Golduck|232/290|[from] item: Life Orb\n|\n|upkeep\n|\n|t:|1783544252\n|switch|p1a: Golem|Golem, L87, M|100/100\n|turn|7\n|inactive|Time left: 300 sec this turn | 300 sec total\n|\n|t:|1783544253\n|move|p2a: Golduck|Ice Beam|p1a: Golem\n|-supereffective|p1a: Golem\n|-ability|p1a: Golem|Sturdy\n|-damage|p1a: Golem|1/100\n|-enditem|p1a: Golem|Weakness Policy\n|-boost|p1a: Golem|atk|2|[from] item: Weakness Policy\n|-boost|p1a: Golem|spa|2|[from] item: Weakness Policy\n|-damage|p2a: Golduck|203/290|[from] item: Life Orb\n|move|p1a: Golem|Earthquake|p2a: Golduck\n|-damage|p2a: Golduck|0 fnt\n|faint|p2a: Golduck\n|\n|upkeep\n|inactive|Time left: 300 sec this turn | 300 sec total | 5 sec grace\n|\n|t:|1783544254\n|switch|p2a: Gallade|Gallade, L80, M|240/240\n|turn|8\n|inactive|Time left: 300 sec this turn | 300 sec total\n|\n|t:|1783544255\n|move|p2a: Gallade|Sacred Sword|p1a: Golem\n|-supereffective|p1a: Golem\n|-damage|p1a: Golem|0 fnt\n|faint|p1a: Golem\n|-damage|p2a: Gallade|216/240|[from] item: Life Orb\n|\n|upkeep\n|\n|t:|1783544256\n|switch|p1a: Gyarados|Gyarados, L79, F|100/100\n|turn|9\n|inactive|Time left: 300 sec this turn | 300 sec total\n|\n|t:|1783544257\n|-terastallize|p1a: Gyarados|Flying\n|move|p2a: Gallade|Psycho Cut|p1a: Gyarados\n|-damage|p1a: Gyarados|35/100\n|-damage|p2a: Gallade|192/240|[from] item: Life Orb\n|move|p1a: Gyarados|Tera Blast|p2a: Gallade|[anim] Tera Blast Flying\n|-supereffective|p2a: Gallade\n|-damage|p2a: Gallade|0 fnt\n|faint|p2a: Gallade\n|-ability|p1a: Gyarados|Moxie|boost\n|-boost|p1a: Gyarados|atk|1\n|\n|upkeep\n|inactive|Time left: 300 sec this turn | 300 sec total | 5 sec grace\n|\n|t:|1783544258\n|switch|p2a: Hitmonlee|Hitmonlee, L85, M|223/223\n|turn|10\n|inactive|Time left: 300 sec this turn | 300 sec total\n|\n|t:|1783544259\n|move|p2a: Hitmonlee|Knock Off|p1a: Gyarados\n|-damage|p1a: Gyarados|0 fnt\n|-enditem|p1a: Gyarados|Heavy-Duty Boots|[from] move: Knock Off|[of] p2a: Hitmonlee\n|faint|p1a: Gyarados\n|\n|upkeep\n|\n|t:|1783544260\n|switch|p1a: Vigoroth|Vigoroth, L85, M|100/100\n|turn|11\n|inactive|Time left: 300 sec this turn | 300 sec total\n|\n|t:|1783544261\n|move|p1a: Vigoroth|Body Slam|p2a: Hitmonlee\n|-damage|p2a: Hitmonlee|117/223\n|move|p2a: Hitmonlee|Knock Off|p1a: Vigoroth\n|-damage|p1a: Vigoroth|67/100\n|-enditem|p1a: Vigoroth|Eviolite|[from] move: Knock Off|[of] p2a: Hitmonlee\n|\n|upkeep\n|turn|12\n|inactive|Time left: 300 sec this turn | 300 sec total\n|\n|t:|1783544262\n|switch|p2a: Eternatus|Eternatus, L69|308/308\n|-ability|p2a: Eternatus|Pressure\n|move|p1a: Vigoroth|Body Slam|p2a: Eternatus\n|-damage|p2a: Eternatus|214/308\n|\n|-heal|p2a: Eternatus|233/308|[from] item: Leftovers\n|upkeep\n|turn|13\n|inactive|Time left: 300 sec this turn | 300 sec total\n|\n|t:|1783544263\n|-terastallize|p2a: Eternatus|Dragon\n|move|p2a: Eternatus|Dynamax Cannon|p1a: Vigoroth\n|-damage|p1a: Vigoroth|0 fnt\n|faint|p1a: Vigoroth\n|\n|-heal|p2a: Eternatus|252/308|[from] item: Leftovers\n|upkeep\n|\n|t:|1783544264\n|switch|p1a: Luvdisc|Luvdisc, F|100/100\n|turn|14\n|inactive|Time left: 300 sec this turn | 300 sec total\n|\n|t:|1783544265\n|move|p1a: Luvdisc|Substitute|p1a: Luvdisc\n|-start|p1a: Luvdisc|Substitute\n|-damage|p1a: Luvdisc|76/100\n|move|p2a: Eternatus|Dynamax Cannon|p1a: Luvdisc\n|-end|p1a: Luvdisc|Substitute\n|\n|-heal|p2a: Eternatus|271/308|[from] item: Leftovers\n|upkeep\n|turn|15\n|inactive|Time left: 300 sec this turn | 300 sec total\n|\n|t:|1783544266\n|move|p1a: Luvdisc|Substitute|p1a: Luvdisc\n|-start|p1a: Luvdisc|Substitute\n|-damage|p1a: Luvdisc|51/100\n|move|p2a: Eternatus|Dynamax Cannon|p1a: Luvdisc\n|-end|p1a: Luvdisc|Substitute\n|\n|-heal|p2a: Eternatus|290/308|[from] item: Leftovers\n|upkeep\n|turn|16\n|inactive|Time left: 300 sec this turn | 300 sec total\n|\n|t:|1783544267\n|move|p1a: Luvdisc|Substitute|p1a: Luvdisc\n|-start|p1a: Luvdisc|Substitute\n|-damage|p1a: Luvdisc|26/100\n|move|p2a: Eternatus|Dynamax Cannon|p1a: Luvdisc\n|-end|p1a: Luvdisc|Substitute\n|\n|-heal|p2a: Eternatus|308/308|[from] item: Leftovers\n|upkeep\n|turn|17\n|inactive|Time left: 300 sec this turn | 300 sec total\n|\n|t:|1783544268\n|move|p1a: Luvdisc|Substitute|p1a: Luvdisc\n|-start|p1a: Luvdisc|Substitute\n|-damage|p1a: Luvdisc|2/100\n|move|p2a: Eternatus|Dynamax Cannon|p1a: Luvdisc\n|-end|p1a: Luvdisc|Substitute\n|\n|upkeep\n|turn|18\n|inactive|Time left: 300 sec this turn | 300 sec total\n|\n|t:|1783544269\n|move|p1a: Luvdisc|Flip Turn|p2a: Eternatus\n|-resisted|p2a: Eternatus\n|-damage|p2a: Eternatus|284/308\n|\n|t:|1783544271\n|switch|p1a: Giratina|Giratina, L75|100/100 slp|[from] Flip Turn\n|-ability|p1a: Giratina|Pressure\n|move|p2a: Eternatus|Flamethrower|p1a: Giratina\n|-resisted|p1a: Giratina\n|-damage|p1a: Giratina|93/100 slp\n|\n|-heal|p2a: Eternatus|303/308|[from] item: Leftovers\n|-heal|p1a: Giratina|99/100 slp|[from] item: Leftovers\n|upkeep\n|turn|19\n|inactive|Time left: 300 sec this turn | 300 sec total\n|\n|t:|1783544272\n|switch|p1a: Luvdisc|Luvdisc, F|2/100\n|move|p2a: Eternatus|Dynamax Cannon|p1a: Luvdisc\n|-damage|p1a: Luvdisc|0 fnt\n|faint|p1a: Luvdisc\n|\n|-heal|p2a: Eternatus|308/308|[from] item: Leftovers\n|upkeep\n|\n|t:|1783544273\n|switch|p1a: Giratina|Giratina, L75|99/100 slp\n|-ability|p1a: Giratina|Pressure\n|turn|20\n|inactive|Time left: 300 sec this turn | 300 sec total\n|\n|t:|1783544274\n|switch|p2a: Hitmonlee|Hitmonlee, L85, M|117/223\n|cant|p1a: Giratina|slp\n|\n|-heal|p1a: Giratina|100/100 slp|[from] item: Leftovers\n|upkeep\n|turn|21\n|inactive|Time left: 300 sec this turn | 300 sec total\n|\n|t:|1783544275\n|move|p2a: Hitmonlee|Knock Off|p1a: Giratina\n|-supereffective|p1a: Giratina\n|-damage|p1a: Giratina|41/100 slp\n|-enditem|p1a: Giratina|Leftovers|[from] move: Knock Off|[of] p2a: Hitmonlee\n|cant|p1a: Giratina|slp\n|\n|upkeep\n|turn|22\n|inactive|Time left: 300 sec this turn | 300 sec total\n|\n|t:|1783544276\n|move|p2a: Hitmonlee|Knock Off|p1a: Giratina\n|-supereffective|p1a: Giratina\n|-damage|p1a: Giratina|0 fnt\n|faint|p1a: Giratina\n|\n|win|p0y447ed2d", "uploadtime": 1783544276, "views": 0, "rating": 0, "private": 0, "password": null, "_winner": "p0y447ed2d", "_our_name": "p0y447ed2d"}