{"id": "battle-gen9randombattle-578", "formatid": "gen9randombattle", "format": "[Gen 9] Random Battle", "players": ["p0x578e606", "p0y5783150"], "log": "|init|battle\n|title|p0x578e606 vs. p0y5783150\n|j|\u2606p0x578e606\n|j|\u2606p0y5783150\n|t:|1783546490\n|gametype|singles\n|player|p1|p0x578e606|265|\n|player|p2|p0y5783150|170|\n|gen|9\n|tier|[Gen 9] Random Battle\n|rule|Species Clause: Limit one of each Pok\u00e9mon\n|rule|HP Percentage Mod: HP is shown in percentages\n|rule|Sleep Clause Mod: Limit one foe put to sleep\n|rule|Illusion Level Mod: Illusion disguises the Pok\u00e9mon's true level\n|\n|t:|1783546490\n|teamsize|p1|6\n|teamsize|p2|6\n|start\n|switch|p1a: Goodra|Goodra, L85, M|100/100\n|switch|p2a: Electivire|Electivire, L84, M|263/263\n|turn|1\n|inactive|Battle timer is ON: inactive players will automatically lose when time's up. (requested by p0y5783150)\n|inactive|p0x578e606 also wants the timer to be on.\n|\n|t:|1783546492\n|move|p2a: Electivire|Knock Off|p1a: Goodra\n|-damage|p1a: Goodra|61/100\n|-enditem|p1a: Goodra|Assault Vest|[from] move: Knock Off|[of] p2a: Electivire\n|-damage|p2a: Electivire|237/263|[from] item: Life Orb\n|move|p1a: Goodra|Earthquake|p2a: Electivire\n|-supereffective|p2a: Electivire\n|-damage|p2a: Electivire|49/263\n|\n|upkeep\n|turn|2\n|inactive|Time left: 300 sec this turn | 300 sec total\n|\n|t:|1783546494\n|move|p2a: Electivire|Earthquake|p1a: Goodra\n|-damage|p1a: Goodra|18/100\n|-damage|p2a: Electivire|23/263|[from] item: Life Orb\n|move|p1a: Goodra|Earthquake|p2a: Electivire\n|-supereffective|p2a: Electivire\n|-damage|p2a: Electivire|0 fnt\n|faint|p2a: Electivire\n|\n|upkeep\n|inactive|Time left: 300 sec this turn | 300 sec total | 5 sec grace\n|\n|t:|1783546495\n|switch|p2a: Ho-Oh|Ho-Oh, L71|268/268\n|turn|3\n|inactive|Time left: 300 sec this turn | 300 sec total\n|\n|t:|1783546496\n|move|p1a: Goodra|Draco Meteor|p2a: Ho-Oh\n|-damage|p2a: Ho-Oh|141/268\n|-unboost|p1a: Goodra|spa|2\n|move|p2a: Ho-Oh|Earthquake|p1a: Goodra\n|-damage|p1a: Goodra|0 fnt\n|faint|p1a: Goodra\n|\n|upkeep\n|\n|t:|1783546497\n|switch|p1a: Barraskewda|Barraskewda, L81, F|100/100\n|turn|4\n|inactive|Time left: 300 sec this turn | 300 sec total\n|\n|t:|1783546498\n|switch|p2a: Wigglytuff|Wigglytuff, L96, M|424/424\n|move|p1a: Barraskewda|Waterfall|p2a: Wigglytuff\n|-damage|p2a: Wigglytuff|240/424\n|\n|-heal|p2a: Wigglytuff|266/424|[from] item: Leftovers\n|upkeep\n|turn|5\n|inactive|Time left: 300 sec this turn | 300 sec total\n|\n|t:|1783546500\n|move|p2a: Wigglytuff|Protect|p2a: Wigglytuff\n|-singleturn|p2a: Wigglytuff|Protect\n|move|p1a: Barraskewda|Waterfall|p2a: Wigglytuff\n|-activate|p2a: Wigglytuff|move: Protect\n|\n|-heal|p2a: Wigglytuff|292/424|[from] item: Leftovers\n|upkeep\n|turn|6\n|inactive|Time left: 300 sec this turn | 300 sec total\n|\n|t:|1783546501\n|switch|p2a: Baxcalibur|Baxcalibur, L75, F|296/296\n|move|p1a: Barraskewda|Waterfall|p2a: Baxcalibur\n|-resisted|p2a: Baxcalibur\n|-damage|p2a: Baxcalibur|225/296\n|\n|upkeep\n|turn|7\n|inactive|Time left: 300 sec this turn | 300 sec total\n|\n|t:|1783546502\n|move|p1a: Barraskewda|Waterfall|p2a: Baxcalibur\n|-resisted|p2a: Baxcalibur\n|-damage|p2a: Baxcalibur|148/296\n|move|p2a: Baxcalibur|Glaive Rush|p1a: Barraskewda\n|-damage|p1a: Barraskewda|23/100\n|-singlemove|p2a: Baxcalibur|Glaive Rush|[silent]\n|\n|upkeep\n|turn|8\n|inactive|Time left: 300 sec this turn | 300 sec total\n|\n|t:|1783546503\n|switch|p2a: Latios|Latios, L78, M|253/253\n|move|p1a: Barraskewda|Waterfall|p2a: Latios\n|-resisted|p2a: Latios\n|-damage|p2a: Latios|177/253\n|\n|upkeep\n|turn|9\n|inactive|Time left: 300 sec this turn | 300 sec total\n|\n|t:|1783546504\n|move|p1a: Barraskewda|Waterfall|p2a: Latios\n|-resisted|p2a: Latios\n|-damage|p2a: Latios|94/253\n|move|p2a: Latios|Psyshock|p1a: Barraskewda\n|-damage|p1a: Barraskewda|0 fnt\n|faint|p1a: Barraskewda\n|\n|upkeep\n|\n|t:|1783546505\n|switch|p1a: Tornadus|Tornadus, L82, M|100/100\n|turn|10\n|inactive|Time left: 300 sec this turn | 300 sec total\n|\n|t:|1783546506\n|move|p1a: Tornadus|Bleakwind Storm|p2a: Latios\n|-damage|p2a: Latios|0 fnt\n|faint|p2a: Latios\n|\n|upkeep\n|inactive|Time left: 300 sec this turn | 300 sec total | 5 sec grace\n|\n|t:|1783546507\n|switch|p2a: Golurk|Golurk, L87|297/297\n|turn|11\n|inactive|Time left: 300 sec this turn | 300 sec total\n|\n|t:|1783546508\n|move|p1a: Tornadus|Bleakwind Storm|p2a: Golurk\n|-damage|p2a: Golurk|101/297\n|move|p2a: Golurk|Stone Edge|p1a: Tornadus\n|-supereffective|p1a: Tornadus\n|-damage|p1a: Tornadus|0 fnt\n|faint|p1a: Tornadus\n|-damage|p2a: Golurk|72/297|[from] item: Life Orb\n|\n|upkeep\n|\n|t:|1783546509\n|switch|p1a: Toedscruel|Toedscruel, L87, M|100/100\n|turn|12\n|inactive|Time left: 300 sec this turn | 300 sec total\n|\n|t:|1783546510\n|switch|p2a: Ho-Oh|Ho-Oh, L71|230/268\n|move|p1a: Toedscruel|Earth Power|p2a: Ho-Oh\n|-immune|p2a: Ho-Oh\n|\n|upkeep\n|turn|13\n|inactive|Time left: 300 sec this turn | 300 sec total\n|\n|t:|1783546511\n|move|p2a: Ho-Oh|Sacred Fire|p1a: Toedscruel\n|-supereffective|p1a: Toedscruel\n|-damage|p1a: Toedscruel|21/100\n|-status|p1a: Toedscruel|brn\n|move|p1a: Toedscruel|Spore|p2a: Ho-Oh\n|-status|p2a: Ho-Oh|slp|[from] move: Spore\n|\n|-heal|p1a: Toedscruel|27/100 brn|[from] item: Leftovers\n|-damage|p1a: Toedscruel|21/100 brn|[from] brn\n|upkeep\n|turn|14\n|inactive|Time left: 300 sec this turn | 300 sec total\n|\n|t:|1783546512\n|switch|p1a: Ursaring|Ursaring, L84, M|100/100\n|cant|p2a: Ho-Oh|slp\n|\n|-status|p1a: Ursaring|tox|[from] item: Toxic Orb\n|upkeep\n|turn|15\n|inactive|Time left: 300 sec this turn | 300 sec total\n|\n|t:|1783546513\n|switch|p2a: Golurk|Golurk, L87|72/297\n|move|p1a: Ursaring|Swords Dance|p1a: Ursaring\n|-boost|p1a: Ursaring|atk|2\n|\n|-damage|p1a: Ursaring|94/100 tox|[from] psn\n|upkeep\n|turn|16\n|inactive|Time left: 300 sec this turn | 300 sec total\n|\n|t:|1783546514\n|switch|p2a: Wigglytuff|Wigglytuff, L96, M|292/424\n|move|p1a: Ursaring|Crunch|p2a: Wigglytuff\n|-resisted|p2a: Wigglytuff\n|-crit|p2a: Wigglytuff\n|-damage|p2a: Wigglytuff|145/424\n|\n|-heal|p2a: Wigglytuff|171/424|[from] item: Leftovers\n|-damage|p1a: Ursaring|82/100 tox|[from] psn\n|upkeep\n|turn|17\n|inactive|Time left: 300 sec this turn | 300 sec total\n|\n|t:|1783546515\n|move|p2a: Wigglytuff|Protect|p2a: Wigglytuff\n|-singleturn|p2a: Wigglytuff|Protect\n|move|p1a: Ursaring|Facade|p2a: Wigglytuff\n|-activate|p2a: Wigglytuff|move: Protect\n|\n|-heal|p2a: Wigglytuff|197/424|[from] item: Leftovers\n|-damage|p1a: Ursaring|63/100 tox|[from] psn\n|upkeep\n|turn|18\n|inactive|Time left: 300 sec this turn | 300 sec total\n|\n|t:|1783546516\n|switch|p2a: Golurk|Golurk, L87|72/297\n|move|p1a: Ursaring|Facade|p2a: Golurk\n|-immune|p2a: Golurk\n|\n|-damage|p1a: Ursaring|38/100 tox|[from] psn\n|upkeep\n|turn|19\n|inactive|Time left: 300 sec this turn | 300 sec total\n|\n|t:|1783546517\n|move|p1a: Ursaring|Crunch|p2a: Golurk\n|-supereffective|p2a: Golurk\n|-damage|p2a: Golurk|0 fnt\n|faint|p2a: Golurk\n|\n|-damage|p1a: Ursaring|7/100 tox|[from] psn\n|upkeep\n|inactive|Time left: 300 sec this turn | 300 sec total | 5 sec grace\n|\n|t:|1783546518\n|switch|p2a: Wigglytuff|Wigglytuff, L96, M|197/424\n|turn|20\n|inactive|Time left: 300 sec this turn | 300 sec total\n|\n|t:|1783546518\n|move|p2a: Wigglytuff|Protect|p2a: Wigglytuff\n|-singleturn|p2a: Wigglytuff|Protect\n|move|p1a: Ursaring|Close Combat|p2a: Wigglytuff\n|-activate|p2a: Wigglytuff|move: Protect\n|\n|-heal|p2a: Wigglytuff|223/424|[from] item: Leftovers\n|-damage|p1a: Ursaring|0 fnt|[from] psn\n|faint|p1a: Ursaring\n|upkeep\n|\n|t:|1783546519\n|switch|p1a: Toedscruel|Toedscruel, L87, M|21/100 brn\n|turn|21\n|inactive|Time left: 300 sec this turn | 300 sec total\n|\n|t:|1783546520\n|move|p1a: Toedscruel|Giga Drain|p2a: Wigglytuff\n|-damage|p2a: Wigglytuff|124/424\n|-heal|p1a: Toedscruel|39/100 brn|[from] drain|[of] p2a: Wigglytuff\n|move|p2a: Wigglytuff|Wish|p2a: Wigglytuff\n|\n|-heal|p1a: Toedscruel|45/100 brn|[from] item: Leftovers\n|-heal|p2a: Wigglytuff|150/424|[from] item: Leftovers\n|-damage|p1a: Toedscruel|39/100 brn|[from] brn\n|upkeep\n|turn|22\n|inactive|Time left: 300 sec this turn | 300 sec total\n|\n|t:|1783546521\n|move|p1a: Toedscruel|Giga Drain|p2a: Wigglytuff\n|-damage|p2a: Wigglytuff|50/424\n|-heal|p1a: Toedscruel|56/100 brn|[from] drain|[of] p2a: Wigglytuff\n|move|p2a: Wigglytuff|Fire Blast|p1a: Toedscruel\n|-supereffective|p1a: Toedscruel\n|-damage|p1a: Toedscruel|9/100 brn\n|\n|-heal|p2a: Wigglytuff|262/424|[from] move: Wish|[wisher] Wigglytuff\n|-heal|p1a: Toedscruel|15/100 brn|[from] item: Leftovers\n|-heal|p2a: Wigglytuff|288/424|[from] item: Leftovers\n|-damage|p1a: Toedscruel|9/100 brn|[from] brn\n|upkeep\n|turn|23\n|inactive|Time left: 300 sec this turn | 300 sec total\n|\n|t:|1783546522\n|move|p1a: Toedscruel|Earth Power|p2a: Wigglytuff\n|-damage|p2a: Wigglytuff|183/424\n|move|p2a: Wigglytuff|Wish|p2a: Wigglytuff\n|\n|-heal|p1a: Toedscruel|15/100 brn|[from] item: Leftovers\n|-heal|p2a: Wigglytuff|209/424|[from] item: Leftovers\n|-damage|p1a: Toedscruel|9/100 brn|[from] brn\n|upkeep\n|turn|24\n|inactive|Time left: 300 sec this turn | 300 sec total\n|\n|t:|1783546523\n|move|p1a: Toedscruel|Earth Power|p2a: Wigglytuff\n|-damage|p2a: Wigglytuff|94/424\n|move|p2a: Wigglytuff|Alluring Voice|p1a: Toedscruel\n|-crit|p1a: Toedscruel\n|-damage|p1a: Toedscruel|0 fnt\n|faint|p1a: Toedscruel\n|\n|-heal|p2a: Wigglytuff|306/424|[from] move: Wish|[wisher] Wigglytuff\n|-heal|p2a: Wigglytuff|332/424|[from] item: Leftovers\n|upkeep\n|\n|t:|1783546524\n|switch|p1a: Ditto|Ditto, L87|100/100\n|-transform|p1a: Ditto|p2a: Wigglytuff|[from] ability: Imposter\n|turn|25\n|inactive|Time left: 300 sec this turn | 300 sec total\n|\n|t:|1783546525\n|move|p1a: Ditto|Protect|p1a: Ditto\n|-singleturn|p1a: Ditto|Protect\n|move|p2a: Wigglytuff|Alluring Voice|p1a: Ditto\n|-activate|p1a: Ditto|move: Protect\n|\n|-heal|p2a: Wigglytuff|358/424|[from] item: Leftovers\n|upkeep\n|turn|26\n|inactive|Time left: 300 sec this turn | 300 sec total\n|\n|t:|1783546526\n|move|p1a: Ditto|Protect||[still]\n|-fail|p1a: Ditto\n|move|p2a: Wigglytuff|Alluring Voice|p1a: Ditto\n|-damage|p1a: Ditto|44/100\n|\n|-heal|p2a: Wigglytuff|384/424|[from] item: Leftovers\n|upkeep\n|turn|27\n|inactive|Time left: 300 sec this turn | 300 sec total\n|\n|t:|1783546527\n|-terastallize|p2a: Wigglytuff|Steel\n|move|p1a: Ditto|Protect|p1a: Ditto\n|-singleturn|p1a: Ditto|Protect\n|move|p2a: Wigglytuff|Alluring Voice|p1a: Ditto\n|-activate|p1a: Ditto|move: Protect\n|\n|-heal|p2a: Wigglytuff|410/424|[from] item: Leftovers\n|upkeep\n|turn|28\n|inactive|Time left: 300 sec this turn | 300 sec total\n|\n|t:|1783546528\n|-terastallize|p1a: Ditto|Steel\n|move|p1a: Ditto|Protect||[still]\n|-fail|p1a: Ditto\n|move|p2a: Wigglytuff|Alluring Voice|p1a: Ditto\n|-resisted|p1a: Ditto\n|-damage|p1a: Ditto|16/100\n|\n|-heal|p2a: Wigglytuff|424/424|[from] item: Leftovers\n|upkeep\n|turn|29\n|inactive|Time left: 300 sec this turn | 300 sec total\n|\n|t:|1783546529\n|move|p1a: Ditto|Protect|p1a: Ditto\n|-singleturn|p1a: Ditto|Protect\n|move|p2a: Wigglytuff|Alluring Voice|p1a: Ditto\n|-activate|p1a: Ditto|move: Protect\n|\n|upkeep\n|turn|30\n|inactive|Time left: 300 sec this turn | 300 sec total\n|\n|t:|1783546529\n|-activate|p1a: Ditto|move: Struggle\n|move|p1a: Ditto|Struggle|p2a: Wigglytuff\n|-damage|p2a: Wigglytuff|392/424\n|-damage|p1a: Ditto|0 fnt|[from] recoil\n|faint|p1a: Ditto\n|\n|win|p0y5783150", "uploadtime": 1783546529, "views": 0, "rating": 0, "private": 0, "password": null, "_winner": "p0y5783150", "_our_name": "p0y5783150"}