{"id": "battle-gen9randombattle-2165", "formatid": "gen9randombattle", "format": "[Gen 9] Random Battle", "players": ["p0x21659d78", "p0y21655872"], "log": "|init|battle\n|title|p0x21659d78 vs. p0y21655872\n|j|\u2606p0x21659d78\n|j|\u2606p0y21655872\n|t:|1783565075\n|gametype|singles\n|player|p1|p0x21659d78|169|\n|player|p2|p0y21655872|1|\n|gen|9\n|tier|[Gen 9] Random Battle\n|rule|Species Clause: Limit one of each Pok\u00e9mon\n|rule|HP Percentage Mod: HP is shown in percentages\n|rule|Sleep Clause Mod: Limit one foe put to sleep\n|rule|Illusion Level Mod: Illusion disguises the Pok\u00e9mon's true level\n|\n|t:|1783565075\n|teamsize|p1|6\n|teamsize|p2|6\n|start\n|switch|p1a: Necrozma|Necrozma, L80|286/286\n|switch|p2a: Girafarig|Girafarig, L89, M|100/100\n|turn|1\n|inactive|Battle timer is ON: inactive players will automatically lose when time's up. (requested by p0y21655872)\n|inactive|Time left: 300 sec this turn | 300 sec total | 60 sec grace\n|inactive|p0x21659d78 also wants the timer to be on.\n|\n|t:|1783565077\n|move|p2a: Girafarig|Nasty Plot|p2a: Girafarig\n|-boost|p2a: Girafarig|spa|2\n|move|p1a: Necrozma|Calm Mind|p1a: Necrozma\n|-boost|p1a: Necrozma|spa|1\n|-boost|p1a: Necrozma|spd|1\n|\n|upkeep\n|turn|2\n|inactive|Time left: 300 sec this turn | 300 sec total\n|\n|t:|1783565079\n|move|p2a: Girafarig|Nasty Plot|p2a: Girafarig\n|-boost|p2a: Girafarig|spa|2\n|move|p1a: Necrozma|Calm Mind|p1a: Necrozma\n|-boost|p1a: Necrozma|spa|1\n|-boost|p1a: Necrozma|spd|1\n|\n|upkeep\n|turn|3\n|inactive|Time left: 300 sec this turn | 300 sec total\n|\n|t:|1783565080\n|move|p2a: Girafarig|Hyper Voice|p1a: Necrozma\n|-damage|p1a: Necrozma|136/286\n|move|p1a: Necrozma|Earth Power|p2a: Girafarig\n|-damage|p2a: Girafarig|55/100\n|\n|-heal|p1a: Necrozma|153/286|[from] item: Leftovers\n|upkeep\n|turn|4\n|inactive|Time left: 300 sec this turn | 300 sec total\n|\n|t:|1783565081\n|-terastallize|p1a: Necrozma|Steel\n|move|p2a: Girafarig|Hyper Voice|p1a: Necrozma\n|-resisted|p1a: Necrozma\n|-damage|p1a: Necrozma|71/286\n|move|p1a: Necrozma|Moonlight|p1a: Necrozma\n|-heal|p1a: Necrozma|214/286\n|\n|-heal|p1a: Necrozma|231/286|[from] item: Leftovers\n|upkeep\n|turn|5\n|inactive|Time left: 300 sec this turn | 300 sec total\n|\n|t:|1783565082\n|move|p2a: Girafarig|Psyshock|p1a: Necrozma\n|-resisted|p1a: Necrozma\n|-damage|p1a: Necrozma|111/286\n|move|p1a: Necrozma|Moonlight|p1a: Necrozma\n|-heal|p1a: Necrozma|254/286\n|\n|-heal|p1a: Necrozma|271/286|[from] item: Leftovers\n|upkeep\n|turn|6\n|inactive|Time left: 300 sec this turn | 300 sec total\n|\n|t:|1783565083\n|move|p2a: Girafarig|Thunderbolt|p1a: Necrozma\n|-damage|p1a: Necrozma|164/286\n|move|p1a: Necrozma|Photon Geyser|p2a: Girafarig\n|-resisted|p2a: Girafarig\n|-damage|p2a: Girafarig|18/100\n|\n|-heal|p1a: Necrozma|181/286|[from] item: Leftovers\n|upkeep\n|turn|7\n|inactive|Time left: 300 sec this turn | 300 sec total\n|\n|t:|1783565083\n|move|p2a: Girafarig|Thunderbolt|p1a: Necrozma\n|-damage|p1a: Necrozma|85/286\n|move|p1a: Necrozma|Earth Power|p2a: Girafarig\n|-damage|p2a: Girafarig|0 fnt\n|faint|p2a: Girafarig\n|\n|-heal|p1a: Necrozma|102/286|[from] item: Leftovers\n|upkeep\n|\n|t:|1783565084\n|switch|p2a: Krookodile|Krookodile, L79, F|100/100\n|-ability|p2a: Krookodile|Intimidate|boost\n|-unboost|p1a: Necrozma|atk|1\n|turn|8\n|inactive|Time left: 300 sec this turn | 300 sec total\n|\n|t:|1783565085\n|switch|p1a: Granbull|Granbull, L88, F|302/302\n|-ability|p1a: Granbull|Intimidate|boost\n|-unboost|p2a: Krookodile|atk|1\n|move|p2a: Krookodile|Earthquake|p1a: Granbull\n|-damage|p1a: Granbull|226/302\n|\n|-heal|p1a: Granbull|244/302|[from] item: Leftovers\n|upkeep\n|turn|9\n|inactive|Time left: 300 sec this turn | 300 sec total\n|\n|t:|1783565086\n|switch|p2a: Dusknoir|Dusknoir, L89, F|100/100\n|-item|p1a: Granbull|Leftovers|[from] ability: Frisk|[of] p2a: Dusknoir\n|move|p1a: Granbull|Play Rough|p2a: Dusknoir\n|-damage|p2a: Dusknoir|64/100\n|\n|-heal|p2a: Dusknoir|70/100|[from] item: Leftovers\n|-heal|p1a: Granbull|262/302|[from] item: Leftovers\n|upkeep\n|turn|10\n|inactive|Time left: 300 sec this turn | 300 sec total\n|\n|t:|1783565087\n|move|p2a: Dusknoir|Will-O-Wisp|p1a: Granbull\n|-status|p1a: Granbull|brn\n|move|p1a: Granbull|Play Rough|p2a: Dusknoir\n|-damage|p2a: Dusknoir|52/100\n|\n|-heal|p2a: Dusknoir|58/100|[from] item: Leftovers\n|-heal|p1a: Granbull|280/302 brn|[from] item: Leftovers\n|-damage|p1a: Granbull|262/302 brn|[from] brn\n|upkeep\n|turn|11\n|inactive|Time left: 300 sec this turn | 300 sec total\n|\n|t:|1783565088\n|switch|p1a: Gliscor|Gliscor, L76, F|239/239\n|move|p2a: Dusknoir|Poltergeist|p1a: Gliscor\n|-activate|p1a: Gliscor|move: Poltergeist|Toxic Orb\n|-damage|p1a: Gliscor|136/239\n|\n|-heal|p2a: Dusknoir|64/100|[from] item: Leftovers\n|-status|p1a: Gliscor|tox|[from] item: Toxic Orb\n|upkeep\n|turn|12\n|inactive|Time left: 300 sec this turn | 300 sec total\n|\n|t:|1783565089\n|move|p1a: Gliscor|Toxic|p2a: Dusknoir|[miss]\n|-miss|p1a: Gliscor|p2a: Dusknoir\n|move|p2a: Dusknoir|Poltergeist|p1a: Gliscor\n|-activate|p1a: Gliscor|move: Poltergeist|Toxic Orb\n|-damage|p1a: Gliscor|18/239 tox\n|\n|-heal|p2a: Dusknoir|71/100|[from] item: Leftovers\n|-heal|p1a: Gliscor|47/239 tox|[from] ability: Poison Heal\n|upkeep\n|turn|13\n|inactive|Time left: 300 sec this turn | 300 sec total\n|\n|t:|1783565090\n|move|p1a: Gliscor|Protect|p1a: Gliscor\n|-singleturn|p1a: Gliscor|Protect\n|move|p2a: Dusknoir|Poltergeist|p1a: Gliscor\n|-activate|p1a: Gliscor|move: Protect\n|\n|-heal|p2a: Dusknoir|77/100|[from] item: Leftovers\n|-heal|p1a: Gliscor|76/239 tox|[from] ability: Poison Heal\n|upkeep\n|turn|14\n|inactive|Time left: 300 sec this turn | 300 sec total\n|\n|t:|1783565091\n|move|p1a: Gliscor|Toxic|p2a: Dusknoir|[miss]\n|-miss|p1a: Gliscor|p2a: Dusknoir\n|move|p2a: Dusknoir|Poltergeist|p1a: Gliscor\n|-activate|p1a: Gliscor|move: Poltergeist|Toxic Orb\n|-damage|p1a: Gliscor|0 fnt\n|faint|p1a: Gliscor\n|\n|-heal|p2a: Dusknoir|83/100|[from] item: Leftovers\n|upkeep\n|inactive|Time left: 300 sec this turn | 300 sec total | 5 sec grace\n|\n|t:|1783565092\n|switch|p1a: Necrozma|Necrozma, L80, tera:Steel|102/286\n|turn|15\n|inactive|Time left: 300 sec this turn | 300 sec total\n|\n|t:|1783565093\n|move|p1a: Necrozma|Moonlight|p1a: Necrozma\n|-heal|p1a: Necrozma|245/286\n|move|p2a: Dusknoir|Poltergeist|p1a: Necrozma\n|-activate|p1a: Necrozma|move: Poltergeist|Leftovers\n|-damage|p1a: Necrozma|125/286\n|\n|-heal|p1a: Necrozma|142/286|[from] item: Leftovers\n|-heal|p2a: Dusknoir|89/100|[from] item: Leftovers\n|upkeep\n|turn|16\n|inactive|Time left: 300 sec this turn | 300 sec total\n|\n|t:|1783565094\n|move|p1a: Necrozma|Moonlight|p1a: Necrozma\n|-heal|p1a: Necrozma|285/286\n|move|p2a: Dusknoir|Earthquake|p1a: Necrozma\n|-supereffective|p1a: Necrozma\n|-damage|p1a: Necrozma|176/286\n|\n|-heal|p1a: Necrozma|193/286|[from] item: Leftovers\n|-heal|p2a: Dusknoir|96/100|[from] item: Leftovers\n|upkeep\n|turn|17\n|inactive|Time left: 300 sec this turn | 300 sec total\n|\n|t:|1783565095\n|move|p1a: Necrozma|Moonlight|p1a: Necrozma\n|-heal|p1a: Necrozma|286/286\n|move|p2a: Dusknoir|Poltergeist|p1a: Necrozma\n|-activate|p1a: Necrozma|move: Poltergeist|Leftovers\n|-damage|p1a: Necrozma|154/286\n|\n|-heal|p1a: Necrozma|171/286|[from] item: Leftovers\n|-heal|p2a: Dusknoir|100/100|[from] item: Leftovers\n|upkeep\n|turn|18\n|inactive|Time left: 300 sec this turn | 300 sec total\n|\n|t:|1783565096\n|move|p1a: Necrozma|Moonlight|p1a: Necrozma\n|-heal|p1a: Necrozma|286/286\n|move|p2a: Dusknoir|Earthquake|p1a: Necrozma\n|-supereffective|p1a: Necrozma\n|-damage|p1a: Necrozma|181/286\n|\n|-heal|p1a: Necrozma|198/286|[from] item: Leftovers\n|upkeep\n|turn|19\n|inactive|Time left: 300 sec this turn | 300 sec total\n|\n|t:|1783565097\n|move|p1a: Necrozma|Moonlight|p1a: Necrozma\n|-heal|p1a: Necrozma|286/286\n|move|p2a: Dusknoir|Poltergeist|p1a: Necrozma\n|-activate|p1a: Necrozma|move: Poltergeist|Leftovers\n|-damage|p1a: Necrozma|156/286\n|\n|-heal|p1a: Necrozma|173/286|[from] item: Leftovers\n|upkeep\n|turn|20\n|inactive|Time left: 300 sec this turn | 300 sec total\n|\n|t:|1783565098\n|move|p1a: Necrozma|Moonlight|p1a: Necrozma\n|-heal|p1a: Necrozma|286/286\n|move|p2a: Dusknoir|Poltergeist|p1a: Necrozma\n|-activate|p1a: Necrozma|move: Poltergeist|Leftovers\n|-damage|p1a: Necrozma|160/286\n|\n|-heal|p1a: Necrozma|177/286|[from] item: Leftovers\n|upkeep\n|turn|21\n|inactive|Time left: 300 sec this turn | 300 sec total\n|\n|t:|1783565099\n|move|p1a: Necrozma|Calm Mind|p1a: Necrozma\n|-boost|p1a: Necrozma|spa|1\n|-boost|p1a: Necrozma|spd|1\n|move|p2a: Dusknoir|Earthquake|p1a: Necrozma\n|-supereffective|p1a: Necrozma\n|-damage|p1a: Necrozma|63/286\n|\n|-heal|p1a: Necrozma|80/286|[from] item: Leftovers\n|upkeep\n|turn|22\n|inactive|Time left: 300 sec this turn | 300 sec total\n|\n|t:|1783565100\n|move|p1a: Necrozma|Photon Geyser|p2a: Dusknoir\n|-damage|p2a: Dusknoir|46/100\n|move|p2a: Dusknoir|Earthquake|p1a: Necrozma\n|-supereffective|p1a: Necrozma\n|-damage|p1a: Necrozma|0 fnt\n|faint|p1a: Necrozma\n|\n|-heal|p2a: Dusknoir|52/100|[from] item: Leftovers\n|upkeep\n|inactive|Time left: 300 sec this turn | 300 sec total | 5 sec grace\n|\n|t:|1783565101\n|switch|p1a: Charizard|Charizard, L85, F|271/271\n|turn|23\n|inactive|Time left: 300 sec this turn | 300 sec total\n|\n|t:|1783565102\n|move|p1a: Charizard|Swords Dance|p1a: Charizard\n|-boost|p1a: Charizard|atk|2\n|move|p2a: Dusknoir|Pain Split|p1a: Charizard\n|-sethp|p1a: Charizard|193/271|[from] move: Pain Split|[silent]\n|-sethp|p2a: Dusknoir|86/100|[from] move: Pain Split\n|\n|-heal|p2a: Dusknoir|92/100|[from] item: Leftovers\n|upkeep\n|turn|24\n|inactive|Time left: 300 sec this turn | 300 sec total\n|\n|t:|1783565103\n|switch|p2a: Vaporeon|Vaporeon, L86, F|100/100\n|move|p1a: Charizard|Swords Dance|p1a: Charizard\n|-boost|p1a: Charizard|atk|2\n|\n|upkeep\n|turn|25\n|inactive|Time left: 300 sec this turn | 300 sec total\n|\n|t:|1783565103\n|move|p1a: Charizard|Outrage|p2a: Vaporeon\n|-damage|p2a: Vaporeon|11/100\n|move|p2a: Vaporeon|Scald|p1a: Charizard\n|-supereffective|p1a: Charizard\n|-damage|p1a: Charizard|0 fnt\n|faint|p1a: Charizard\n|\n|-heal|p2a: Vaporeon|17/100|[from] item: Leftovers\n|upkeep\n|inactive|Time left: 300 sec this turn | 300 sec total | 5 sec grace\n|\n|t:|1783565104\n|switch|p1a: Swalot|Swalot, L90, M|326/326\n|turn|26\n|inactive|Time left: 300 sec this turn | 300 sec total\n|\n|t:|1783565105\n|move|p2a: Vaporeon|Scald|p1a: Swalot\n|-damage|p1a: Swalot|223/326\n|move|p1a: Swalot|Swords Dance|p1a: Swalot\n|-boost|p1a: Swalot|atk|2\n|\n|-heal|p2a: Vaporeon|23/100|[from] item: Leftovers\n|-heal|p1a: Swalot|243/326|[from] item: Leftovers\n|upkeep\n|turn|27\n|inactive|Time left: 300 sec this turn | 300 sec total\n|\n|t:|1783565106\n|move|p2a: Vaporeon|Scald|p1a: Swalot\n|-damage|p1a: Swalot|149/326\n|move|p1a: Swalot|Earthquake|p2a: Vaporeon\n|-damage|p2a: Vaporeon|0 fnt\n|faint|p2a: Vaporeon\n|\n|-heal|p1a: Swalot|169/326|[from] item: Leftovers\n|upkeep\n|\n|t:|1783565108\n|switch|p2a: Krookodile|Krookodile, L79, F|100/100\n|-ability|p2a: Krookodile|Intimidate|boost\n|-unboost|p1a: Swalot|atk|1\n|turn|28\n|inactive|Time left: 300 sec this turn | 300 sec total\n|\n|t:|1783565109\n|switch|p1a: Granbull|Granbull, L88, F|262/302 brn\n|-ability|p1a: Granbull|Intimidate|boost\n|-unboost|p2a: Krookodile|atk|1\n|move|p2a: Krookodile|Earthquake|p1a: Granbull\n|-damage|p1a: Granbull|189/302 brn\n|\n|-heal|p1a: Granbull|207/302 brn|[from] item: Leftovers\n|-damage|p1a: Granbull|189/302 brn|[from] brn\n|upkeep\n|turn|29\n|inactive|Time left: 300 sec this turn | 300 sec total\n|\n|t:|1783565109\n|move|p2a: Krookodile|Bulk Up|p2a: Krookodile\n|-boost|p2a: Krookodile|atk|1\n|-boost|p2a: Krookodile|def|1\n|move|p1a: Granbull|Play Rough|p2a: Krookodile\n|-supereffective|p2a: Krookodile\n|-damage|p2a: Krookodile|66/100\n|\n|-heal|p2a: Krookodile|72/100|[from] item: Leftovers\n|-heal|p1a: Granbull|207/302 brn|[from] item: Leftovers\n|-damage|p1a: Granbull|189/302 brn|[from] brn\n|upkeep\n|turn|30\n|inactive|Time left: 300 sec this turn | 300 sec total\n|\n|t:|1783565111\n|move|p2a: Krookodile|Gunk Shot|p1a: Granbull\n|-supereffective|p1a: Granbull\n|-damage|p1a: Granbull|13/302 brn\n|move|p1a: Granbull|Play Rough|p2a: Krookodile\n|-supereffective|p2a: Krookodile\n|-damage|p2a: Krookodile|37/100\n|\n|-heal|p2a: Krookodile|43/100|[from] item: Leftovers\n|-heal|p1a: Granbull|31/302 brn|[from] item: Leftovers\n|-damage|p1a: Granbull|13/302 brn|[from] brn\n|upkeep\n|turn|31\n|inactive|Time left: 300 sec this turn | 300 sec total\n|\n|t:|1783565112\n|move|p2a: Krookodile|Earthquake|p1a: Granbull\n|-damage|p1a: Granbull|0 fnt\n|faint|p1a: Granbull\n|\n|-heal|p2a: Krookodile|49/100|[from] item: Leftovers\n|upkeep\n|inactive|Time left: 300 sec this turn | 300 sec total | 5 sec grace\n|\n|t:|1783565113\n|switch|p1a: Indeedee|Indeedee, L84, M|238/238\n|-fieldstart|move: Psychic Terrain|[from] ability: Psychic Surge|[of] p1a: Indeedee\n|turn|32\n|inactive|Time left: 300 sec this turn | 300 sec total\n|\n|t:|1783565114\n|move|p1a: Indeedee|Dazzling Gleam|p2a: Krookodile\n|-supereffective|p2a: Krookodile\n|-damage|p2a: Krookodile|0 fnt\n|faint|p2a: Krookodile\n|\n|upkeep\n|\n|t:|1783565115\n|switch|p2a: Dusknoir|Dusknoir, L89, F|92/100\n|-item|p1a: Indeedee|Choice Scarf|[from] ability: Frisk|[of] p2a: Dusknoir\n|turn|33\n|inactive|Time left: 300 sec this turn | 300 sec total\n|\n|t:|1783565116\n|switch|p1a: Swalot|Swalot, L90, M|169/326\n|move|p2a: Dusknoir|Earthquake|p1a: Swalot\n|-supereffective|p1a: Swalot\n|-damage|p1a: Swalot|17/326\n|\n|-heal|p1a: Swalot|37/326|[from] item: Leftovers\n|-heal|p2a: Dusknoir|99/100|[from] item: Leftovers\n|upkeep\n|turn|34\n|inactive|Time left: 300 sec this turn | 300 sec total\n|\n|t:|1783565117\n|move|p1a: Swalot|Knock Off|p2a: Dusknoir\n|-supereffective|p2a: Dusknoir\n|-damage|p2a: Dusknoir|56/100\n|-enditem|p2a: Dusknoir|Leftovers|[from] move: Knock Off|[of] p1a: Swalot\n|move|p2a: Dusknoir|Earthquake|p1a: Swalot\n|-supereffective|p1a: Swalot\n|-damage|p1a: Swalot|0 fnt\n|faint|p1a: Swalot\n|\n|upkeep\n|inactive|Time left: 300 sec this turn | 300 sec total | 5 sec grace\n|\n|t:|1783565118\n|switch|p1a: Indeedee|Indeedee, L84, M|238/238\n|turn|35\n|inactive|Time left: 300 sec this turn | 300 sec total\n|\n|t:|1783565119\n|-terastallize|p2a: Dusknoir|Dark\n|move|p1a: Indeedee|Shadow Ball|p2a: Dusknoir\n|-resisted|p2a: Dusknoir\n|-crit|p2a: Dusknoir\n|-damage|p2a: Dusknoir|41/100\n|-unboost|p2a: Dusknoir|spd|1\n|move|p2a: Dusknoir|Pain Split|p1a: Indeedee\n|-sethp|p1a: Indeedee|165/238|[from] move: Pain Split|[silent]\n|-sethp|p2a: Dusknoir|74/100|[from] move: Pain Split\n|\n|upkeep\n|turn|36\n|inactive|Time left: 300 sec this turn | 300 sec total\n|\n|t:|1783565120\n|move|p1a: Indeedee|Shadow Ball|p2a: Dusknoir\n|-resisted|p2a: Dusknoir\n|-damage|p2a: Dusknoir|60/100\n|-unboost|p2a: Dusknoir|spd|1\n|move|p2a: Dusknoir|Earthquake|p1a: Indeedee\n|-damage|p1a: Indeedee|53/238\n|\n|-fieldend|move: Psychic Terrain\n|upkeep\n|turn|37\n|inactive|Time left: 300 sec this turn | 300 sec total\n|\n|t:|1783565121\n|move|p1a: Indeedee|Shadow Ball|p2a: Dusknoir\n|-resisted|p2a: Dusknoir\n|-damage|p2a: Dusknoir|43/100\n|move|p2a: Dusknoir|Earthquake|p1a: Indeedee\n|-damage|p1a: Indeedee|0 fnt\n|faint|p1a: Indeedee\n|\n|win|p0y21655872", "uploadtime": 1783565121, "views": 0, "rating": 0, "private": 0, "password": null, "_winner": "p0y21655872", "_our_name": "p0x21659d78"}