{"id": "battle-gen9randombattle-69", "formatid": "gen9randombattle", "format": "[Gen 9] Random Battle", "players": ["p0x06973aa", "p0y0692347"], "log": "|init|battle\n|title|p0x06973aa vs. p0y0692347\n|j|\u2606p0x06973aa\n|j|\u2606p0y0692347\n|t:|1783540249\n|gametype|singles\n|player|p1|p0x06973aa|169|\n|player|p2|p0y0692347|169|\n|gen|9\n|tier|[Gen 9] Random Battle\n|rule|Species Clause: Limit one of each Pok\u00e9mon\n|rule|HP Percentage Mod: HP is shown in percentages\n|rule|Sleep Clause Mod: Limit one foe put to sleep\n|rule|Illusion Level Mod: Illusion disguises the Pok\u00e9mon's true level\n|\n|t:|1783540249\n|teamsize|p1|6\n|teamsize|p2|6\n|start\n|switch|p1a: Porygon-Z|Porygon-Z, L83|100/100\n|switch|p2a: Gastrodon|Gastrodon, L86, F|331/331\n|-ability|p1a: Porygon-Z|Download|boost\n|-boost|p1a: Porygon-Z|atk|1\n|turn|1\n|inactive|Battle timer is ON: inactive players will automatically lose when time's up. (requested by p0y0692347)\n|inactive|p0x06973aa also wants the timer to be on.\n|\n|t:|1783540251\n|move|p1a: Porygon-Z|Nasty Plot|p1a: Porygon-Z\n|-boost|p1a: Porygon-Z|spa|2\n|move|p2a: Gastrodon|Stealth Rock|p1a: Porygon-Z\n|-sidestart|p1: p0x06973aa|move: Stealth Rock\n|\n|upkeep\n|turn|2\n|inactive|Time left: 300 sec this turn | 300 sec total\n|\n|t:|1783540252\n|move|p1a: Porygon-Z|Tri Attack|p2a: Gastrodon\n|-damage|p2a: Gastrodon|15/331\n|-damage|p1a: Porygon-Z|91/100|[from] item: Life Orb\n|move|p2a: Gastrodon|Earthquake|p1a: Porygon-Z\n|-damage|p1a: Porygon-Z|46/100\n|\n|-heal|p2a: Gastrodon|35/331|[from] item: Leftovers\n|upkeep\n|turn|3\n|inactive|Time left: 300 sec this turn | 300 sec total\n|\n|t:|1783540253\n|move|p1a: Porygon-Z|Ice Beam|p2a: Gastrodon\n|-damage|p2a: Gastrodon|0 fnt\n|faint|p2a: Gastrodon\n|-damage|p1a: Porygon-Z|37/100|[from] item: Life Orb\n|\n|upkeep\n|inactive|Time left: 300 sec this turn | 300 sec total | 5 sec grace\n|\n|t:|1783540254\n|switch|p2a: Oricorio|Oricorio, L84, F|263/263\n|turn|4\n|inactive|Time left: 300 sec this turn | 300 sec total\n|\n|t:|1783540256\n|move|p2a: Oricorio|Revelation Dance|p1a: Porygon-Z\n|-damage|p1a: Porygon-Z|0 fnt\n|faint|p1a: Porygon-Z\n|\n|upkeep\n|\n|t:|1783540257\n|switch|p1a: Oinkologne|Oinkologne-F, L92, F|100/100\n|-damage|p1a: Oinkologne|88/100|[from] Stealth Rock\n|turn|5\n|inactive|Time left: 300 sec this turn | 300 sec total\n|\n|t:|1783540258\n|move|p2a: Oricorio|Quiver Dance|p2a: Oricorio\n|-boost|p2a: Oricorio|spa|1\n|-boost|p2a: Oricorio|spd|1\n|-boost|p2a: Oricorio|spe|1\n|move|p1a: Oinkologne|Double-Edge|p2a: Oricorio\n|-damage|p2a: Oricorio|92/263\n|-damage|p1a: Oinkologne|73/100|[from] Recoil\n|\n|-heal|p1a: Oinkologne|79/100|[from] item: Leftovers\n|upkeep\n|turn|6\n|inactive|Time left: 300 sec this turn | 300 sec total\n|\n|t:|1783540259\n|move|p2a: Oricorio|Roost|p2a: Oricorio\n|-heal|p2a: Oricorio|224/263\n|-singleturn|p2a: Oricorio|move: Roost\n|move|p1a: Oinkologne|Double-Edge|p2a: Oricorio\n|-damage|p2a: Oricorio|64/263\n|-damage|p1a: Oinkologne|64/100|[from] Recoil\n|\n|-heal|p1a: Oinkologne|70/100|[from] item: Leftovers\n|upkeep\n|turn|7\n|inactive|Time left: 300 sec this turn | 300 sec total\n|\n|t:|1783540260\n|move|p2a: Oricorio|Roost|p2a: Oricorio\n|-heal|p2a: Oricorio|196/263\n|-singleturn|p2a: Oricorio|move: Roost\n|move|p1a: Oinkologne|Double-Edge|p2a: Oricorio\n|-damage|p2a: Oricorio|37/263\n|-damage|p1a: Oinkologne|56/100|[from] Recoil\n|\n|-heal|p1a: Oinkologne|62/100|[from] item: Leftovers\n|upkeep\n|turn|8\n|inactive|Time left: 300 sec this turn | 300 sec total\n|\n|t:|1783540261\n|move|p2a: Oricorio|Roost|p2a: Oricorio\n|-heal|p2a: Oricorio|169/263\n|-singleturn|p2a: Oricorio|move: Roost\n|move|p1a: Oinkologne|Double-Edge|p2a: Oricorio\n|-damage|p2a: Oricorio|0 fnt\n|faint|p2a: Oricorio\n|-damage|p1a: Oinkologne|46/100|[from] Recoil\n|\n|-heal|p1a: Oinkologne|52/100|[from] item: Leftovers\n|upkeep\n|inactive|Time left: 300 sec this turn | 300 sec total | 5 sec grace\n|\n|t:|1783540262\n|switch|p2a: Veluza|Veluza, L85, F|292/292\n|turn|9\n|inactive|Time left: 300 sec this turn | 300 sec total\n|\n|t:|1783540264\n|move|p1a: Oinkologne|Double-Edge|p2a: Veluza\n|-damage|p2a: Veluza|142/292\n|-enditem|p2a: Veluza|Sitrus Berry|[eat]\n|-heal|p2a: Veluza|215/292|[from] item: Sitrus Berry\n|-damage|p1a: Oinkologne|38/100|[from] Recoil\n|move|p2a: Veluza|Psycho Cut|p1a: Oinkologne\n|-damage|p1a: Oinkologne|0 fnt\n|faint|p1a: Oinkologne\n|\n|upkeep\n|\n|t:|1783540265\n|switch|p1a: Kricketune|Kricketune, L99, M|100/100\n|turn|10\n|inactive|Time left: 300 sec this turn | 300 sec total\n|\n|t:|1783540266\n|-terastallize|p2a: Veluza|Water\n|move|p1a: Kricketune|Pounce|p2a: Veluza\n|-damage|p2a: Veluza|100/292\n|-unboost|p2a: Veluza|spe|1\n|move|p2a: Veluza|Aqua Cutter|p1a: Kricketune\n|-damage|p1a: Kricketune|40/100\n|\n|upkeep\n|turn|11\n|inactive|Time left: 300 sec this turn | 300 sec total\n|\n|t:|1783540267\n|move|p1a: Kricketune|Pounce|p2a: Veluza\n|-damage|p2a: Veluza|0 fnt\n|faint|p2a: Veluza\n|\n|upkeep\n|inactive|Time left: 300 sec this turn | 300 sec total | 5 sec grace\n|\n|t:|1783540268\n|switch|p2a: Dragalge|Dragalge, L88, M|258/258\n|turn|12\n|inactive|Time left: 300 sec this turn | 300 sec total\n|\n|t:|1783540269\n|move|p1a: Kricketune|Sticky Web|p2a: Dragalge\n|-sidestart|p2: p0y0692347|move: Sticky Web\n|move|p2a: Dragalge|Sludge Wave|p1a: Kricketune\n|-damage|p1a: Kricketune|0 fnt\n|faint|p1a: Kricketune\n|\n|upkeep\n|\n|t:|1783540270\n|switch|p1a: Tinkaton|Tinkaton, L82, F|100/100\n|-damage|p1a: Tinkaton|94/100|[from] Stealth Rock\n|-ability|p1a: Tinkaton|Mold Breaker\n|turn|13\n|inactive|Time left: 300 sec this turn | 300 sec total\n|\n|t:|1783540271\n|move|p1a: Tinkaton|Swords Dance|p1a: Tinkaton\n|-boost|p1a: Tinkaton|atk|2\n|move|p2a: Dragalge|Focus Blast|p1a: Tinkaton\n|-crit|p1a: Tinkaton\n|-damage|p1a: Tinkaton|46/100\n|\n|-heal|p1a: Tinkaton|53/100|[from] item: Leftovers\n|upkeep\n|turn|14\n|inactive|Time left: 300 sec this turn | 300 sec total\n|\n|t:|1783540272\n|move|p1a: Tinkaton|Gigaton Hammer|p2a: Dragalge\n|-damage|p2a: Dragalge|24/258\n|move|p2a: Dragalge|Focus Blast|p1a: Tinkaton|[miss]\n|-miss|p2a: Dragalge|p1a: Tinkaton\n|\n|-heal|p1a: Tinkaton|59/100|[from] item: Leftovers\n|upkeep\n|turn|15\n|inactive|Time left: 300 sec this turn | 300 sec total\n|\n|t:|1783540273\n|move|p1a: Tinkaton|Play Rough|p2a: Dragalge\n|-damage|p2a: Dragalge|0 fnt\n|faint|p2a: Dragalge\n|\n|-heal|p1a: Tinkaton|65/100|[from] item: Leftovers\n|upkeep\n|inactive|Time left: 300 sec this turn | 300 sec total | 5 sec grace\n|\n|t:|1783540274\n|switch|p2a: Appletun|Appletun, L92, F|352/352\n|-activate|p2a: Appletun|move: Sticky Web\n|-unboost|p2a: Appletun|spe|1\n|turn|16\n|inactive|Time left: 300 sec this turn | 300 sec total\n|\n|t:|1783540275\n|move|p1a: Tinkaton|Swords Dance|p1a: Tinkaton\n|-boost|p1a: Tinkaton|atk|2\n|move|p2a: Appletun|Apple Acid|p1a: Tinkaton\n|-resisted|p1a: Tinkaton\n|-damage|p1a: Tinkaton|49/100\n|-unboost|p1a: Tinkaton|spd|1\n|\n|-heal|p1a: Tinkaton|56/100|[from] item: Leftovers\n|upkeep\n|turn|17\n|inactive|Time left: 300 sec this turn | 300 sec total\n|\n|t:|1783540276\n|switch|p2a: Espathra|Espathra, L80, M|283/283\n|-activate|p2a: Espathra|move: Sticky Web\n|-unboost|p2a: Espathra|spe|1\n|move|p1a: Tinkaton|Play Rough|p2a: Espathra|[miss]\n|-miss|p1a: Tinkaton|p2a: Espathra\n|\n|-heal|p1a: Tinkaton|62/100|[from] item: Leftovers\n|upkeep\n|turn|18\n|inactive|Time left: 300 sec this turn | 300 sec total\n|\n|t:|1783540277\n|move|p1a: Tinkaton|Gigaton Hammer|p2a: Espathra\n|-damage|p2a: Espathra|0 fnt\n|faint|p2a: Espathra\n|\n|-heal|p1a: Tinkaton|68/100|[from] item: Leftovers\n|upkeep\n|inactive|Time left: 300 sec this turn | 300 sec total | 5 sec grace\n|\n|t:|1783540277\n|switch|p2a: Appletun|Appletun, L92, F|352/352\n|-activate|p2a: Appletun|move: Sticky Web\n|-unboost|p2a: Appletun|spe|1\n|turn|19\n|inactive|Time left: 300 sec this turn | 300 sec total\n|\n|t:|1783540278\n|move|p1a: Tinkaton|Play Rough|p2a: Appletun\n|-supereffective|p2a: Appletun\n|-damage|p2a: Appletun|0 fnt\n|faint|p2a: Appletun\n|\n|win|p0x06973aa", "uploadtime": 1783540278, "views": 0, "rating": 0, "private": 0, "password": null, "_winner": "p0x06973aa", "_our_name": "p0y0692347"}