{"id": "battle-gen9randombattle-1914", "formatid": "gen9randombattle", "format": "[Gen 9] Random Battle", "players": ["p0x191492a1", "p0y19149ce5"], "log": "|init|battle\n|title|p0x191492a1 vs. p0y19149ce5\n|j|\u2606p0x191492a1\n|j|\u2606p0y19149ce5\n|t:|1783562130\n|gametype|singles\n|player|p1|p0x191492a1|101|\n|player|p2|p0y19149ce5|2|\n|gen|9\n|tier|[Gen 9] Random Battle\n|rule|Species Clause: Limit one of each Pok\u00e9mon\n|rule|HP Percentage Mod: HP is shown in percentages\n|rule|Sleep Clause Mod: Limit one foe put to sleep\n|rule|Illusion Level Mod: Illusion disguises the Pok\u00e9mon's true level\n|\n|t:|1783562130\n|teamsize|p1|6\n|teamsize|p2|6\n|start\n|switch|p1a: Dedenne|Dedenne, L88, F|100/100\n|switch|p2a: Hippowdon|Hippowdon, L82, M|311/311\n|-weather|Sandstorm|[from] ability: Sand Stream|[of] p2a: Hippowdon\n|turn|1\n|inactive|Battle timer is ON: inactive players will automatically lose when time's up. (requested by p0y19149ce5)\n|inactive|p0x191492a1 also wants the timer to be on.\n|\n|t:|1783562131\n|switch|p1a: Forretress|Forretress, L84, M|100/100\n|move|p2a: Hippowdon|Earthquake|p1a: Forretress\n|-damage|p1a: Forretress|72/100\n|\n|-weather|Sandstorm|[upkeep]\n|-heal|p1a: Forretress|78/100|[from] item: Leftovers\n|upkeep\n|turn|2\n|inactive|Time left: 300 sec this turn | 300 sec total\n|\n|t:|1783562133\n|move|p2a: Hippowdon|Earthquake|p1a: Forretress\n|-damage|p1a: Forretress|48/100\n|move|p1a: Forretress|Spikes|p2a: Hippowdon\n|-sidestart|p2: p0y19149ce5|Spikes\n|\n|-weather|Sandstorm|[upkeep]\n|-heal|p1a: Forretress|54/100|[from] item: Leftovers\n|upkeep\n|turn|3\n|inactive|Time left: 300 sec this turn | 300 sec total\n|\n|t:|1783562134\n|move|p2a: Hippowdon|Earthquake|p1a: Forretress\n|-damage|p1a: Forretress|23/100\n|move|p1a: Forretress|Spikes|p2a: Hippowdon\n|-sidestart|p2: p0y19149ce5|Spikes\n|\n|-weather|Sandstorm|[upkeep]\n|-heal|p1a: Forretress|29/100|[from] item: Leftovers\n|upkeep\n|turn|4\n|inactive|Time left: 300 sec this turn | 300 sec total\n|\n|t:|1783562135\n|switch|p1a: Hydrapple|Hydrapple, L83, F|100/100\n|move|p2a: Hippowdon|Earthquake|p1a: Hydrapple\n|-resisted|p1a: Hydrapple\n|-damage|p1a: Hydrapple|85/100\n|\n|-weather|Sandstorm|[upkeep]\n|-damage|p1a: Hydrapple|79/100|[from] Sandstorm\n|upkeep\n|turn|5\n|inactive|Time left: 300 sec this turn | 300 sec total\n|\n|t:|1783562136\n|move|p2a: Hippowdon|Earthquake|p1a: Hydrapple\n|-resisted|p1a: Hydrapple\n|-damage|p1a: Hydrapple|63/100\n|move|p1a: Hydrapple|Giga Drain|p2a: Hippowdon\n|-supereffective|p2a: Hippowdon\n|-damage|p2a: Hippowdon|77/311\n|-heal|p1a: Hydrapple|100/100|[from] drain|[of] p2a: Hippowdon\n|\n|-weather|none\n|-heal|p2a: Hippowdon|96/311|[from] item: Leftovers\n|upkeep\n|turn|6\n|inactive|Time left: 300 sec this turn | 300 sec total\n|\n|t:|1783562137\n|move|p2a: Hippowdon|Slack Off|p2a: Hippowdon\n|-heal|p2a: Hippowdon|252/311\n|move|p1a: Hydrapple|Giga Drain|p2a: Hippowdon\n|-supereffective|p2a: Hippowdon\n|-damage|p2a: Hippowdon|16/311\n|\n|-heal|p2a: Hippowdon|35/311|[from] item: Leftovers\n|upkeep\n|turn|7\n|inactive|Time left: 300 sec this turn | 300 sec total\n|\n|t:|1783562138\n|move|p2a: Hippowdon|Slack Off|p2a: Hippowdon\n|-heal|p2a: Hippowdon|191/311\n|move|p1a: Hydrapple|Giga Drain|p2a: Hippowdon\n|-supereffective|p2a: Hippowdon\n|-damage|p2a: Hippowdon|0 fnt\n|faint|p2a: Hippowdon\n|\n|upkeep\n|inactive|Time left: 300 sec this turn | 300 sec total | 5 sec grace\n|\n|t:|1783562139\n|switch|p2a: Forretress|Forretress, L84, F|263/263\n|-damage|p2a: Forretress|220/263|[from] Spikes\n|turn|8\n|inactive|Time left: 300 sec this turn | 300 sec total\n|\n|t:|1783562140\n|move|p1a: Hydrapple|Fickle Beam|p2a: Forretress\n|-resisted|p2a: Forretress\n|-damage|p2a: Forretress|154/263\n|move|p2a: Forretress|Rapid Spin|p1a: Hydrapple\n|-damage|p1a: Hydrapple|91/100\n|-boost|p2a: Forretress|spe|1\n|-sideend|p2: p0y19149ce5|Spikes|[from] move: Rapid Spin|[of] p2a: Forretress\n|\n|-heal|p2a: Forretress|170/263|[from] item: Leftovers\n|upkeep\n|turn|9\n|inactive|Time left: 300 sec this turn | 300 sec total\n|\n|t:|1783562142\n|move|p2a: Forretress|Stealth Rock|p1a: Hydrapple\n|-sidestart|p1: p0x191492a1|move: Stealth Rock\n|move|p1a: Hydrapple|Earth Power|p2a: Forretress\n|-damage|p2a: Forretress|79/263\n|\n|-heal|p2a: Forretress|95/263|[from] item: Leftovers\n|upkeep\n|turn|10\n|inactive|Time left: 300 sec this turn | 300 sec total\n|\n|t:|1783562143\n|move|p2a: Forretress|Spikes|p1a: Hydrapple\n|-sidestart|p1: p0x191492a1|Spikes\n|move|p1a: Hydrapple|Fickle Beam|p2a: Forretress\n|-resisted|p2a: Forretress\n|-damage|p2a: Forretress|29/263\n|\n|-heal|p2a: Forretress|45/263|[from] item: Leftovers\n|upkeep\n|turn|11\n|inactive|Time left: 300 sec this turn | 300 sec total\n|\n|t:|1783562144\n|move|p2a: Forretress|Spikes|p1a: Hydrapple\n|-sidestart|p1: p0x191492a1|Spikes\n|move|p1a: Hydrapple|Fickle Beam|p2a: Forretress\n|-resisted|p2a: Forretress\n|-damage|p2a: Forretress|0 fnt\n|faint|p2a: Forretress\n|\n|upkeep\n|inactive|Time left: 300 sec this turn | 300 sec total | 5 sec grace\n|\n|t:|1783562145\n|switch|p2a: Salamence|Salamence, L77, M|273/273\n|-ability|p2a: Salamence|Intimidate|boost\n|-unboost|p1a: Hydrapple|atk|1\n|turn|12\n|inactive|Time left: 300 sec this turn | 300 sec total\n|\n|t:|1783562146\n|switch|p2a: Conkeldurr|Conkeldurr, L80, M|299/299\n|move|p1a: Hydrapple|Fickle Beam|p2a: Conkeldurr\n|-damage|p2a: Conkeldurr|176/299\n|\n|-status|p2a: Conkeldurr|brn|[from] item: Flame Orb\n|upkeep\n|turn|13\n|inactive|Time left: 300 sec this turn | 300 sec total\n|\n|t:|1783562147\n|switch|p2a: Arboliva|Arboliva, L91, F|290/290\n|move|p1a: Hydrapple|Fickle Beam|p2a: Arboliva\n|-damage|p2a: Arboliva|217/290\n|-fieldstart|move: Grassy Terrain|[from] ability: Seed Sower|[of] p2a: Arboliva\n|\n|-heal|p2a: Arboliva|235/290|[from] Grassy Terrain\n|-heal|p2a: Arboliva|253/290|[from] item: Leftovers\n|-heal|p1a: Hydrapple|97/100|[from] Grassy Terrain\n|upkeep\n|turn|14\n|inactive|Time left: 300 sec this turn | 300 sec total\n|\n|t:|1783562148\n|move|p2a: Arboliva|Hyper Voice|p1a: Hydrapple\n|-damage|p1a: Hydrapple|67/100\n|move|p1a: Hydrapple|Fickle Beam|p2a: Arboliva\n|-damage|p2a: Arboliva|180/290\n|\n|-heal|p2a: Arboliva|198/290|[from] Grassy Terrain\n|-heal|p2a: Arboliva|216/290|[from] item: Leftovers\n|-heal|p1a: Hydrapple|74/100|[from] Grassy Terrain\n|upkeep\n|turn|15\n|inactive|Time left: 300 sec this turn | 300 sec total\n|\n|t:|1783562149\n|move|p2a: Arboliva|Strength Sap|p1a: Hydrapple\n|-unboost|p1a: Hydrapple|atk|1\n|-heal|p2a: Arboliva|290/290\n|move|p1a: Hydrapple|Fickle Beam|p2a: Arboliva\n|-damage|p2a: Arboliva|208/290\n|\n|-heal|p2a: Arboliva|226/290|[from] Grassy Terrain\n|-heal|p2a: Arboliva|244/290|[from] item: Leftovers\n|-heal|p1a: Hydrapple|80/100|[from] Grassy Terrain\n|upkeep\n|turn|16\n|inactive|Time left: 300 sec this turn | 300 sec total\n|\n|t:|1783562150\n|move|p2a: Arboliva|Earth Power|p1a: Hydrapple\n|-resisted|p1a: Hydrapple\n|-crit|p1a: Hydrapple\n|-damage|p1a: Hydrapple|64/100\n|move|p1a: Hydrapple|Fickle Beam|p2a: Arboliva|[anim] Fickle Beam All Out\n|-activate|p1a: Hydrapple|move: Fickle Beam\n|-damage|p2a: Arboliva|94/290\n|\n|-heal|p2a: Arboliva|112/290|[from] Grassy Terrain\n|-heal|p2a: Arboliva|130/290|[from] item: Leftovers\n|-heal|p1a: Hydrapple|70/100|[from] Grassy Terrain\n|upkeep\n|turn|17\n|inactive|Time left: 300 sec this turn | 300 sec total\n|\n|t:|1783562151\n|switch|p1a: Rabsca|Rabsca, L91, F|100/100\n|move|p2a: Arboliva|Strength Sap|p1a: Rabsca\n|-unboost|p1a: Rabsca|atk|1\n|-heal|p2a: Arboliva|226/290\n|\n|-heal|p2a: Arboliva|244/290|[from] Grassy Terrain\n|-heal|p2a: Arboliva|262/290|[from] item: Leftovers\n|-fieldend|move: Grassy Terrain\n|upkeep\n|turn|18\n|inactive|Time left: 300 sec this turn | 300 sec total\n|\n|t:|1783562152\n|move|p1a: Rabsca|Bug Buzz|p2a: Arboliva\n|-supereffective|p2a: Arboliva\n|-crit|p2a: Arboliva\n|-damage|p2a: Arboliva|0 fnt\n|-fieldstart|move: Grassy Terrain|[from] ability: Seed Sower|[of] p2a: Arboliva\n|faint|p2a: Arboliva\n|\n|upkeep\n|inactive|Time left: 300 sec this turn | 300 sec total | 5 sec grace\n|\n|t:|1783562153\n|switch|p2a: Eiscue|Eiscue, L88, M|274/274\n|turn|19\n|inactive|Time left: 300 sec this turn | 300 sec total\n|\n|t:|1783562154\n|move|p2a: Eiscue|Belly Drum|p2a: Eiscue\n|-damage|p2a: Eiscue|137/274\n|-setboost|p2a: Eiscue|atk|6|[from] move: Belly Drum\n|-enditem|p2a: Eiscue|Sitrus Berry|[eat]\n|-heal|p2a: Eiscue|205/274|[from] item: Sitrus Berry\n|move|p1a: Rabsca|Psychic|p2a: Eiscue\n|-damage|p2a: Eiscue|78/274\n|\n|-heal|p2a: Eiscue|95/274|[from] Grassy Terrain\n|upkeep\n|turn|20\n|inactive|Time left: 300 sec this turn | 300 sec total\n|\n|t:|1783562155\n|switch|p1a: Forretress|Forretress, L84, M|29/100\n|-damage|p1a: Forretress|16/100|[from] Stealth Rock\n|-damage|p1a: Forretress|0 fnt|[from] Spikes\n|faint|p1a: Forretress\n|-terastallize|p2a: Eiscue|Water\n|move|p2a: Eiscue|Liquidation|p1: Forretress|[notarget]\n|-fail|p2a: Eiscue\n|\n|-heal|p2a: Eiscue|112/274|[from] Grassy Terrain\n|upkeep\n|\n|t:|1783562156\n|switch|p1a: Dedenne|Dedenne, L88, F|100/100\n|-damage|p1a: Dedenne|88/100|[from] Stealth Rock\n|-damage|p1a: Dedenne|72/100|[from] Spikes\n|turn|21\n|inactive|Time left: 300 sec this turn | 300 sec total\n|\n|t:|1783562156\n|move|p1a: Dedenne|Thunderbolt|p2a: Eiscue\n|-supereffective|p2a: Eiscue\n|-damage|p2a: Eiscue|0 fnt\n|faint|p2a: Eiscue\n|\n|-heal|p1a: Dedenne|78/100|[from] Grassy Terrain\n|upkeep\n|inactive|Time left: 300 sec this turn | 300 sec total | 5 sec grace\n|\n|t:|1783562157\n|switch|p2a: Salamence|Salamence, L77, M|273/273\n|-ability|p2a: Salamence|Intimidate|boost\n|-unboost|p1a: Dedenne|atk|1\n|turn|22\n|inactive|Time left: 300 sec this turn | 300 sec total\n|\n|t:|1783562157\n|move|p1a: Dedenne|Dazzling Gleam|p2a: Salamence\n|-supereffective|p2a: Salamence\n|-damage|p2a: Salamence|73/273\n|move|p2a: Salamence|Dragon Dance|p2a: Salamence\n|-boost|p2a: Salamence|atk|1\n|-boost|p2a: Salamence|spe|1\n|\n|-heal|p1a: Dedenne|84/100|[from] Grassy Terrain\n|-fieldend|move: Grassy Terrain\n|upkeep\n|turn|23\n|inactive|Time left: 300 sec this turn | 300 sec total\n|\n|t:|1783562158\n|move|p2a: Salamence|Earthquake|p1a: Dedenne\n|-supereffective|p1a: Dedenne\n|-damage|p1a: Dedenne|0 fnt\n|faint|p1a: Dedenne\n|\n|upkeep\n|\n|t:|1783562159\n|switch|p1a: Rabsca|Rabsca, L91, F|100/100\n|turn|24\n|inactive|Time left: 300 sec this turn | 300 sec total\n|\n|t:|1783562159\n|-terastallize|p1a: Rabsca|Steel\n|move|p2a: Salamence|Earthquake|p1a: Rabsca\n|-supereffective|p1a: Rabsca\n|-damage|p1a: Rabsca|24/100\n|move|p1a: Rabsca|Psychic|p2a: Salamence\n|-damage|p2a: Salamence|0 fnt\n|faint|p2a: Salamence\n|\n|upkeep\n|inactive|Time left: 300 sec this turn | 300 sec total | 5 sec grace\n|\n|t:|1783562160\n|switch|p2a: Conkeldurr|Conkeldurr, L80, M|176/299 brn\n|turn|25\n|inactive|Time left: 300 sec this turn | 300 sec total\n|\n|t:|1783562161\n|move|p2a: Conkeldurr|Mach Punch|p1a: Rabsca\n|-supereffective|p1a: Rabsca\n|-damage|p1a: Rabsca|0 fnt\n|faint|p1a: Rabsca\n|\n|-damage|p2a: Conkeldurr|158/299 brn|[from] brn\n|upkeep\n|\n|t:|1783562161\n|switch|p1a: Hydrapple|Hydrapple, L83, F|100/100\n|-damage|p1a: Hydrapple|88/100|[from] Stealth Rock\n|-damage|p1a: Hydrapple|71/100|[from] Spikes\n|turn|26\n|inactive|Time left: 300 sec this turn | 300 sec total\n|\n|t:|1783562162\n|move|p1a: Hydrapple|Giga Drain|p2a: Conkeldurr\n|-damage|p2a: Conkeldurr|47/299 brn\n|-heal|p1a: Hydrapple|89/100|[from] drain|[of] p2a: Conkeldurr\n|move|p2a: Conkeldurr|Close Combat|p1a: Hydrapple\n|-damage|p1a: Hydrapple|21/100\n|-unboost|p2a: Conkeldurr|def|1\n|-unboost|p2a: Conkeldurr|spd|1\n|\n|-damage|p2a: Conkeldurr|29/299 brn|[from] brn\n|upkeep\n|turn|27\n|inactive|Time left: 300 sec this turn | 300 sec total\n|\n|t:|1783562163\n|move|p2a: Conkeldurr|Knock Off|p1a: Hydrapple\n|-damage|p1a: Hydrapple|0 fnt\n|-enditem|p1a: Hydrapple|Assault Vest|[from] move: Knock Off|[of] p2a: Conkeldurr\n|faint|p1a: Hydrapple\n|\n|-damage|p2a: Conkeldurr|11/299 brn|[from] brn\n|upkeep\n|\n|t:|1783562164\n|switch|p1a: Porygon-Z|Porygon-Z, L83|100/100\n|-damage|p1a: Porygon-Z|88/100|[from] Stealth Rock\n|-damage|p1a: Porygon-Z|72/100|[from] Spikes\n|turn|28\n|inactive|Time left: 300 sec this turn | 300 sec total\n|\n|t:|1783562165\n|move|p1a: Porygon-Z|Nasty Plot|p1a: Porygon-Z\n|-boost|p1a: Porygon-Z|spa|2\n|move|p2a: Conkeldurr|Facade|p1a: Porygon-Z\n|-damage|p1a: Porygon-Z|0 fnt\n|faint|p1a: Porygon-Z\n|\n|-damage|p2a: Conkeldurr|0 fnt|[from] brn\n|faint|p2a: Conkeldurr\n|\n|win|p0x191492a1", "uploadtime": 1783562165, "views": 0, "rating": 0, "private": 0, "password": null, "_winner": "p0x191492a1", "_our_name": "p0y19149ce5"}