{"id": "battle-gen9randombattle-1205", "formatid": "gen9randombattle", "format": "[Gen 9] Random Battle", "players": ["p0x12052bc6", "p0y1205fe85"], "log": "|init|battle\n|title|p0x12052bc6 vs. p0y1205fe85\n|j|\u2606p0x12052bc6\n|j|\u2606p0y1205fe85\n|t:|1783553071\n|gametype|singles\n|player|p1|p0x12052bc6|2|\n|player|p2|p0y1205fe85|170|\n|gen|9\n|tier|[Gen 9] Random Battle\n|rule|Species Clause: Limit one of each Pok\u00e9mon\n|rule|HP Percentage Mod: HP is shown in percentages\n|rule|Sleep Clause Mod: Limit one foe put to sleep\n|rule|Illusion Level Mod: Illusion disguises the Pok\u00e9mon's true level\n|\n|t:|1783553071\n|teamsize|p1|6\n|teamsize|p2|6\n|start\n|switch|p1a: Frosmoth|Frosmoth, L82, M|249/249\n|switch|p2a: Kilowattrel|Kilowattrel, L83, F|100/100\n|turn|1\n|inactive|Battle timer is ON: inactive players will automatically lose when time's up. (requested by p0x12052bc6)\n|inactive|p0y1205fe85 also wants the timer to be on.\n|\n|t:|1783553073\n|move|p2a: Kilowattrel|Hurricane|p1a: Frosmoth\n|-supereffective|p1a: Frosmoth\n|-damage|p1a: Frosmoth|132/249\n|move|p1a: Frosmoth|Quiver Dance|p1a: Frosmoth\n|-boost|p1a: Frosmoth|spa|1\n|-boost|p1a: Frosmoth|spd|1\n|-boost|p1a: Frosmoth|spe|1\n|\n|upkeep\n|turn|2\n|inactive|Time left: 300 sec this turn | 300 sec total\n|\n|t:|1783553074\n|switch|p2a: Beartic|Beartic, L91, M|100/100\n|move|p1a: Frosmoth|Ice Beam|p2a: Beartic\n|-resisted|p2a: Beartic\n|-damage|p2a: Beartic|77/100\n|\n|upkeep\n|turn|3\n|inactive|Time left: 300 sec this turn | 300 sec total\n|\n|t:|1783553075\n|move|p1a: Frosmoth|Giga Drain|p2a: Beartic\n|-damage|p2a: Beartic|47/100\n|-heal|p1a: Frosmoth|181/249|[from] drain|[of] p2a: Beartic\n|move|p2a: Beartic|Close Combat|p1a: Frosmoth\n|-damage|p1a: Frosmoth|19/249\n|-unboost|p2a: Beartic|def|1\n|-unboost|p2a: Beartic|spd|1\n|\n|upkeep\n|turn|4\n|inactive|Time left: 300 sec this turn | 300 sec total\n|\n|t:|1783553076\n|-terastallize|p1a: Frosmoth|Ground\n|move|p2a: Beartic|Aqua Jet|p1a: Frosmoth\n|-supereffective|p1a: Frosmoth\n|-damage|p1a: Frosmoth|0 fnt\n|faint|p1a: Frosmoth\n|\n|upkeep\n|inactive|Time left: 300 sec this turn | 300 sec total | 5 sec grace\n|\n|t:|1783553077\n|switch|p1a: Arbok|Arbok, L87, M|246/246\n|-ability|p1a: Arbok|Intimidate|boost\n|-unboost|p2a: Beartic|atk|1\n|turn|5\n|inactive|Time left: 300 sec this turn | 300 sec total\n|\n|t:|1783553078\n|switch|p2a: Necrozma|Necrozma, L80|100/100\n|move|p1a: Arbok|Coil|p1a: Arbok\n|-boost|p1a: Arbok|atk|1\n|-boost|p1a: Arbok|def|1\n|-boost|p1a: Arbok|accuracy|1\n|\n|upkeep\n|turn|6\n|inactive|Time left: 300 sec this turn | 300 sec total\n|\n|t:|1783553079\n|switch|p1a: Hydrapple|Hydrapple, L83, F|312/312\n|move|p2a: Necrozma|Photon Geyser|p1a: Hydrapple\n|-damage|p1a: Hydrapple|230/312\n|\n|upkeep\n|turn|7\n|inactive|Time left: 300 sec this turn | 300 sec total\n|\n|t:|1783553080\n|move|p2a: Necrozma|Calm Mind|p2a: Necrozma\n|-boost|p2a: Necrozma|spa|1\n|-boost|p2a: Necrozma|spd|1\n|move|p1a: Hydrapple|Fickle Beam|p2a: Necrozma\n|-damage|p2a: Necrozma|76/100\n|\n|-heal|p2a: Necrozma|82/100|[from] item: Leftovers\n|upkeep\n|turn|8\n|inactive|Time left: 300 sec this turn | 300 sec total\n|\n|t:|1783553081\n|move|p2a: Necrozma|Photon Geyser|p1a: Hydrapple\n|-damage|p1a: Hydrapple|104/312\n|move|p1a: Hydrapple|Dragon Tail|p2a: Necrozma|[miss]\n|-miss|p1a: Hydrapple|p2a: Necrozma\n|\n|-heal|p2a: Necrozma|88/100|[from] item: Leftovers\n|upkeep\n|turn|9\n|inactive|Time left: 300 sec this turn | 300 sec total\n|\n|t:|1783553082\n|switch|p1a: Spiritomb|Spiritomb, L89, M|234/234\n|move|p2a: Necrozma|Photon Geyser|p1a: Spiritomb\n|-immune|p1a: Spiritomb\n|\n|-heal|p2a: Necrozma|94/100|[from] item: Leftovers\n|upkeep\n|turn|10\n|inactive|Time left: 300 sec this turn | 300 sec total\n|\n|t:|1783553083\n|move|p2a: Necrozma|Earth Power|p1a: Spiritomb\n|-damage|p1a: Spiritomb|152/234\n|move|p1a: Spiritomb|Poltergeist|p2a: Necrozma\n|-activate|p2a: Necrozma|move: Poltergeist|Leftovers\n|-supereffective|p2a: Necrozma\n|-damage|p2a: Necrozma|30/100\n|\n|-heal|p2a: Necrozma|35/100|[from] item: Leftovers\n|-heal|p1a: Spiritomb|166/234|[from] item: Leftovers\n|upkeep\n|turn|11\n|inactive|Time left: 300 sec this turn | 300 sec total\n|\n|t:|1783553084\n|move|p2a: Necrozma|Moonlight|p2a: Necrozma\n|-heal|p2a: Necrozma|85/100\n|move|p1a: Spiritomb|Foul Play|p2a: Necrozma\n|-supereffective|p2a: Necrozma\n|-damage|p2a: Necrozma|41/100\n|\n|-heal|p2a: Necrozma|47/100|[from] item: Leftovers\n|-heal|p1a: Spiritomb|180/234|[from] item: Leftovers\n|upkeep\n|turn|12\n|inactive|Time left: 300 sec this turn | 300 sec total\n|\n|t:|1783553085\n|move|p2a: Necrozma|Moonlight|p2a: Necrozma\n|-heal|p2a: Necrozma|97/100\n|move|p1a: Spiritomb|Foul Play|p2a: Necrozma\n|-supereffective|p2a: Necrozma\n|-damage|p2a: Necrozma|55/100\n|\n|-heal|p2a: Necrozma|61/100|[from] item: Leftovers\n|-heal|p1a: Spiritomb|194/234|[from] item: Leftovers\n|upkeep\n|turn|13\n|inactive|Time left: 300 sec this turn | 300 sec total\n|\n|t:|1783553086\n|-terastallize|p2a: Necrozma|Ground\n|move|p2a: Necrozma|Earth Power|p1a: Spiritomb\n|-damage|p1a: Spiritomb|53/234\n|move|p1a: Spiritomb|Poltergeist|p2a: Necrozma\n|-activate|p2a: Necrozma|move: Poltergeist|Leftovers\n|-damage|p2a: Necrozma|21/100\n|\n|-heal|p2a: Necrozma|27/100|[from] item: Leftovers\n|-heal|p1a: Spiritomb|67/234|[from] item: Leftovers\n|upkeep\n|turn|14\n|inactive|Time left: 300 sec this turn | 300 sec total\n|\n|t:|1783553087\n|move|p1a: Spiritomb|Sucker Punch||[still]\n|-fail|p1a: Spiritomb\n|move|p2a: Necrozma|Moonlight|p2a: Necrozma\n|-heal|p2a: Necrozma|77/100\n|\n|-heal|p2a: Necrozma|83/100|[from] item: Leftovers\n|-heal|p1a: Spiritomb|81/234|[from] item: Leftovers\n|upkeep\n|turn|15\n|inactive|Time left: 300 sec this turn | 300 sec total\n|\n|t:|1783553088\n|switch|p1a: Hydrapple|Hydrapple, L83, F|208/312\n|move|p2a: Necrozma|Earth Power|p1a: Hydrapple\n|-resisted|p1a: Hydrapple\n|-damage|p1a: Hydrapple|151/312\n|\n|-heal|p2a: Necrozma|89/100|[from] item: Leftovers\n|upkeep\n|turn|16\n|inactive|Time left: 300 sec this turn | 300 sec total\n|\n|t:|1783553089\n|move|p2a: Necrozma|Photon Geyser|p1a: Hydrapple\n|-damage|p1a: Hydrapple|15/312\n|move|p1a: Hydrapple|Dragon Tail|p2a: Necrozma\n|-damage|p2a: Necrozma|71/100\n|drag|p2a: Beartic|Beartic, L91, M|47/100\n|\n|upkeep\n|turn|17\n|inactive|Time left: 300 sec this turn | 300 sec total\n|\n|t:|1783553090\n|switch|p1a: Arbok|Arbok, L87, M|246/246\n|-ability|p1a: Arbok|Intimidate|boost\n|-unboost|p2a: Beartic|atk|1\n|move|p2a: Beartic|Icicle Crash|p1a: Arbok\n|-damage|p1a: Arbok|149/246\n|\n|-heal|p1a: Arbok|164/246|[from] item: Leftovers\n|upkeep\n|turn|18\n|inactive|Time left: 300 sec this turn | 300 sec total\n|\n|t:|1783553091\n|switch|p2a: Necrozma|Necrozma, L80, tera:Ground|71/100\n|move|p1a: Arbok|Coil|p1a: Arbok\n|-boost|p1a: Arbok|atk|1\n|-boost|p1a: Arbok|def|1\n|-boost|p1a: Arbok|accuracy|1\n|\n|-heal|p1a: Arbok|179/246|[from] item: Leftovers\n|-heal|p2a: Necrozma|77/100|[from] item: Leftovers\n|upkeep\n|turn|19\n|inactive|Time left: 300 sec this turn | 300 sec total\n|\n|t:|1783553092\n|switch|p1a: Hydrapple|Hydrapple, L83, F|119/312\n|move|p2a: Necrozma|Earth Power|p1a: Hydrapple\n|-resisted|p1a: Hydrapple\n|-damage|p1a: Hydrapple|78/312\n|\n|-heal|p2a: Necrozma|83/100|[from] item: Leftovers\n|upkeep\n|turn|20\n|inactive|Time left: 300 sec this turn | 300 sec total\n|\n|t:|1783553093\n|switch|p1a: Spiritomb|Spiritomb, L89, M|81/234\n|move|p2a: Necrozma|Photon Geyser|p1a: Spiritomb\n|-immune|p1a: Spiritomb\n|\n|-heal|p2a: Necrozma|89/100|[from] item: Leftovers\n|-heal|p1a: Spiritomb|95/234|[from] item: Leftovers\n|upkeep\n|turn|21\n|inactive|Time left: 300 sec this turn | 300 sec total\n|\n|t:|1783553094\n|move|p2a: Necrozma|Calm Mind|p2a: Necrozma\n|-boost|p2a: Necrozma|spa|1\n|-boost|p2a: Necrozma|spd|1\n|move|p1a: Spiritomb|Pain Split|p2a: Necrozma\n|-sethp|p2a: Necrozma|61/100|[from] move: Pain Split|[silent]\n|-sethp|p1a: Spiritomb|173/234|[from] move: Pain Split\n|\n|-heal|p2a: Necrozma|67/100|[from] item: Leftovers\n|-heal|p1a: Spiritomb|187/234|[from] item: Leftovers\n|upkeep\n|turn|22\n|inactive|Time left: 300 sec this turn | 300 sec total\n|\n|t:|1783553095\n|move|p2a: Necrozma|Earth Power|p1a: Spiritomb\n|-damage|p1a: Spiritomb|45/234\n|move|p1a: Spiritomb|Pain Split|p2a: Necrozma\n|-sethp|p2a: Necrozma|41/100|[from] move: Pain Split|[silent]\n|-sethp|p1a: Spiritomb|117/234|[from] move: Pain Split\n|\n|-heal|p2a: Necrozma|47/100|[from] item: Leftovers\n|-heal|p1a: Spiritomb|131/234|[from] item: Leftovers\n|upkeep\n|turn|23\n|inactive|Time left: 300 sec this turn | 300 sec total\n|\n|t:|1783553096\n|move|p2a: Necrozma|Earth Power|p1a: Spiritomb\n|-crit|p1a: Spiritomb\n|-damage|p1a: Spiritomb|0 fnt\n|faint|p1a: Spiritomb\n|\n|-heal|p2a: Necrozma|53/100|[from] item: Leftovers\n|upkeep\n|inactive|Time left: 300 sec this turn | 300 sec total | 5 sec grace\n|\n|t:|1783553097\n|switch|p1a: Hydrapple|Hydrapple, L83, F|182/312\n|turn|24\n|inactive|Time left: 300 sec this turn | 300 sec total\n|\n|t:|1783553098\n|move|p2a: Necrozma|Photon Geyser|p1a: Hydrapple\n|-damage|p1a: Hydrapple|59/312\n|move|p1a: Hydrapple|Dragon Tail|p2a: Necrozma\n|-damage|p2a: Necrozma|36/100\n|drag|p2a: Kilowattrel|Kilowattrel, L83, F|100/100\n|\n|upkeep\n|turn|25\n|inactive|Time left: 300 sec this turn | 300 sec total\n|\n|t:|1783553099\n|switch|p1a: Arbok|Arbok, L87, M|179/246\n|-ability|p1a: Arbok|Intimidate|boost\n|-unboost|p2a: Kilowattrel|atk|1\n|move|p2a: Kilowattrel|Hurricane|p1a: Arbok\n|-damage|p1a: Arbok|41/246\n|-start|p1a: Arbok|confusion\n|\n|-heal|p1a: Arbok|56/246|[from] item: Leftovers\n|upkeep\n|turn|26\n|inactive|Time left: 300 sec this turn | 300 sec total\n|\n|t:|1783553100\n|switch|p1a: Hydrapple|Hydrapple, L83, F|163/312\n|move|p2a: Kilowattrel|Hurricane|p1a: Hydrapple|[miss]\n|-miss|p2a: Kilowattrel|p1a: Hydrapple\n|\n|upkeep\n|turn|27\n|inactive|Time left: 300 sec this turn | 300 sec total\n|\n|t:|1783553101\n|move|p2a: Kilowattrel|Hurricane|p1a: Hydrapple|[miss]\n|-miss|p2a: Kilowattrel|p1a: Hydrapple\n|move|p1a: Hydrapple|Fickle Beam|p2a: Kilowattrel|[anim] Fickle Beam All Out\n|-activate|p1a: Hydrapple|move: Fickle Beam\n|-damage|p2a: Kilowattrel|0 fnt\n|faint|p2a: Kilowattrel\n|\n|upkeep\n|\n|t:|1783553102\n|switch|p2a: Beartic|Beartic, L91, M|47/100\n|turn|28\n|inactive|Time left: 300 sec this turn | 300 sec total\n|\n|t:|1783553103\n|switch|p1a: Orthworm|Orthworm, L88, F|266/266\n|move|p2a: Beartic|Icicle Crash|p1a: Orthworm\n|-resisted|p1a: Orthworm\n|-damage|p1a: Orthworm|222/266\n|\n|-heal|p1a: Orthworm|238/266|[from] item: Leftovers\n|upkeep\n|turn|29\n|inactive|Time left: 300 sec this turn | 300 sec total\n|\n|t:|1783553104\n|switch|p2a: Dragapult|Dragapult, L77, M|100/100\n|move|p1a: Orthworm|Body Press|p2a: Dragapult\n|-immune|p2a: Dragapult\n|\n|-heal|p1a: Orthworm|254/266|[from] item: Leftovers\n|upkeep\n|turn|30\n|inactive|Time left: 300 sec this turn | 300 sec total\n|\n|t:|1783553105\n|move|p2a: Dragapult|Fire Blast|p1a: Orthworm|[miss]\n|-miss|p2a: Dragapult|p1a: Orthworm\n|move|p1a: Orthworm|Heavy Slam|p2a: Dragapult\n|-damage|p2a: Dragapult|43/100\n|\n|-heal|p1a: Orthworm|266/266|[from] item: Leftovers\n|upkeep\n|turn|31\n|inactive|Time left: 300 sec this turn | 300 sec total\n|\n|t:|1783553106\n|switch|p1a: Hydrapple|Hydrapple, L83, F|267/312\n|move|p2a: Dragapult|Fire Blast|p1a: Hydrapple\n|-damage|p1a: Hydrapple|196/312\n|\n|upkeep\n|turn|32\n|inactive|Time left: 300 sec this turn | 300 sec total\n|\n|t:|1783553107\n|switch|p2a: Beartic|Beartic, L91, M|47/100\n|move|p1a: Hydrapple|Fickle Beam|p2a: Beartic\n|-damage|p2a: Beartic|16/100\n|\n|upkeep\n|turn|33\n|inactive|Time left: 300 sec this turn | 300 sec total\n|\n|t:|1783553108\n|switch|p1a: Orthworm|Orthworm, L88, F|266/266\n|move|p2a: Beartic|Icicle Crash|p1a: Orthworm\n|-resisted|p1a: Orthworm\n|-damage|p1a: Orthworm|225/266\n|\n|-heal|p1a: Orthworm|241/266|[from] item: Leftovers\n|upkeep\n|turn|34\n|inactive|Time left: 300 sec this turn | 300 sec total\n|\n|t:|1783553109\n|switch|p2a: Necrozma|Necrozma, L80, tera:Ground|36/100\n|move|p1a: Orthworm|Heavy Slam|p2a: Necrozma\n|-damage|p2a: Necrozma|21/100\n|\n|-heal|p2a: Necrozma|27/100|[from] item: Leftovers\n|-heal|p1a: Orthworm|257/266|[from] item: Leftovers\n|upkeep\n|turn|35\n|inactive|Time left: 300 sec this turn | 300 sec total\n|\n|t:|1783553110\n|move|p2a: Necrozma|Moonlight|p2a: Necrozma\n|-heal|p2a: Necrozma|77/100\n|move|p1a: Orthworm|Body Press|p2a: Necrozma\n|-damage|p2a: Necrozma|47/100\n|\n|-heal|p2a: Necrozma|53/100|[from] item: Leftovers\n|-heal|p1a: Orthworm|266/266|[from] item: Leftovers\n|upkeep\n|turn|36\n|inactive|Time left: 300 sec this turn | 300 sec total\n|\n|t:|1783553111\n|move|p2a: Necrozma|Calm Mind|p2a: Necrozma\n|-boost|p2a: Necrozma|spa|1\n|-boost|p2a: Necrozma|spd|1\n|move|p1a: Orthworm|Spikes|p2a: Necrozma\n|-sidestart|p2: p0y1205fe85|Spikes\n|\n|-heal|p2a: Necrozma|59/100|[from] item: Leftovers\n|upkeep\n|turn|37\n|inactive|Time left: 300 sec this turn | 300 sec total\n|\n|t:|1783553112\n|move|p2a: Necrozma|Photon Geyser|p1a: Orthworm\n|-resisted|p1a: Orthworm\n|-damage|p1a: Orthworm|153/266\n|move|p1a: Orthworm|Spikes|p2a: Necrozma\n|-sidestart|p2: p0y1205fe85|Spikes\n|\n|-heal|p2a: Necrozma|65/100|[from] item: Leftovers\n|-heal|p1a: Orthworm|169/266|[from] item: Leftovers\n|upkeep\n|turn|38\n|inactive|Time left: 300 sec this turn | 300 sec total\n|\n|t:|1783553114\n|switch|p1a: Hydrapple|Hydrapple, L83, F|300/312\n|move|p2a: Necrozma|Photon Geyser|p1a: Hydrapple\n|-damage|p1a: Hydrapple|162/312\n|\n|-heal|p2a: Necrozma|71/100|[from] item: Leftovers\n|upkeep\n|turn|39\n|inactive|Time left: 300 sec this turn | 300 sec total\n|\n|t:|1783553115\n|move|p2a: Necrozma|Moonlight|p2a: Necrozma\n|-heal|p2a: Necrozma|100/100\n|move|p1a: Hydrapple|Giga Drain|p2a: Necrozma\n|-supereffective|p2a: Necrozma\n|-damage|p2a: Necrozma|64/100\n|-heal|p1a: Hydrapple|214/312|[from] drain|[of] p2a: Necrozma\n|\n|-heal|p2a: Necrozma|70/100|[from] item: Leftovers\n|upkeep\n|turn|40\n|inactive|Time left: 300 sec this turn | 300 sec total\n|\n|t:|1783553116\n|move|p2a: Necrozma|Earth Power|p1a: Hydrapple\n|-resisted|p1a: Hydrapple\n|-crit|p1a: Hydrapple\n|-damage|p1a: Hydrapple|133/312\n|move|p1a: Hydrapple|Dragon Tail|p2a: Necrozma\n|-damage|p2a: Necrozma|52/100\n|drag|p2a: Beartic|Beartic, L91, M|16/100\n|\n|upkeep\n|turn|41\n|inactive|Time left: 300 sec this turn | 300 sec total\n|\n|t:|1783553117\n|switch|p1a: Orthworm|Orthworm, L88, F|169/266\n|move|p2a: Beartic|Icicle Crash|p1a: Orthworm\n|-resisted|p1a: Orthworm\n|-damage|p1a: Orthworm|128/266\n|\n|-heal|p1a: Orthworm|144/266|[from] item: Leftovers\n|upkeep\n|turn|42\n|inactive|Time left: 300 sec this turn | 300 sec total\n|\n|t:|1783553118\n|move|p2a: Beartic|Aqua Jet|p1a: Orthworm\n|-damage|p1a: Orthworm|116/266\n|move|p1a: Orthworm|Body Press|p2a: Beartic\n|-supereffective|p2a: Beartic\n|-damage|p2a: Beartic|0 fnt\n|faint|p2a: Beartic\n|\n|-heal|p1a: Orthworm|132/266|[from] item: Leftovers\n|upkeep\n|\n|t:|1783553119\n|switch|p2a: Hawlucha|Hawlucha, L80, F|100/100\n|turn|43\n|inactive|Time left: 300 sec this turn | 300 sec total\n|\n|t:|1783553120\n|switch|p1a: Hydrapple|Hydrapple, L83, F|237/312\n|move|p2a: Hawlucha|Close Combat|p1a: Hydrapple\n|-damage|p1a: Hydrapple|144/312\n|-unboost|p2a: Hawlucha|def|1\n|-unboost|p2a: Hawlucha|spd|1\n|-enditem|p2a: Hawlucha|White Herb\n|-clearnegativeboost|p2a: Hawlucha|[silent]\n|\n|upkeep\n|turn|44\n|inactive|Time left: 300 sec this turn | 300 sec total\n|\n|t:|1783553121\n|switch|p1a: Arbok|Arbok, L87, M|56/246\n|-ability|p1a: Arbok|Intimidate|boost\n|-unboost|p2a: Hawlucha|atk|1\n|move|p2a: Hawlucha|Acrobatics|p1a: Arbok\n|-damage|p1a: Arbok|0 fnt\n|faint|p1a: Arbok\n|\n|upkeep\n|inactive|Time left: 300 sec this turn | 300 sec total | 5 sec grace\n|\n|t:|1783553122\n|switch|p1a: Hydrapple|Hydrapple, L83, F|248/312\n|turn|45\n|inactive|Time left: 300 sec this turn | 300 sec total\n|\n|t:|1783553123\n|move|p2a: Hawlucha|Swords Dance|p2a: Hawlucha\n|-boost|p2a: Hawlucha|atk|2\n|move|p1a: Hydrapple|Fickle Beam|p2a: Hawlucha|[anim] Fickle Beam All Out\n|-activate|p1a: Hydrapple|move: Fickle Beam\n|-damage|p2a: Hawlucha|0 fnt\n|faint|p2a: Hawlucha\n|\n|upkeep\n|\n|t:|1783553124\n|switch|p2a: Volbeat|Volbeat, L90, M|100/100\n|turn|46\n|inactive|Time left: 300 sec this turn | 300 sec total\n|\n|t:|1783553126\n|move|p2a: Volbeat|Lunge|p1a: Hydrapple\n|-supereffective|p1a: Hydrapple\n|-damage|p1a: Hydrapple|120/312\n|-unboost|p1a: Hydrapple|atk|1\n|move|p1a: Hydrapple|Fickle Beam|p2a: Volbeat|[anim] Fickle Beam All Out\n|-activate|p1a: Hydrapple|move: Fickle Beam\n|-damage|p2a: Volbeat|30/100\n|\n|upkeep\n|turn|47\n|inactive|Time left: 300 sec this turn | 300 sec total\n|\n|t:|1783553127\n|switch|p1a: Orthworm|Orthworm, L88, F|132/266\n|move|p2a: Volbeat|Roost|p2a: Volbeat\n|-heal|p2a: Volbeat|80/100\n|-singleturn|p2a: Volbeat|move: Roost\n|\n|-heal|p1a: Orthworm|148/266|[from] item: Leftovers\n|upkeep\n|turn|48\n|inactive|Time left: 300 sec this turn | 300 sec total\n|\n|t:|1783553128\n|move|p2a: Volbeat|Lunge|p1a: Orthworm\n|-resisted|p1a: Orthworm\n|-damage|p1a: Orthworm|123/266\n|-unboost|p1a: Orthworm|atk|1\n|move|p1a: Orthworm|Heavy Slam|p2a: Volbeat\n|-damage|p2a: Volbeat|43/100\n|\n|-heal|p1a: Orthworm|139/266|[from] item: Leftovers\n|upkeep\n|turn|49\n|inactive|Time left: 300 sec this turn | 300 sec total\n|\n|t:|1783553129\n|move|p2a: Volbeat|Roost|p2a: Volbeat\n|-heal|p2a: Volbeat|94/100\n|-singleturn|p2a: Volbeat|move: Roost\n|move|p1a: Orthworm|Heavy Slam|p2a: Volbeat\n|-damage|p2a: Volbeat|59/100\n|\n|-heal|p1a: Orthworm|155/266|[from] item: Leftovers\n|upkeep\n|turn|50\n|inactive|Time left: 300 sec this turn | 300 sec total\n|\n|t:|1783553130\n|move|p2a: Volbeat|Roost|p2a: Volbeat\n|-heal|p2a: Volbeat|100/100\n|-singleturn|p2a: Volbeat|move: Roost\n|move|p1a: Orthworm|Heavy Slam|p2a: Volbeat\n|-damage|p2a: Volbeat|66/100\n|\n|-heal|p1a: Orthworm|171/266|[from] item: Leftovers\n|upkeep\n|turn|51\n|inactive|Time left: 300 sec this turn | 300 sec total\n|\n|t:|1783553131\n|move|p2a: Volbeat|Lunge|p1a: Orthworm\n|-resisted|p1a: Orthworm\n|-damage|p1a: Orthworm|147/266\n|-unboost|p1a: Orthworm|atk|1\n|move|p1a: Orthworm|Heavy Slam|p2a: Volbeat\n|-damage|p2a: Volbeat|39/100\n|\n|-heal|p1a: Orthworm|163/266|[from] item: Leftovers\n|upkeep\n|turn|52\n|inactive|Time left: 300 sec this turn | 300 sec total\n|\n|t:|1783553133\n|move|p2a: Volbeat|Lunge|p1a: Orthworm\n|-resisted|p1a: Orthworm\n|-damage|p1a: Orthworm|135/266\n|-unboost|p1a: Orthworm|atk|1\n|move|p1a: Orthworm|Shed Tail|p1a: Orthworm\n|-start|p1a: Orthworm|Substitute|[from] move: Shed Tail\n|-damage|p1a: Orthworm|2/266\n|inactive|Time left: 300 sec this turn | 300 sec total | 5 sec grace\n|\n|t:|1783553134\n|switch|p1a: Hydrapple|Hydrapple, L83, F|224/312|[from] Shed Tail\n|\n|upkeep\n|turn|53\n|inactive|Time left: 300 sec this turn | 300 sec total\n|\n|t:|1783553134\n|move|p2a: Volbeat|Roost|p2a: Volbeat\n|-heal|p2a: Volbeat|89/100\n|-singleturn|p2a: Volbeat|move: Roost\n|move|p1a: Hydrapple|Fickle Beam|p2a: Volbeat\n|-damage|p2a: Volbeat|51/100\n|\n|upkeep\n|turn|54\n|inactive|Time left: 300 sec this turn | 300 sec total\n|\n|t:|1783553135\n|move|p2a: Volbeat|Roost|p2a: Volbeat\n|-heal|p2a: Volbeat|100/100\n|-singleturn|p2a: Volbeat|move: Roost\n|move|p1a: Hydrapple|Fickle Beam|p2a: Volbeat\n|-damage|p2a: Volbeat|62/100\n|\n|upkeep\n|turn|55\n|inactive|Time left: 300 sec this turn | 300 sec total\n|\n|t:|1783553136\n|move|p2a: Volbeat|Encore|p1a: Hydrapple\n|-start|p1a: Hydrapple|Encore\n|move|p1a: Hydrapple|Fickle Beam|p2a: Volbeat|[anim] Fickle Beam All Out\n|-activate|p1a: Hydrapple|move: Fickle Beam\n|-crit|p2a: Volbeat\n|-damage|p2a: Volbeat|0 fnt\n|faint|p2a: Volbeat\n|\n|-end|p1a: Hydrapple|Encore\n|upkeep\n|\n|t:|1783553137\n|switch|p2a: Dragapult|Dragapult, L77, M|43/100\n|-damage|p2a: Dragapult|27/100|[from] Spikes\n|turn|56\n|inactive|Time left: 300 sec this turn | 300 sec total\n|\n|t:|1783553138\n|move|p2a: Dragapult|Draco Meteor|p1a: Hydrapple\n|-supereffective|p1a: Hydrapple\n|-damage|p1a: Hydrapple|0 fnt\n|-unboost|p2a: Dragapult|spa|2\n|faint|p1a: Hydrapple\n|\n|upkeep\n|inactive|Time left: 300 sec this turn | 300 sec total | 5 sec grace\n|\n|t:|1783553139\n|switch|p1a: Deoxys|Deoxys, L74|196/196\n|-ability|p1a: Deoxys|Pressure\n|turn|57\n|inactive|Time left: 300 sec this turn | 300 sec total\n|\n|t:|1783553140\n|switch|p2a: Necrozma|Necrozma, L80, tera:Ground|52/100\n|-damage|p2a: Necrozma|35/100|[from] Spikes\n|move|p1a: Deoxys|Knock Off|p2a: Necrozma\n|-damage|p2a: Necrozma|0 fnt\n|-enditem|p2a: Necrozma|Leftovers|[from] move: Knock Off|[of] p1a: Deoxys\n|faint|p2a: Necrozma\n|-damage|p1a: Deoxys|177/196|[from] item: Life Orb\n|\n|upkeep\n|\n|t:|1783553141\n|switch|p2a: Dragapult|Dragapult, L77, M|27/100\n|-damage|p2a: Dragapult|10/100|[from] Spikes\n|turn|58\n|inactive|Time left: 300 sec this turn | 300 sec total\n|\n|t:|1783553141\n|move|p1a: Deoxys|Knock Off|p2a: Dragapult\n|-supereffective|p2a: Dragapult\n|-damage|p2a: Dragapult|0 fnt\n|-enditem|p2a: Dragapult|Choice Specs|[from] move: Knock Off|[of] p1a: Deoxys\n|faint|p2a: Dragapult\n|-damage|p1a: Deoxys|158/196|[from] item: Life Orb\n|\n|win|p0x12052bc6", "uploadtime": 1783553141, "views": 0, "rating": 0, "private": 0, "password": null, "_winner": "p0x12052bc6", "_our_name": "p0x12052bc6"}