{"id": "battle-gen9randombattle-1914", "formatid": "gen9randombattle", "format": "[Gen 9] Random Battle", "players": ["p0x191401c6", "p0y1914d25f"], "log": "|init|battle\n|title|p0x191401c6 vs. p0y1914d25f\n|j|\u2606p0x191401c6\n|j|\u2606p0y1914d25f\n|t:|1783561404\n|gametype|singles\n|player|p1|p0x191401c6|102|\n|player|p2|p0y1914d25f|170|\n|gen|9\n|tier|[Gen 9] Random Battle\n|rule|Species Clause: Limit one of each Pok\u00e9mon\n|rule|HP Percentage Mod: HP is shown in percentages\n|rule|Sleep Clause Mod: Limit one foe put to sleep\n|rule|Illusion Level Mod: Illusion disguises the Pok\u00e9mon's true level\n|\n|t:|1783561404\n|teamsize|p1|6\n|teamsize|p2|6\n|start\n|switch|p1a: Espeon|Espeon, L84, M|246/246\n|switch|p2a: Mienshao|Mienshao, L83, F|100/100\n|turn|1\n|inactive|Battle timer is ON: inactive players will automatically lose when time's up. (requested by p0y1914d25f)\n|inactive|Time left: 300 sec this turn | 300 sec total | 60 sec grace\n|inactive|p0x191401c6 also wants the timer to be on.\n|\n|t:|1783561406\n|-terastallize|p2a: Mienshao|Dark\n|move|p1a: Espeon|Psychic|p2a: Mienshao\n|-immune|p2a: Mienshao\n|move|p2a: Mienshao|Knock Off|p1a: Espeon\n|-supereffective|p1a: Espeon\n|-damage|p1a: Espeon|0 fnt\n|-enditem|p1a: Espeon|Life Orb|[from] move: Knock Off|[of] p2a: Mienshao\n|faint|p1a: Espeon\n|\n|upkeep\n|inactive|Time left: 300 sec this turn | 300 sec total | 65 sec grace\n|\n|t:|1783561407\n|switch|p1a: Lurantis|Lurantis, L87, F|264/264\n|turn|2\n|inactive|Time left: 300 sec this turn | 300 sec total\n|\n|t:|1783561408\n|move|p2a: Mienshao|U-turn|p1a: Lurantis\n|-supereffective|p1a: Lurantis\n|-damage|p1a: Lurantis|146/264\n|\n|t:|1783561409\n|switch|p2a: Florges|Florges-Blue, L85, F|100/100|[from] U-turn\n|move|p1a: Lurantis|Superpower|p2a: Florges\n|-resisted|p2a: Florges\n|-damage|p2a: Florges|79/100\n|-boost|p1a: Lurantis|atk|1\n|-boost|p1a: Lurantis|def|1\n|\n|-heal|p2a: Florges|85/100|[from] item: Leftovers\n|-heal|p1a: Lurantis|162/264|[from] item: Leftovers\n|upkeep\n|turn|3\n|inactive|Time left: 300 sec this turn | 300 sec total\n|\n|t:|1783561410\n|move|p2a: Florges|Moonblast|p1a: Lurantis\n|-damage|p1a: Lurantis|48/264\n|move|p1a: Lurantis|Synthesis|p1a: Lurantis\n|-heal|p1a: Lurantis|180/264\n|\n|-heal|p2a: Florges|91/100|[from] item: Leftovers\n|-heal|p1a: Lurantis|196/264|[from] item: Leftovers\n|upkeep\n|turn|4\n|inactive|Time left: 300 sec this turn | 300 sec total\n|\n|t:|1783561411\n|move|p2a: Florges|Moonblast|p1a: Lurantis\n|-damage|p1a: Lurantis|88/264\n|move|p1a: Lurantis|Synthesis|p1a: Lurantis\n|-heal|p1a: Lurantis|220/264\n|\n|-heal|p2a: Florges|97/100|[from] item: Leftovers\n|-heal|p1a: Lurantis|236/264|[from] item: Leftovers\n|upkeep\n|turn|5\n|inactive|Time left: 300 sec this turn | 300 sec total\n|\n|t:|1783561412\n|move|p2a: Florges|Calm Mind|p2a: Florges\n|-boost|p2a: Florges|spa|1\n|-boost|p2a: Florges|spd|1\n|move|p1a: Lurantis|Superpower|p2a: Florges\n|-resisted|p2a: Florges\n|-damage|p2a: Florges|66/100\n|-boost|p1a: Lurantis|atk|1\n|-boost|p1a: Lurantis|def|1\n|\n|-heal|p2a: Florges|72/100|[from] item: Leftovers\n|-heal|p1a: Lurantis|252/264|[from] item: Leftovers\n|upkeep\n|turn|6\n|inactive|Time left: 300 sec this turn | 300 sec total\n|\n|t:|1783561413\n|move|p2a: Florges|Moonblast|p1a: Lurantis\n|-damage|p1a: Lurantis|77/264\n|-boost|p1a: Lurantis|spa|1\n|move|p1a: Lurantis|Synthesis|p1a: Lurantis\n|-heal|p1a: Lurantis|209/264\n|\n|-heal|p2a: Florges|78/100|[from] item: Leftovers\n|-heal|p1a: Lurantis|225/264|[from] item: Leftovers\n|upkeep\n|turn|7\n|inactive|Time left: 300 sec this turn | 300 sec total\n|\n|t:|1783561414\n|move|p2a: Florges|Moonblast|p1a: Lurantis\n|-damage|p1a: Lurantis|54/264\n|move|p1a: Lurantis|Synthesis|p1a: Lurantis\n|-heal|p1a: Lurantis|186/264\n|\n|-heal|p2a: Florges|84/100|[from] item: Leftovers\n|-heal|p1a: Lurantis|202/264|[from] item: Leftovers\n|upkeep\n|turn|8\n|inactive|Time left: 300 sec this turn | 300 sec total\n|\n|t:|1783561415\n|move|p2a: Florges|Moonblast|p1a: Lurantis\n|-damage|p1a: Lurantis|31/264\n|-boost|p1a: Lurantis|spa|1\n|move|p1a: Lurantis|Synthesis|p1a: Lurantis\n|-heal|p1a: Lurantis|163/264\n|\n|-heal|p2a: Florges|89/100|[from] item: Leftovers\n|-heal|p1a: Lurantis|179/264|[from] item: Leftovers\n|upkeep\n|turn|9\n|inactive|Time left: 300 sec this turn | 300 sec total\n|\n|t:|1783561416\n|move|p2a: Florges|Moonblast|p1a: Lurantis\n|-damage|p1a: Lurantis|11/264\n|move|p1a: Lurantis|Synthesis|p1a: Lurantis\n|-heal|p1a: Lurantis|143/264\n|\n|-heal|p2a: Florges|95/100|[from] item: Leftovers\n|-heal|p1a: Lurantis|159/264|[from] item: Leftovers\n|upkeep\n|turn|10\n|inactive|Time left: 300 sec this turn | 300 sec total\n|\n|t:|1783561417\n|move|p2a: Florges|Moonblast|p1a: Lurantis\n|-damage|p1a: Lurantis|0 fnt\n|faint|p1a: Lurantis\n|\n|-heal|p2a: Florges|100/100|[from] item: Leftovers\n|upkeep\n|inactive|Time left: 300 sec this turn | 300 sec total | 5 sec grace\n|\n|t:|1783561418\n|switch|p1a: Heatran|Heatran, L79, F|273/273\n|-item|p1a: Heatran|Air Balloon\n|turn|11\n|inactive|Time left: 300 sec this turn | 300 sec total\n|\n|t:|1783561419\n|move|p2a: Florges|Protect|p2a: Florges\n|-singleturn|p2a: Florges|Protect\n|move|p1a: Heatran|Heavy Slam|p2a: Florges\n|-activate|p2a: Florges|move: Protect\n|\n|upkeep\n|turn|12\n|inactive|Time left: 300 sec this turn | 300 sec total\n|\n|t:|1783561420\n|move|p2a: Florges|Moonblast|p1a: Heatran\n|-resisted|p1a: Heatran\n|-damage|p1a: Heatran|235/273\n|-enditem|p1a: Heatran|Air Balloon\n|move|p1a: Heatran|Heavy Slam|p2a: Florges\n|-supereffective|p2a: Florges\n|-damage|p2a: Florges|1/100\n|\n|-heal|p2a: Florges|7/100|[from] item: Leftovers\n|upkeep\n|turn|13\n|inactive|Time left: 300 sec this turn | 300 sec total\n|\n|t:|1783561421\n|move|p2a: Florges|Moonblast|p1a: Heatran\n|-resisted|p1a: Heatran\n|-damage|p1a: Heatran|194/273\n|move|p1a: Heatran|Earth Power|p2a: Florges\n|-damage|p2a: Florges|0 fnt\n|faint|p2a: Florges\n|\n|upkeep\n|\n|t:|1783561422\n|switch|p2a: Electivire|Electivire, L84, M|100/100\n|turn|14\n|inactive|Time left: 300 sec this turn | 300 sec total\n|\n|t:|1783561423\n|move|p2a: Electivire|Earthquake|p1a: Heatran\n|-supereffective|p1a: Heatran\n|-damage|p1a: Heatran|0 fnt\n|faint|p1a: Heatran\n|-damage|p2a: Electivire|91/100|[from] item: Life Orb\n|\n|upkeep\n|inactive|Time left: 300 sec this turn | 300 sec total | 5 sec grace\n|\n|t:|1783561424\n|switch|p1a: Kingdra|Kingdra, L84, F|263/263\n|turn|15\n|inactive|Time left: 300 sec this turn | 300 sec total\n|\n|t:|1783561425\n|move|p2a: Electivire|Supercell Slam|p1a: Kingdra\n|-damage|p1a: Kingdra|103/263\n|-damage|p2a: Electivire|81/100|[from] item: Life Orb\n|move|p1a: Kingdra|Dragon Dance|p1a: Kingdra\n|-boost|p1a: Kingdra|atk|1\n|-boost|p1a: Kingdra|spe|1\n|\n|upkeep\n|turn|16\n|inactive|Time left: 300 sec this turn | 300 sec total\n|\n|t:|1783561426\n|switch|p2a: Chesnaught|Chesnaught, L84, M|100/100\n|move|p1a: Kingdra|Outrage|p2a: Chesnaught\n|-damage|p2a: Chesnaught|52/100\n|\n|-heal|p2a: Chesnaught|58/100|[from] item: Leftovers\n|upkeep\n|turn|17\n|inactive|Time left: 300 sec this turn | 300 sec total\n|\n|t:|1783561427\n|move|p1a: Kingdra|Outrage|p2a: Chesnaught|[from] lockedmove\n|-damage|p2a: Chesnaught|10/100\n|-start|p1a: Kingdra|confusion|[fatigue]\n|-enditem|p1a: Kingdra|Lum Berry|[eat]\n|-end|p1a: Kingdra|confusion\n|move|p2a: Chesnaught|Synthesis|p2a: Chesnaught\n|-heal|p2a: Chesnaught|59/100\n|\n|-heal|p2a: Chesnaught|65/100|[from] item: Leftovers\n|upkeep\n|turn|18\n|inactive|Time left: 300 sec this turn | 300 sec total\n|\n|t:|1783561428\n|move|p1a: Kingdra|Outrage|p2a: Chesnaught\n|-damage|p2a: Chesnaught|12/100\n|move|p2a: Chesnaught|Wood Hammer|p1a: Kingdra\n|-damage|p1a: Kingdra|0 fnt\n|faint|p1a: Kingdra\n|-damage|p2a: Chesnaught|0 fnt|[from] Recoil\n|faint|p2a: Chesnaught\n|\n|upkeep\n|inactive|Time left: 300 sec this turn | 300 sec total | 5 sec grace\n|\n|t:|1783561429\n|switch|p1a: Bronzong|Bronzong, L88|261/261\n|switch|p2a: Girafarig|Girafarig, L89, M|100/100\n|turn|19\n|inactive|Time left: 300 sec this turn | 300 sec total\n|\n|t:|1783561430\n|move|p2a: Girafarig|Nasty Plot|p2a: Girafarig\n|-boost|p2a: Girafarig|spa|2\n|move|p1a: Bronzong|Iron Defense|p1a: Bronzong\n|-boost|p1a: Bronzong|def|2\n|\n|upkeep\n|turn|20\n|inactive|Time left: 300 sec this turn | 300 sec total\n|\n|t:|1783561431\n|move|p2a: Girafarig|Psyshock|p1a: Bronzong\n|-resisted|p1a: Bronzong\n|-damage|p1a: Bronzong|245/261\n|move|p1a: Bronzong|Body Press|p2a: Girafarig\n|-damage|p2a: Girafarig|62/100\n|\n|-heal|p1a: Bronzong|261/261|[from] item: Leftovers\n|upkeep\n|turn|21\n|inactive|Time left: 300 sec this turn | 300 sec total\n|\n|t:|1783561432\n|move|p2a: Girafarig|Psyshock|p1a: Bronzong\n|-resisted|p1a: Bronzong\n|-damage|p1a: Bronzong|243/261\n|move|p1a: Bronzong|Body Press|p2a: Girafarig\n|-damage|p2a: Girafarig|18/100\n|\n|-heal|p1a: Bronzong|259/261|[from] item: Leftovers\n|upkeep\n|turn|22\n|inactive|Time left: 300 sec this turn | 300 sec total\n|\n|t:|1783561433\n|move|p2a: Girafarig|Shadow Ball|p1a: Bronzong\n|-supereffective|p1a: Bronzong\n|-damage|p1a: Bronzong|89/261\n|move|p1a: Bronzong|Body Press|p2a: Girafarig\n|-damage|p2a: Girafarig|0 fnt\n|faint|p2a: Girafarig\n|\n|-heal|p1a: Bronzong|105/261|[from] item: Leftovers\n|upkeep\n|\n|t:|1783561434\n|switch|p2a: Mienshao|Mienshao, L83, F, tera:Dark|100/100\n|turn|23\n|inactive|Time left: 300 sec this turn | 300 sec total\n|\n|t:|1783561435\n|-terastallize|p1a: Bronzong|Fighting\n|move|p2a: Mienshao|Knock Off|p1a: Bronzong\n|-resisted|p1a: Bronzong\n|-damage|p1a: Bronzong|82/261\n|-enditem|p1a: Bronzong|Leftovers|[from] move: Knock Off|[of] p2a: Mienshao\n|move|p1a: Bronzong|Body Press|p2a: Mienshao\n|-supereffective|p2a: Mienshao\n|-damage|p2a: Mienshao|0 fnt\n|faint|p2a: Mienshao\n|\n|upkeep\n|\n|t:|1783561436\n|switch|p2a: Iron Leaves|Iron Leaves, L80|100/100\n|turn|24\n|inactive|Time left: 300 sec this turn | 300 sec total\n|\n|t:|1783561437\n|move|p2a: Iron Leaves|Leaf Blade|p1a: Bronzong\n|-damage|p1a: Bronzong|22/261\n|move|p1a: Bronzong|Body Press|p2a: Iron Leaves\n|-resisted|p2a: Iron Leaves\n|-damage|p2a: Iron Leaves|60/100\n|\n|upkeep\n|turn|25\n|inactive|Time left: 300 sec this turn | 300 sec total\n|\n|t:|1783561438\n|move|p2a: Iron Leaves|Leaf Blade|p1a: Bronzong\n|-damage|p1a: Bronzong|0 fnt\n|faint|p1a: Bronzong\n|\n|upkeep\n|inactive|Time left: 300 sec this turn | 300 sec total | 5 sec grace\n|\n|t:|1783561439\n|switch|p1a: Weavile|Weavile, L79, F|240/240\n|turn|26\n|inactive|Time left: 300 sec this turn | 300 sec total\n|\n|t:|1783561440\n|-end|p2a: Iron Leaves|Quark Drive|[silent]\n|switch|p2a: Electivire|Electivire, L84, M|81/100\n|move|p1a: Weavile|Knock Off|p2a: Electivire\n|-damage|p2a: Electivire|32/100\n|-enditem|p2a: Electivire|Life Orb|[from] move: Knock Off|[of] p1a: Weavile\n|\n|upkeep\n|turn|27\n|inactive|Time left: 300 sec this turn | 300 sec total\n|\n|t:|1783561441\n|move|p1a: Weavile|Low Kick|p2a: Electivire\n|-damage|p2a: Electivire|0 fnt\n|faint|p2a: Electivire\n|\n|upkeep\n|\n|t:|1783561442\n|switch|p2a: Iron Leaves|Iron Leaves, L80|60/100\n|turn|28\n|inactive|Time left: 300 sec this turn | 300 sec total\n|\n|t:|1783561443\n|move|p1a: Weavile|Knock Off|p2a: Iron Leaves\n|-supereffective|p2a: Iron Leaves\n|-damage|p2a: Iron Leaves|0 fnt\n|-enditem|p2a: Iron Leaves|Choice Band|[from] move: Knock Off|[of] p1a: Weavile\n|faint|p2a: Iron Leaves\n|-end|p2a: Iron Leaves|Quark Drive|[silent]\n|\n|win|p0x191401c6", "uploadtime": 1783561443, "views": 0, "rating": 0, "private": 0, "password": null, "_winner": "p0x191401c6", "_our_name": "p0x191401c6"}