{"id": "battle-gen9randombattle-2919", "formatid": "gen9randombattle", "format": "[Gen 9] Random Battle", "players": ["p0x2919605b", "p0y29198218"], "log": "|init|battle\n|title|p0x2919605b vs. p0y29198218\n|j|\u2606p0x2919605b\n|j|\u2606p0y29198218\n|t:|1783572652\n|gametype|singles\n|player|p1|p0x2919605b|169|\n|player|p2|p0y29198218|265|\n|gen|9\n|tier|[Gen 9] Random Battle\n|rule|Species Clause: Limit one of each Pok\u00e9mon\n|rule|HP Percentage Mod: HP is shown in percentages\n|rule|Sleep Clause Mod: Limit one foe put to sleep\n|rule|Illusion Level Mod: Illusion disguises the Pok\u00e9mon's true level\n|\n|t:|1783572652\n|teamsize|p1|6\n|teamsize|p2|6\n|start\n|switch|p1a: Meloetta|Meloetta, L82|100/100\n|switch|p2a: Dragapult|Dragapult, L77, F|262/262\n|turn|1\n|inactive|Battle timer is ON: inactive players will automatically lose when time's up. (requested by p0x2919605b)\n|inactive|Time left: 300 sec this turn | 300 sec total | 60 sec grace\n|inactive|p0y29198218 also wants the timer to be on.\n|\n|t:|1783572652\n|move|p2a: Dragapult|Dragon Darts|p1a: Meloetta\n|-damage|p1a: Meloetta|73/100\n|-anim|p2a: Dragapult|Dragon Darts|p1a: Meloetta\n|-damage|p1a: Meloetta|46/100\n|-damage|p2a: Dragapult|236/262|[from] item: Life Orb\n|move|p1a: Meloetta|Psyshock|p2a: Dragapult\n|-damage|p2a: Dragapult|56/262\n|\n|upkeep\n|turn|2\n|inactive|Time left: 300 sec this turn | 300 sec total\n|\n|t:|1783572653\n|switch|p1a: Forretress|Forretress, L84, M|100/100\n|move|p2a: Dragapult|Dragon Darts|p1a: Forretress\n|-resisted|p1a: Forretress\n|-damage|p1a: Forretress|92/100\n|-anim|p2a: Dragapult|Dragon Darts|p1a: Forretress\n|-resisted|p1a: Forretress\n|-damage|p1a: Forretress|83/100\n|-damage|p2a: Dragapult|30/262|[from] item: Life Orb\n|\n|-heal|p1a: Forretress|89/100|[from] item: Leftovers\n|upkeep\n|turn|3\n|inactive|Time left: 300 sec this turn | 300 sec total\n|\n|t:|1783572654\n|switch|p1a: Suicune|Suicune, L82|100/100\n|-ability|p1a: Suicune|Pressure\n|move|p2a: Dragapult|Fire Blast|p1a: Suicune\n|-resisted|p1a: Suicune\n|-damage|p1a: Suicune|87/100\n|-damage|p2a: Dragapult|4/262|[from] item: Life Orb\n|\n|-heal|p1a: Suicune|93/100|[from] item: Leftovers\n|upkeep\n|turn|4\n|inactive|Time left: 300 sec this turn | 300 sec total\n|\n|t:|1783572654\n|switch|p2a: Golurk|Golurk, L87|297/297\n|move|p1a: Suicune|Calm Mind|p1a: Suicune\n|-boost|p1a: Suicune|spa|1\n|-boost|p1a: Suicune|spd|1\n|\n|-heal|p1a: Suicune|99/100|[from] item: Leftovers\n|upkeep\n|turn|5\n|inactive|Time left: 300 sec this turn | 300 sec total\n|\n|t:|1783572655\n|-terastallize|p2a: Golurk|Fighting\n|move|p1a: Suicune|Scald|p2a: Golurk\n|-damage|p2a: Golurk|171/297\n|move|p2a: Golurk|Dynamic Punch|p1a: Suicune\n|-damage|p1a: Suicune|42/100\n|-start|p1a: Suicune|confusion\n|\n|-heal|p1a: Suicune|48/100|[from] item: Leftovers\n|upkeep\n|turn|6\n|inactive|Time left: 300 sec this turn | 300 sec total\n|\n|t:|1783572656\n|-activate|p1a: Suicune|confusion\n|-damage|p1a: Suicune|43/100|[from] confusion\n|move|p2a: Golurk|Dynamic Punch|p1a: Suicune\n|-damage|p1a: Suicune|0 fnt\n|faint|p1a: Suicune\n|\n|upkeep\n|\n|t:|1783572656\n|switch|p1a: Gothitelle|Gothitelle, L90, M|100/100\n|turn|7\n|inactive|Time left: 300 sec this turn | 300 sec total\n|\n|t:|1783572657\n|move|p1a: Gothitelle|Psychic Noise|p2a: Golurk\n|-supereffective|p2a: Golurk\n|-damage|p2a: Golurk|0 fnt\n|faint|p2a: Golurk\n|\n|upkeep\n|inactive|Time left: 300 sec this turn | 300 sec total | 5 sec grace\n|\n|t:|1783572658\n|switch|p2a: Swalot|Swalot, L90, F|326/326\n|turn|8\n|inactive|Time left: 300 sec this turn | 300 sec total\n|\n|t:|1783572659\n|move|p1a: Gothitelle|Psychic Noise|p2a: Swalot\n|-supereffective|p2a: Swalot\n|-damage|p2a: Swalot|198/326\n|-start|p2a: Swalot|move: Heal Block\n|move|p2a: Swalot|Knock Off|p1a: Gothitelle\n|-supereffective|p1a: Gothitelle\n|-damage|p1a: Gothitelle|62/100\n|-enditem|p1a: Gothitelle|Leftovers|[from] move: Knock Off|[of] p2a: Swalot\n|\n|upkeep\n|turn|9\n|inactive|Time left: 300 sec this turn | 300 sec total\n|\n|t:|1783572661\n|move|p1a: Gothitelle|Psychic Noise|p2a: Swalot\n|-supereffective|p2a: Swalot\n|-damage|p2a: Swalot|84/326\n|move|p2a: Swalot|Knock Off|p1a: Gothitelle\n|-supereffective|p1a: Gothitelle\n|-damage|p1a: Gothitelle|31/100\n|\n|-end|p2a: Swalot|move: Heal Block\n|upkeep\n|turn|10\n|inactive|Time left: 300 sec this turn | 300 sec total\n|\n|t:|1783572662\n|move|p1a: Gothitelle|Psychic Noise|p2a: Swalot\n|-supereffective|p2a: Swalot\n|-damage|p2a: Swalot|0 fnt\n|faint|p2a: Swalot\n|\n|upkeep\n|inactive|Time left: 300 sec this turn | 300 sec total | 5 sec grace\n|\n|t:|1783572663\n|switch|p2a: Feraligatr|Feraligatr, L79, M|264/264\n|turn|11\n|inactive|Time left: 300 sec this turn | 300 sec total\n|\n|t:|1783572664\n|switch|p1a: Forretress|Forretress, L84, M|89/100\n|move|p2a: Feraligatr|Liquidation|p1a: Forretress\n|-damage|p1a: Forretress|50/100\n|\n|-heal|p1a: Forretress|56/100|[from] item: Leftovers\n|upkeep\n|turn|12\n|inactive|Time left: 300 sec this turn | 300 sec total\n|\n|t:|1783572665\n|move|p2a: Feraligatr|Dragon Dance|p2a: Feraligatr\n|-boost|p2a: Feraligatr|atk|1\n|-boost|p2a: Feraligatr|spe|1\n|move|p1a: Forretress|Stealth Rock|p2a: Feraligatr\n|-sidestart|p2: p0y29198218|move: Stealth Rock\n|\n|-heal|p1a: Forretress|62/100|[from] item: Leftovers\n|upkeep\n|turn|13\n|inactive|Time left: 300 sec this turn | 300 sec total\n|\n|t:|1783572666\n|switch|p1a: Milotic|Milotic, L83, M|100/100\n|move|p2a: Feraligatr|Dragon Dance|p2a: Feraligatr\n|-boost|p2a: Feraligatr|atk|1\n|-boost|p2a: Feraligatr|spe|1\n|\n|upkeep\n|turn|14\n|inactive|Time left: 300 sec this turn | 300 sec total\n|\n|t:|1783572667\n|move|p2a: Feraligatr|Trailblaze|p1a: Milotic\n|-supereffective|p1a: Milotic\n|-damage|p1a: Milotic|23/100\n|move|p1a: Milotic|Dragon Tail|p2a: Feraligatr\n|-damage|p2a: Feraligatr|236/264\n|drag|p2a: Glimmora|Glimmora, L75, F|248/248\n|\n|-heal|p1a: Milotic|30/100|[from] item: Leftovers\n|upkeep\n|turn|15\n|inactive|Time left: 300 sec this turn | 300 sec total\n|\n|t:|1783572668\n|move|p1a: Milotic|Scald|p2a: Glimmora\n|-supereffective|p2a: Glimmora\n|-damage|p2a: Glimmora|42/248\n|-status|p2a: Glimmora|brn\n|move|p2a: Glimmora|Mortal Spin|p1a: Milotic\n|-damage|p1a: Milotic|26/100\n|-status|p1a: Milotic|psn\n|-sideend|p2: p0y29198218|Stealth Rock|[from] move: Mortal Spin|[of] p2a: Glimmora\n|\n|-heal|p1a: Milotic|32/100 psn|[from] item: Leftovers\n|-damage|p1a: Milotic|20/100 psn|[from] psn\n|-damage|p2a: Glimmora|27/248 brn|[from] brn\n|upkeep\n|turn|16\n|inactive|Time left: 300 sec this turn | 300 sec total\n|\n|t:|1783572669\n|move|p1a: Milotic|Recover|p1a: Milotic\n|-heal|p1a: Milotic|70/100 psn\n|move|p2a: Glimmora|Stealth Rock|p1a: Milotic\n|-sidestart|p1: p0x2919605b|move: Stealth Rock\n|\n|-heal|p1a: Milotic|76/100 psn|[from] item: Leftovers\n|-damage|p1a: Milotic|64/100 psn|[from] psn\n|-damage|p2a: Glimmora|12/248 brn|[from] brn\n|upkeep\n|turn|17\n|inactive|Time left: 300 sec this turn | 300 sec total\n|\n|t:|1783572670\n|switch|p2a: Feraligatr|Feraligatr, L79, M|236/264\n|move|p1a: Milotic|Ice Beam|p2a: Feraligatr\n|-resisted|p2a: Feraligatr\n|-damage|p2a: Feraligatr|203/264\n|\n|-heal|p1a: Milotic|70/100 psn|[from] item: Leftovers\n|-damage|p1a: Milotic|58/100 psn|[from] psn\n|upkeep\n|turn|18\n|inactive|Time left: 300 sec this turn | 300 sec total\n|\n|t:|1783572671\n|move|p1a: Milotic|Scald|p2a: Feraligatr\n|-resisted|p2a: Feraligatr\n|-damage|p2a: Feraligatr|155/264\n|-status|p2a: Feraligatr|brn\n|move|p2a: Feraligatr|Dragon Dance|p2a: Feraligatr\n|-boost|p2a: Feraligatr|atk|1\n|-boost|p2a: Feraligatr|spe|1\n|\n|-heal|p1a: Milotic|64/100 psn|[from] item: Leftovers\n|-damage|p1a: Milotic|52/100 psn|[from] psn\n|-damage|p2a: Feraligatr|139/264 brn|[from] brn\n|upkeep\n|turn|19\n|inactive|Time left: 300 sec this turn | 300 sec total\n|\n|t:|1783572673\n|move|p2a: Feraligatr|Liquidation|p1a: Milotic\n|-resisted|p1a: Milotic\n|-crit|p1a: Milotic\n|-damage|p1a: Milotic|22/100 psn\n|move|p1a: Milotic|Recover|p1a: Milotic\n|-heal|p1a: Milotic|72/100 psn\n|\n|-heal|p1a: Milotic|78/100 psn|[from] item: Leftovers\n|-damage|p1a: Milotic|66/100 psn|[from] psn\n|-damage|p2a: Feraligatr|123/264 brn|[from] brn\n|upkeep\n|turn|20\n|inactive|Time left: 300 sec this turn | 300 sec total\n|\n|t:|1783572674\n|move|p2a: Feraligatr|Liquidation|p1a: Milotic\n|-resisted|p1a: Milotic\n|-damage|p1a: Milotic|45/100 psn\n|move|p1a: Milotic|Dragon Tail|p2a: Feraligatr\n|-damage|p2a: Feraligatr|95/264 brn\n|drag|p2a: Dragapult|Dragapult, L77, F|4/262\n|\n|-heal|p1a: Milotic|51/100 psn|[from] item: Leftovers\n|-damage|p1a: Milotic|39/100 psn|[from] psn\n|upkeep\n|turn|21\n|inactive|Time left: 300 sec this turn | 300 sec total\n|\n|t:|1783572675\n|switch|p1a: Forretress|Forretress, L84, M|62/100\n|-damage|p1a: Forretress|50/100|[from] Stealth Rock\n|move|p2a: Dragapult|Dragon Darts|p1a: Forretress\n|-resisted|p1a: Forretress\n|-damage|p1a: Forretress|41/100\n|-anim|p2a: Dragapult|Dragon Darts|p1a: Forretress\n|-resisted|p1a: Forretress\n|-damage|p1a: Forretress|32/100\n|-damage|p2a: Dragapult|0 fnt|[from] item: Life Orb\n|faint|p2a: Dragapult\n|\n|-heal|p1a: Forretress|39/100|[from] item: Leftovers\n|upkeep\n|inactive|Time left: 300 sec this turn | 300 sec total | 5 sec grace\n|\n|t:|1783572676\n|switch|p2a: Noivern|Noivern, L82, F|274/274\n|turn|22\n|inactive|Time left: 300 sec this turn | 300 sec total\n|\n|t:|1783572677\n|switch|p1a: Ho-Oh|Ho-Oh, L71|100/100\n|move|p2a: Noivern|Hurricane|p1a: Ho-Oh\n|-damage|p1a: Ho-Oh|68/100\n|\n|upkeep\n|turn|23\n|inactive|Time left: 300 sec this turn | 300 sec total\n|\n|t:|1783572678\n|move|p2a: Noivern|Hurricane|p1a: Ho-Oh|[miss]\n|-miss|p2a: Noivern|p1a: Ho-Oh\n|move|p1a: Ho-Oh|Recover|p1a: Ho-Oh\n|-heal|p1a: Ho-Oh|100/100\n|\n|upkeep\n|turn|24\n|inactive|Time left: 300 sec this turn | 300 sec total\n|\n|t:|1783572679\n|switch|p2a: Glimmora|Glimmora, L75, F|12/248 brn\n|move|p1a: Ho-Oh|Brave Bird|p2a: Glimmora\n|-resisted|p2a: Glimmora\n|-damage|p2a: Glimmora|0 fnt\n|-activate|p2a: Glimmora|ability: Toxic Debris\n|-sidestart|p1: p0x2919605b|move: Toxic Spikes\n|faint|p2a: Glimmora\n|-damage|p1a: Ho-Oh|99/100|[from] Recoil\n|\n|upkeep\n|inactive|Time left: 300 sec this turn | 300 sec total | 5 sec grace\n|\n|t:|1783572680\n|switch|p2a: Feraligatr|Feraligatr, L79, M|95/264 brn\n|turn|25\n|inactive|Time left: 300 sec this turn | 300 sec total\n|\n|t:|1783572681\n|move|p2a: Feraligatr|Liquidation|p1a: Ho-Oh\n|-supereffective|p1a: Ho-Oh\n|-damage|p1a: Ho-Oh|37/100\n|move|p1a: Ho-Oh|Brave Bird|p2a: Feraligatr\n|-damage|p2a: Feraligatr|0 fnt\n|faint|p2a: Feraligatr\n|-damage|p1a: Ho-Oh|26/100|[from] Recoil\n|\n|upkeep\n|inactive|Time left: 300 sec this turn | 300 sec total | 5 sec grace\n|\n|t:|1783572681\n|switch|p2a: Noivern|Noivern, L82, F|274/274\n|turn|26\n|inactive|Time left: 300 sec this turn | 300 sec total\n|\n|t:|1783572682\n|-terastallize|p1a: Ho-Oh|Steel\n|move|p2a: Noivern|Hurricane|p1a: Ho-Oh\n|-resisted|p1a: Ho-Oh\n|-damage|p1a: Ho-Oh|10/100\n|move|p1a: Ho-Oh|Recover|p1a: Ho-Oh\n|-heal|p1a: Ho-Oh|60/100\n|\n|upkeep\n|turn|27\n|inactive|Time left: 300 sec this turn | 300 sec total\n|\n|t:|1783572684\n|move|p2a: Noivern|Flamethrower|p1a: Ho-Oh\n|-supereffective|p1a: Ho-Oh\n|-damage|p1a: Ho-Oh|25/100\n|move|p1a: Ho-Oh|Recover|p1a: Ho-Oh\n|-heal|p1a: Ho-Oh|75/100\n|\n|upkeep\n|turn|28\n|inactive|Time left: 300 sec this turn | 300 sec total\n|\n|t:|1783572685\n|move|p2a: Noivern|Flamethrower|p1a: Ho-Oh\n|-supereffective|p1a: Ho-Oh\n|-damage|p1a: Ho-Oh|39/100\n|move|p1a: Ho-Oh|Recover|p1a: Ho-Oh\n|-heal|p1a: Ho-Oh|89/100\n|\n|upkeep\n|turn|29\n|inactive|Time left: 300 sec this turn | 300 sec total\n|\n|t:|1783572686\n|move|p2a: Noivern|Flamethrower|p1a: Ho-Oh\n|-supereffective|p1a: Ho-Oh\n|-damage|p1a: Ho-Oh|53/100\n|move|p1a: Ho-Oh|Recover|p1a: Ho-Oh\n|-heal|p1a: Ho-Oh|100/100\n|\n|upkeep\n|turn|30\n|inactive|Time left: 300 sec this turn | 300 sec total\n|\n|t:|1783572687\n|move|p2a: Noivern|Flamethrower|p1a: Ho-Oh\n|-supereffective|p1a: Ho-Oh\n|-damage|p1a: Ho-Oh|63/100\n|move|p1a: Ho-Oh|Brave Bird|p2a: Noivern\n|-damage|p2a: Noivern|147/274\n|-damage|p1a: Ho-Oh|48/100|[from] Recoil\n|\n|upkeep\n|turn|31\n|inactive|Time left: 300 sec this turn | 300 sec total\n|\n|t:|1783572688\n|move|p2a: Noivern|Hurricane|p1a: Ho-Oh|[miss]\n|-miss|p2a: Noivern|p1a: Ho-Oh\n|move|p1a: Ho-Oh|Brave Bird|p2a: Noivern\n|-damage|p2a: Noivern|24/274\n|-damage|p1a: Ho-Oh|32/100|[from] Recoil\n|\n|upkeep\n|turn|32\n|inactive|Time left: 300 sec this turn | 300 sec total\n|\n|t:|1783572689\n|move|p2a: Noivern|Flamethrower|p1a: Ho-Oh\n|-supereffective|p1a: Ho-Oh\n|-damage|p1a: Ho-Oh|0 fnt\n|faint|p1a: Ho-Oh\n|\n|upkeep\n|\n|t:|1783572689\n|switch|p1a: Meloetta|Meloetta, L82|46/100\n|-damage|p1a: Meloetta|34/100|[from] Stealth Rock\n|-status|p1a: Meloetta|psn\n|turn|33\n|inactive|Time left: 300 sec this turn | 300 sec total\n|\n|t:|1783572690\n|move|p2a: Noivern|Hurricane|p1a: Meloetta|[miss]\n|-miss|p2a: Noivern|p1a: Meloetta\n|move|p1a: Meloetta|Hyper Voice|p2a: Noivern\n|-damage|p2a: Noivern|0 fnt\n|faint|p2a: Noivern\n|\n|win|p0x2919605b", "uploadtime": 1783572690, "views": 0, "rating": 0, "private": 0, "password": null, "_winner": "p0x2919605b", "_our_name": "p0y29198218"}