{"id": "battle-gen9randombattle-2866", "formatid": "gen9randombattle", "format": "[Gen 9] Random Battle", "players": ["p0x28662e07", "p0y2866167c"], "log": "|init|battle\n|title|p0x28662e07 vs. p0y2866167c\n|j|\u2606p0x28662e07\n|j|\u2606p0y2866167c\n|t:|1783572043\n|gametype|singles\n|player|p1|p0x28662e07|265|\n|player|p2|p0y2866167c|2|\n|gen|9\n|tier|[Gen 9] Random Battle\n|rule|Species Clause: Limit one of each Pok\u00e9mon\n|rule|HP Percentage Mod: HP is shown in percentages\n|rule|Sleep Clause Mod: Limit one foe put to sleep\n|rule|Illusion Level Mod: Illusion disguises the Pok\u00e9mon's true level\n|\n|t:|1783572043\n|teamsize|p1|6\n|teamsize|p2|6\n|start\n|switch|p1a: Mewtwo|Mewtwo, L72|100/100\n|switch|p2a: Kleavor|Kleavor, L78, M|237/237\n|-ability|p1a: Mewtwo|Pressure\n|turn|1\n|inactive|Battle timer is ON: inactive players will automatically lose when time's up. (requested by p0x28662e07)\n|inactive|Time left: 300 sec this turn | 300 sec total | 60 sec grace\n|inactive|p0y2866167c also wants the timer to be on.\n|\n|t:|1783572044\n|move|p2a: Kleavor|X-Scissor|p1a: Mewtwo\n|-supereffective|p1a: Mewtwo\n|-crit|p1a: Mewtwo\n|-damage|p1a: Mewtwo|0 fnt\n|faint|p1a: Mewtwo\n|\n|upkeep\n|\n|t:|1783572045\n|switch|p1a: Clawitzer|Clawitzer, L87, M|100/100\n|turn|2\n|inactive|Time left: 300 sec this turn | 300 sec total\n|\n|t:|1783572047\n|move|p2a: Kleavor|X-Scissor|p1a: Clawitzer\n|-crit|p1a: Clawitzer\n|-damage|p1a: Clawitzer|18/100\n|move|p1a: Clawitzer|Water Pulse|p2a: Kleavor\n|-supereffective|p2a: Kleavor\n|-damage|p2a: Kleavor|0 fnt\n|faint|p2a: Kleavor\n|\n|upkeep\n|inactive|Time left: 300 sec this turn | 300 sec total | 5 sec grace\n|\n|t:|1783572048\n|switch|p2a: Iron Leaves|Iron Leaves, L80|275/275\n|turn|3\n|inactive|Time left: 300 sec this turn | 300 sec total\n|\n|t:|1783572049\n|switch|p1a: Bronzong|Bronzong, L88|100/100\n|move|p2a: Iron Leaves|Psyblade|p1a: Bronzong\n|-resisted|p1a: Bronzong\n|-damage|p1a: Bronzong|91/100\n|\n|-heal|p1a: Bronzong|97/100|[from] item: Leftovers\n|upkeep\n|turn|4\n|inactive|Time left: 300 sec this turn | 300 sec total\n|\n|t:|1783572051\n|move|p2a: Iron Leaves|Psyblade|p1a: Bronzong\n|-resisted|p1a: Bronzong\n|-damage|p1a: Bronzong|86/100\n|move|p1a: Bronzong|Iron Head|p2a: Iron Leaves\n|-damage|p2a: Iron Leaves|187/275\n|\n|-heal|p1a: Bronzong|92/100|[from] item: Leftovers\n|upkeep\n|turn|5\n|inactive|Time left: 300 sec this turn | 300 sec total\n|\n|t:|1783572052\n|move|p2a: Iron Leaves|Psyblade|p1a: Bronzong\n|-resisted|p1a: Bronzong\n|-damage|p1a: Bronzong|81/100\n|move|p1a: Bronzong|Iron Defense|p1a: Bronzong\n|-boost|p1a: Bronzong|def|2\n|\n|-heal|p1a: Bronzong|87/100|[from] item: Leftovers\n|upkeep\n|turn|6\n|inactive|Time left: 300 sec this turn | 300 sec total\n|\n|t:|1783572053\n|move|p2a: Iron Leaves|Psyblade|p1a: Bronzong\n|-resisted|p1a: Bronzong\n|-crit|p1a: Bronzong\n|-damage|p1a: Bronzong|70/100\n|move|p1a: Bronzong|Iron Head|p2a: Iron Leaves\n|-damage|p2a: Iron Leaves|97/275\n|\n|-heal|p1a: Bronzong|76/100|[from] item: Leftovers\n|upkeep\n|turn|7\n|inactive|Time left: 300 sec this turn | 300 sec total\n|\n|t:|1783572054\n|move|p2a: Iron Leaves|Psyblade|p1a: Bronzong\n|-resisted|p1a: Bronzong\n|-damage|p1a: Bronzong|71/100\n|move|p1a: Bronzong|Body Press|p2a: Iron Leaves\n|-resisted|p2a: Iron Leaves\n|-damage|p2a: Iron Leaves|28/275\n|\n|-heal|p1a: Bronzong|78/100|[from] item: Leftovers\n|upkeep\n|turn|8\n|inactive|Time left: 300 sec this turn | 300 sec total\n|\n|t:|1783572055\n|-end|p2a: Iron Leaves|Quark Drive|[silent]\n|switch|p2a: Chimecho|Chimecho, L93, F|290/290\n|move|p1a: Bronzong|Body Press|p2a: Chimecho\n|-resisted|p2a: Chimecho\n|-damage|p2a: Chimecho|225/290\n|\n|-heal|p2a: Chimecho|243/290|[from] item: Leftovers\n|-heal|p1a: Bronzong|84/100|[from] item: Leftovers\n|upkeep\n|turn|9\n|inactive|Time left: 300 sec this turn | 300 sec total\n|\n|t:|1783572057\n|move|p2a: Chimecho|Cosmic Power|p2a: Chimecho\n|-boost|p2a: Chimecho|def|1\n|-boost|p2a: Chimecho|spd|1\n|move|p1a: Bronzong|Body Press|p2a: Chimecho\n|-resisted|p2a: Chimecho\n|-damage|p2a: Chimecho|200/290\n|\n|-heal|p2a: Chimecho|218/290|[from] item: Leftovers\n|-heal|p1a: Bronzong|90/100|[from] item: Leftovers\n|upkeep\n|turn|10\n|inactive|Time left: 300 sec this turn | 300 sec total\n|\n|t:|1783572058\n|move|p2a: Chimecho|Cosmic Power|p2a: Chimecho\n|-boost|p2a: Chimecho|def|1\n|-boost|p2a: Chimecho|spd|1\n|move|p1a: Bronzong|Psychic Noise|p2a: Chimecho\n|-resisted|p2a: Chimecho\n|-damage|p2a: Chimecho|200/290\n|-start|p2a: Chimecho|move: Heal Block\n|\n|-heal|p1a: Bronzong|96/100|[from] item: Leftovers\n|upkeep\n|turn|11\n|inactive|Time left: 300 sec this turn | 300 sec total\n|\n|t:|1783572059\n|move|p2a: Chimecho|Cosmic Power|p2a: Chimecho\n|-boost|p2a: Chimecho|def|1\n|-boost|p2a: Chimecho|spd|1\n|move|p1a: Bronzong|Iron Head|p2a: Chimecho\n|-damage|p2a: Chimecho|161/290\n|\n|-heal|p1a: Bronzong|100/100|[from] item: Leftovers\n|-end|p2a: Chimecho|move: Heal Block\n|upkeep\n|turn|12\n|inactive|Time left: 300 sec this turn | 300 sec total\n|\n|t:|1783572060\n|move|p2a: Chimecho|Recover|p2a: Chimecho\n|-heal|p2a: Chimecho|290/290\n|move|p1a: Bronzong|Iron Head|p2a: Chimecho\n|-damage|p2a: Chimecho|253/290\n|\n|-heal|p2a: Chimecho|271/290|[from] item: Leftovers\n|upkeep\n|turn|13\n|inactive|Time left: 300 sec this turn | 300 sec total\n|\n|t:|1783572061\n|move|p2a: Chimecho|Cosmic Power|p2a: Chimecho\n|-boost|p2a: Chimecho|def|1\n|-boost|p2a: Chimecho|spd|1\n|move|p1a: Bronzong|Iron Defense|p1a: Bronzong\n|-boost|p1a: Bronzong|def|2\n|\n|-heal|p2a: Chimecho|289/290|[from] item: Leftovers\n|upkeep\n|turn|14\n|inactive|Time left: 300 sec this turn | 300 sec total\n|\n|t:|1783572062\n|move|p2a: Chimecho|Stored Power|p1a: Bronzong\n|-resisted|p1a: Bronzong\n|-damage|p1a: Bronzong|84/100\n|move|p1a: Bronzong|Body Press|p2a: Chimecho\n|-resisted|p2a: Chimecho\n|-damage|p2a: Chimecho|255/290\n|\n|-heal|p2a: Chimecho|273/290|[from] item: Leftovers\n|-heal|p1a: Bronzong|90/100|[from] item: Leftovers\n|upkeep\n|turn|15\n|inactive|Time left: 300 sec this turn | 300 sec total\n|\n|t:|1783572063\n|move|p2a: Chimecho|Stored Power|p1a: Bronzong\n|-resisted|p1a: Bronzong\n|-damage|p1a: Bronzong|72/100\n|move|p1a: Bronzong|Body Press|p2a: Chimecho\n|-resisted|p2a: Chimecho\n|-damage|p2a: Chimecho|237/290\n|\n|-heal|p2a: Chimecho|255/290|[from] item: Leftovers\n|-heal|p1a: Bronzong|78/100|[from] item: Leftovers\n|upkeep\n|turn|16\n|inactive|Time left: 300 sec this turn | 300 sec total\n|\n|t:|1783572064\n|move|p2a: Chimecho|Stored Power|p1a: Bronzong\n|-resisted|p1a: Bronzong\n|-damage|p1a: Bronzong|61/100\n|move|p1a: Bronzong|Body Press|p2a: Chimecho\n|-resisted|p2a: Chimecho\n|-damage|p2a: Chimecho|221/290\n|\n|-heal|p2a: Chimecho|239/290|[from] item: Leftovers\n|-heal|p1a: Bronzong|68/100|[from] item: Leftovers\n|upkeep\n|turn|17\n|inactive|Time left: 300 sec this turn | 300 sec total\n|\n|t:|1783572065\n|move|p2a: Chimecho|Stored Power|p1a: Bronzong\n|-resisted|p1a: Bronzong\n|-damage|p1a: Bronzong|52/100\n|move|p1a: Bronzong|Body Press|p2a: Chimecho\n|-resisted|p2a: Chimecho\n|-damage|p2a: Chimecho|207/290\n|\n|-heal|p2a: Chimecho|225/290|[from] item: Leftovers\n|-heal|p1a: Bronzong|58/100|[from] item: Leftovers\n|upkeep\n|turn|18\n|inactive|Time left: 300 sec this turn | 300 sec total\n|\n|t:|1783572067\n|move|p2a: Chimecho|Stored Power|p1a: Bronzong\n|-resisted|p1a: Bronzong\n|-damage|p1a: Bronzong|41/100\n|move|p1a: Bronzong|Body Press|p2a: Chimecho\n|-resisted|p2a: Chimecho\n|-damage|p2a: Chimecho|191/290\n|\n|-heal|p2a: Chimecho|209/290|[from] item: Leftovers\n|-heal|p1a: Bronzong|47/100|[from] item: Leftovers\n|upkeep\n|turn|19\n|inactive|Time left: 300 sec this turn | 300 sec total\n|\n|t:|1783572068\n|move|p2a: Chimecho|Stored Power|p1a: Bronzong\n|-resisted|p1a: Bronzong\n|-damage|p1a: Bronzong|31/100\n|move|p1a: Bronzong|Psychic Noise|p2a: Chimecho\n|-resisted|p2a: Chimecho\n|-damage|p2a: Chimecho|198/290\n|-start|p2a: Chimecho|move: Heal Block\n|\n|-heal|p1a: Bronzong|37/100|[from] item: Leftovers\n|upkeep\n|turn|20\n|inactive|Time left: 300 sec this turn | 300 sec total\n|\n|t:|1783572070\n|move|p2a: Chimecho|Stored Power|p1a: Bronzong\n|-resisted|p1a: Bronzong\n|-crit|p1a: Bronzong\n|-damage|p1a: Bronzong|14/100\n|move|p1a: Bronzong|Body Press|p2a: Chimecho\n|-resisted|p2a: Chimecho\n|-damage|p2a: Chimecho|160/290\n|\n|-heal|p1a: Bronzong|20/100|[from] item: Leftovers\n|-end|p2a: Chimecho|move: Heal Block\n|upkeep\n|turn|21\n|inactive|Time left: 300 sec this turn | 300 sec total\n|\n|t:|1783572071\n|move|p2a: Chimecho|Stored Power|p1a: Bronzong\n|-resisted|p1a: Bronzong\n|-damage|p1a: Bronzong|3/100\n|move|p1a: Bronzong|Psychic Noise|p2a: Chimecho\n|-resisted|p2a: Chimecho\n|-damage|p2a: Chimecho|149/290\n|-start|p2a: Chimecho|move: Heal Block\n|\n|-heal|p1a: Bronzong|9/100|[from] item: Leftovers\n|upkeep\n|turn|22\n|inactive|Time left: 300 sec this turn | 300 sec total\n|\n|t:|1783572073\n|move|p2a: Chimecho|Stored Power|p1a: Bronzong\n|-resisted|p1a: Bronzong\n|-damage|p1a: Bronzong|0 fnt\n|faint|p1a: Bronzong\n|\n|-end|p2a: Chimecho|move: Heal Block\n|upkeep\n|\n|t:|1783572074\n|switch|p1a: Lumineon|Lumineon, L93, M|100/100\n|turn|23\n|inactive|Time left: 300 sec this turn | 300 sec total\n|\n|t:|1783572075\n|move|p1a: Lumineon|Hydro Pump|p2a: Chimecho\n|-damage|p2a: Chimecho|116/290\n|move|p2a: Chimecho|Stored Power|p1a: Lumineon\n|-damage|p1a: Lumineon|21/100\n|\n|-heal|p2a: Chimecho|134/290|[from] item: Leftovers\n|upkeep\n|turn|24\n|inactive|Time left: 300 sec this turn | 300 sec total\n|\n|t:|1783572076\n|move|p1a: Lumineon|Ice Beam|p2a: Chimecho\n|-damage|p2a: Chimecho|116/290\n|move|p2a: Chimecho|Stored Power|p1a: Lumineon\n|-damage|p1a: Lumineon|0 fnt\n|faint|p1a: Lumineon\n|\n|-heal|p2a: Chimecho|134/290|[from] item: Leftovers\n|upkeep\n|\n|t:|1783572077\n|switch|p1a: Toxtricity|Toxtricity, L82, F|100/100\n|turn|25\n|inactive|Time left: 300 sec this turn | 300 sec total\n|\n|t:|1783572078\n|switch|p1a: Clawitzer|Clawitzer, L87, M|18/100\n|move|p2a: Chimecho|Stored Power|p1a: Clawitzer\n|-damage|p1a: Clawitzer|0 fnt\n|faint|p1a: Clawitzer\n|\n|-heal|p2a: Chimecho|152/290|[from] item: Leftovers\n|upkeep\n|\n|t:|1783572079\n|switch|p1a: Toxtricity|Toxtricity, L82, F|100/100\n|turn|26\n|inactive|Time left: 300 sec this turn | 300 sec total\n|\n|t:|1783572080\n|move|p1a: Toxtricity|Overdrive|p2a: Chimecho\n|-damage|p2a: Chimecho|116/290\n|move|p2a: Chimecho|Stored Power|p1a: Toxtricity\n|-supereffective|p1a: Toxtricity\n|-damage|p1a: Toxtricity|0 fnt\n|faint|p1a: Toxtricity\n|\n|-heal|p2a: Chimecho|134/290|[from] item: Leftovers\n|upkeep\n|\n|t:|1783572081\n|switch|p1a: Pawmot|Pawmot, L80, M|100/100\n|turn|27\n|inactive|Time left: 300 sec this turn | 300 sec total\n|\n|t:|1783572082\n|move|p1a: Pawmot|Ice Punch|p2a: Chimecho\n|-damage|p2a: Chimecho|103/290\n|-damage|p1a: Pawmot|91/100|[from] item: Life Orb\n|move|p2a: Chimecho|Stored Power|p1a: Pawmot\n|-supereffective|p1a: Pawmot\n|-damage|p1a: Pawmot|0 fnt\n|faint|p1a: Pawmot\n|\n|win|p0y2866167c", "uploadtime": 1783572082, "views": 0, "rating": 0, "private": 0, "password": null, "_winner": "p0y2866167c", "_our_name": "p0y2866167c"}