{"id": "battle-gen9randombattle-678", "formatid": "gen9randombattle", "format": "[Gen 9] Random Battle", "players": ["p0x6785a91", "p0y67855b2"], "log": "|init|battle\n|title|p0x6785a91 vs. p0y67855b2\n|j|\u2606p0x6785a91\n|j|\u2606p0y67855b2\n|t:|1783547686\n|gametype|singles\n|player|p1|p0x6785a91|1|\n|player|p2|p0y67855b2|266|\n|gen|9\n|tier|[Gen 9] Random Battle\n|rule|Species Clause: Limit one of each Pok\u00e9mon\n|rule|HP Percentage Mod: HP is shown in percentages\n|rule|Sleep Clause Mod: Limit one foe put to sleep\n|rule|Illusion Level Mod: Illusion disguises the Pok\u00e9mon's true level\n|\n|t:|1783547686\n|teamsize|p1|6\n|teamsize|p2|6\n|start\n|switch|p1a: Glastrier|Glastrier, L86|100/100\n|switch|p2a: Ting-Lu|Ting-Lu, L78|370/370\n|-ability|p2a: Ting-Lu|Vessel of Ruin\n|turn|1\n|inactive|Battle timer is ON: inactive players will automatically lose when time's up. (requested by p0y67855b2)\n|inactive|p0x6785a91 also wants the timer to be on.\n|\n|t:|1783547688\n|move|p2a: Ting-Lu|Spikes|p1a: Glastrier\n|-sidestart|p1: p0x6785a91|Spikes\n|move|p1a: Glastrier|Icicle Crash|p2a: Ting-Lu\n|-supereffective|p2a: Ting-Lu\n|-damage|p2a: Ting-Lu|142/370\n|\n|-heal|p2a: Ting-Lu|165/370|[from] item: Leftovers\n|upkeep\n|turn|2\n|inactive|Time left: 300 sec this turn | 300 sec total\n|\n|t:|1783547689\n|move|p2a: Ting-Lu|Spikes|p1a: Glastrier\n|-sidestart|p1: p0x6785a91|Spikes\n|move|p1a: Glastrier|Icicle Crash|p2a: Ting-Lu\n|-supereffective|p2a: Ting-Lu\n|-damage|p2a: Ting-Lu|0 fnt\n|faint|p2a: Ting-Lu\n|-ability|p1a: Glastrier|Chilling Neigh|boost\n|-boost|p1a: Glastrier|atk|1\n|\n|upkeep\n|inactive|Time left: 300 sec this turn | 300 sec total | 5 sec grace\n|\n|t:|1783547690\n|switch|p2a: Inteleon|Inteleon, L81, F|246/246\n|turn|3\n|inactive|Time left: 300 sec this turn | 300 sec total\n|\n|t:|1783547691\n|move|p2a: Inteleon|Scald|p1a: Glastrier\n|-damage|p1a: Glastrier|63/100\n|-status|p1a: Glastrier|brn\n|move|p1a: Glastrier|High Horsepower|p2a: Inteleon\n|-damage|p2a: Inteleon|156/246\n|\n|-damage|p1a: Glastrier|57/100 brn|[from] brn\n|upkeep\n|turn|4\n|inactive|Time left: 300 sec this turn | 300 sec total\n|\n|t:|1783547692\n|move|p2a: Inteleon|Scald|p1a: Glastrier\n|-damage|p1a: Glastrier|18/100 brn\n|move|p1a: Glastrier|High Horsepower|p2a: Inteleon\n|-crit|p2a: Inteleon\n|-damage|p2a: Inteleon|6/246\n|\n|-damage|p1a: Glastrier|12/100 brn|[from] brn\n|upkeep\n|turn|5\n|inactive|Time left: 300 sec this turn | 300 sec total\n|\n|t:|1783547693\n|move|p2a: Inteleon|Scald|p1a: Glastrier\n|-damage|p1a: Glastrier|0 fnt\n|faint|p1a: Glastrier\n|\n|upkeep\n|\n|t:|1783547694\n|switch|p1a: Exeggutor|Exeggutor, L89, M|100/100\n|-damage|p1a: Exeggutor|84/100|[from] Spikes\n|turn|6\n|inactive|Time left: 300 sec this turn | 300 sec total\n|\n|t:|1783547695\n|move|p2a: Inteleon|Scald|p1a: Exeggutor\n|-resisted|p1a: Exeggutor\n|-damage|p1a: Exeggutor|50/100\n|-enditem|p1a: Exeggutor|Sitrus Berry|[eat]\n|-heal|p1a: Exeggutor|75/100|[from] item: Sitrus Berry\n|move|p1a: Exeggutor|Calm Mind|p1a: Exeggutor\n|-boost|p1a: Exeggutor|spa|1\n|-boost|p1a: Exeggutor|spd|1\n|\n|-item|p1a: Exeggutor|Sitrus Berry|[from] ability: Harvest\n|upkeep\n|turn|7\n|inactive|Time left: 300 sec this turn | 300 sec total\n|\n|t:|1783547696\n|move|p2a: Inteleon|Scald|p1a: Exeggutor\n|-resisted|p1a: Exeggutor\n|-damage|p1a: Exeggutor|50/100\n|-enditem|p1a: Exeggutor|Sitrus Berry|[eat]\n|-heal|p1a: Exeggutor|75/100|[from] item: Sitrus Berry\n|move|p1a: Exeggutor|Psychic|p2a: Inteleon\n|-damage|p2a: Inteleon|0 fnt\n|faint|p2a: Inteleon\n|\n|-item|p1a: Exeggutor|Sitrus Berry|[from] ability: Harvest\n|upkeep\n|inactive|Time left: 300 sec this turn | 300 sec total | 5 sec grace\n|\n|t:|1783547698\n|switch|p2a: Bombirdier|Bombirdier, L85, M|258/258\n|turn|8\n|inactive|Time left: 300 sec this turn | 300 sec total\n|\n|t:|1783547699\n|-terastallize|p1a: Exeggutor|Steel\n|move|p2a: Bombirdier|Knock Off|p1a: Exeggutor\n|-damage|p1a: Exeggutor|37/100\n|-enditem|p1a: Exeggutor|Sitrus Berry|[from] move: Knock Off|[of] p2a: Bombirdier\n|move|p1a: Exeggutor|Giga Drain|p2a: Bombirdier\n|-resisted|p2a: Bombirdier\n|-damage|p2a: Bombirdier|173/258\n|-heal|p1a: Exeggutor|51/100|[from] drain|[of] p2a: Bombirdier\n|\n|upkeep\n|turn|9\n|inactive|Time left: 300 sec this turn | 300 sec total\n|\n|t:|1783547700\n|switch|p2a: Goodra|Goodra-Hisui, L82, F|265/265\n|move|p1a: Exeggutor|Giga Drain|p2a: Goodra\n|-ability|p2a: Goodra|Sap Sipper|boost\n|-boost|p2a: Goodra|atk|1\n|\n|upkeep\n|turn|10\n|inactive|Time left: 300 sec this turn | 300 sec total\n|\n|t:|1783547701\n|move|p1a: Exeggutor|Substitute|p1a: Exeggutor\n|-start|p1a: Exeggutor|Substitute\n|-damage|p1a: Exeggutor|26/100\n|move|p2a: Goodra|Earthquake|p1a: Exeggutor\n|-supereffective|p1a: Exeggutor\n|-end|p1a: Exeggutor|Substitute\n|\n|upkeep\n|turn|11\n|inactive|Time left: 300 sec this turn | 300 sec total\n|\n|t:|1783547702\n|move|p1a: Exeggutor|Psychic|p2a: Goodra\n|-resisted|p2a: Goodra\n|-damage|p2a: Goodra|222/265\n|-unboost|p2a: Goodra|spd|1\n|move|p2a: Goodra|Earthquake|p1a: Exeggutor\n|-supereffective|p1a: Exeggutor\n|-damage|p1a: Exeggutor|0 fnt\n|faint|p1a: Exeggutor\n|\n|upkeep\n|\n|t:|1783547703\n|switch|p1a: Passimian|Passimian, L83, F|100/100\n|-damage|p1a: Passimian|84/100|[from] Spikes\n|turn|12\n|inactive|Time left: 300 sec this turn | 300 sec total\n|\n|t:|1783547704\n|-terastallize|p2a: Goodra|Ground\n|move|p1a: Passimian|Close Combat|p2a: Goodra\n|-damage|p2a: Goodra|30/265\n|-unboost|p1a: Passimian|def|1\n|-unboost|p1a: Passimian|spd|1\n|move|p2a: Goodra|Draco Meteor|p1a: Passimian|[miss]\n|-miss|p2a: Goodra|p1a: Passimian\n|\n|upkeep\n|turn|13\n|inactive|Time left: 300 sec this turn | 300 sec total\n|\n|t:|1783547705\n|move|p1a: Passimian|Close Combat|p2a: Goodra\n|-damage|p2a: Goodra|0 fnt\n|-unboost|p1a: Passimian|def|1\n|-unboost|p1a: Passimian|spd|1\n|faint|p2a: Goodra\n|\n|upkeep\n|inactive|Time left: 300 sec this turn | 300 sec total | 5 sec grace\n|\n|t:|1783547706\n|switch|p2a: Arceus|Arceus-Dragon, L71|288/288\n|turn|14\n|inactive|Time left: 300 sec this turn | 300 sec total\n|\n|t:|1783547708\n|switch|p1a: Spidops|Spidops, L96, F|100/100\n|move|p2a: Arceus|Outrage|p1a: Spidops\n|-damage|p1a: Spidops|58/100\n|\n|upkeep\n|turn|15\n|inactive|Time left: 300 sec this turn | 300 sec total\n|\n|t:|1783547708\n|move|p2a: Arceus|Outrage|p1a: Spidops|[from] lockedmove\n|-damage|p1a: Spidops|19/100\n|-start|p2a: Arceus|confusion|[fatigue]\n|move|p1a: Spidops|Sticky Web|p2a: Arceus\n|-sidestart|p2: p0y67855b2|move: Sticky Web\n|\n|upkeep\n|turn|16\n|inactive|Time left: 300 sec this turn | 300 sec total\n|\n|t:|1783547709\n|switch|p1a: Zapdos|Zapdos, L78|100/100\n|-activate|p2a: Arceus|confusion\n|-damage|p2a: Arceus|265/288|[from] confusion\n|\n|upkeep\n|turn|17\n|inactive|Time left: 300 sec this turn | 300 sec total\n|\n|t:|1783547710\n|-activate|p2a: Arceus|confusion\n|move|p2a: Arceus|Outrage|p1a: Zapdos\n|-damage|p1a: Zapdos|43/100\n|-status|p2a: Arceus|par|[from] ability: Static|[of] p1a: Zapdos\n|move|p1a: Zapdos|Roost|p1a: Zapdos\n|-heal|p1a: Zapdos|93/100\n|-singleturn|p1a: Zapdos|move: Roost\n|\n|upkeep\n|turn|18\n|inactive|Time left: 300 sec this turn | 300 sec total\n|\n|t:|1783547711\n|move|p1a: Zapdos|Hurricane|p2a: Arceus\n|-damage|p2a: Arceus|154/288 par\n|-activate|p2a: Arceus|confusion\n|-damage|p2a: Arceus|132/288 par|[from] confusion\n|\n|upkeep\n|turn|19\n|inactive|Time left: 300 sec this turn | 300 sec total\n|\n|t:|1783547712\n|move|p1a: Zapdos|Hurricane|p2a: Arceus|[miss]\n|-miss|p1a: Zapdos|p2a: Arceus\n|-end|p2a: Arceus|confusion\n|move|p2a: Arceus|Outrage|p1a: Zapdos\n|-damage|p1a: Zapdos|40/100\n|\n|upkeep\n|turn|20\n|inactive|Time left: 300 sec this turn | 300 sec total\n|\n|t:|1783547712\n|move|p1a: Zapdos|Roost|p1a: Zapdos\n|-heal|p1a: Zapdos|90/100\n|-singleturn|p1a: Zapdos|move: Roost\n|move|p2a: Arceus|Outrage|p1a: Zapdos|[from] lockedmove\n|-damage|p1a: Zapdos|41/100\n|\n|upkeep\n|turn|21\n|inactive|Time left: 300 sec this turn | 300 sec total\n|\n|t:|1783547713\n|move|p1a: Zapdos|Roost|p1a: Zapdos\n|-heal|p1a: Zapdos|91/100\n|-singleturn|p1a: Zapdos|move: Roost\n|move|p2a: Arceus|Outrage|p1a: Zapdos|[from] lockedmove\n|-damage|p1a: Zapdos|40/100\n|-start|p2a: Arceus|confusion|[fatigue]\n|\n|upkeep\n|turn|22\n|inactive|Time left: 300 sec this turn | 300 sec total\n|\n|t:|1783547714\n|move|p1a: Zapdos|Roost|p1a: Zapdos\n|-heal|p1a: Zapdos|90/100\n|-singleturn|p1a: Zapdos|move: Roost\n|-activate|p2a: Arceus|confusion\n|-damage|p2a: Arceus|108/288 par|[from] confusion\n|\n|upkeep\n|turn|23\n|inactive|Time left: 300 sec this turn | 300 sec total\n|\n|t:|1783547715\n|move|p1a: Zapdos|Hurricane|p2a: Arceus|[miss]\n|-miss|p1a: Zapdos|p2a: Arceus\n|-activate|p2a: Arceus|confusion\n|cant|p2a: Arceus|par\n|\n|upkeep\n|turn|24\n|inactive|Time left: 300 sec this turn | 300 sec total\n|\n|t:|1783547716\n|move|p1a: Zapdos|Hurricane|p2a: Arceus\n|-damage|p2a: Arceus|0 fnt\n|faint|p2a: Arceus\n|\n|upkeep\n|inactive|Time left: 300 sec this turn | 300 sec total | 5 sec grace\n|\n|t:|1783547717\n|switch|p2a: Piloswine|Piloswine, L85, F, shiny|309/309\n|-activate|p2a: Piloswine|move: Sticky Web\n|-unboost|p2a: Piloswine|spe|1\n|turn|25\n|inactive|Time left: 300 sec this turn | 300 sec total\n|\n|t:|1783547718\n|move|p1a: Zapdos|Hurricane|p2a: Piloswine\n|-damage|p2a: Piloswine|209/309\n|-start|p2a: Piloswine|confusion\n|-activate|p2a: Piloswine|confusion\n|move|p2a: Piloswine|Icicle Crash|p1a: Zapdos\n|-supereffective|p1a: Zapdos\n|-damage|p1a: Zapdos|5/100\n|\n|upkeep\n|turn|26\n|inactive|Time left: 300 sec this turn | 300 sec total\n|\n|t:|1783547719\n|-end|p2a: Piloswine|confusion\n|move|p2a: Piloswine|Ice Shard|p1a: Zapdos\n|-supereffective|p1a: Zapdos\n|-damage|p1a: Zapdos|0 fnt\n|faint|p1a: Zapdos\n|\n|upkeep\n|\n|t:|1783547720\n|switch|p1a: Passimian|Passimian, L83, F|84/100\n|-damage|p1a: Passimian|67/100|[from] Spikes\n|turn|27\n|inactive|Time left: 300 sec this turn | 300 sec total\n|\n|t:|1783547721\n|move|p1a: Passimian|Close Combat|p2a: Piloswine\n|-supereffective|p2a: Piloswine\n|-damage|p2a: Piloswine|0 fnt\n|-unboost|p1a: Passimian|def|1\n|-unboost|p1a: Passimian|spd|1\n|faint|p2a: Piloswine\n|\n|upkeep\n|inactive|Time left: 300 sec this turn | 300 sec total | 5 sec grace\n|\n|t:|1783547722\n|switch|p2a: Bombirdier|Bombirdier, L85, M|173/258\n|turn|28\n|inactive|Time left: 300 sec this turn | 300 sec total\n|\n|t:|1783547723\n|move|p2a: Bombirdier|Knock Off|p1a: Passimian\n|-resisted|p1a: Passimian\n|-damage|p1a: Passimian|39/100\n|-enditem|p1a: Passimian|Choice Band|[from] move: Knock Off|[of] p2a: Bombirdier\n|move|p1a: Passimian|Close Combat|p2a: Bombirdier\n|-damage|p2a: Bombirdier|13/258\n|-unboost|p1a: Passimian|def|1\n|-unboost|p1a: Passimian|spd|1\n|\n|upkeep\n|turn|29\n|inactive|Time left: 300 sec this turn | 300 sec total\n|\n|t:|1783547724\n|move|p2a: Bombirdier|Stone Edge|p1a: Passimian\n|-resisted|p1a: Passimian\n|-damage|p1a: Passimian|2/100\n|move|p1a: Passimian|Close Combat|p2a: Bombirdier\n|-damage|p2a: Bombirdier|0 fnt\n|-unboost|p1a: Passimian|def|1\n|-unboost|p1a: Passimian|spd|1\n|faint|p2a: Bombirdier\n|\n|win|p0x6785a91", "uploadtime": 1783547724, "views": 0, "rating": 0, "private": 0, "password": null, "_winner": "p0x6785a91", "_our_name": "p0y67855b2"}