{"id": "battle-gen9randombattle-907", "formatid": "gen9randombattle", "format": "[Gen 9] Random Battle", "players": ["p0x907b51a", "p0y907fd5a"], "log": "|init|battle\n|title|p0x907b51a vs. p0y907fd5a\n|j|\u2606p0x907b51a\n|j|\u2606p0y907fd5a\n|t:|1783550426\n|gametype|singles\n|player|p1|p0x907b51a|169|\n|player|p2|p0y907fd5a|101|\n|gen|9\n|tier|[Gen 9] Random Battle\n|rule|Species Clause: Limit one of each Pok\u00e9mon\n|rule|HP Percentage Mod: HP is shown in percentages\n|rule|Sleep Clause Mod: Limit one foe put to sleep\n|rule|Illusion Level Mod: Illusion disguises the Pok\u00e9mon's true level\n|\n|t:|1783550426\n|teamsize|p1|6\n|teamsize|p2|6\n|start\n|switch|p1a: Galvantula|Galvantula, L82, F|249/249\n|switch|p2a: Yanmega|Yanmega, L82, F|100/100\n|turn|1\n|inactive|Battle timer is ON: inactive players will automatically lose when time's up. (requested by p0y907fd5a)\n|inactive|Time left: 300 sec this turn | 300 sec total | 60 sec grace\n|inactive|p0x907b51a also wants the timer to be on.\n|\n|t:|1783550428\n|-terastallize|p2a: Yanmega|Ground\n|move|p1a: Galvantula|Thunder|p2a: Yanmega\n|-immune|p2a: Yanmega\n|move|p2a: Yanmega|Bug Buzz|p1a: Galvantula\n|-damage|p1a: Galvantula|113/249\n|\n|-ability|p2a: Yanmega|Speed Boost|boost\n|-boost|p2a: Yanmega|spe|1\n|upkeep\n|turn|2\n|inactive|Time left: 300 sec this turn | 300 sec total\n|\n|t:|1783550429\n|switch|p1a: Empoleon|Empoleon, L84, M|278/278\n|move|p2a: Yanmega|Tera Blast|p1a: Empoleon|[anim] Tera Blast Ground\n|-supereffective|p1a: Empoleon\n|-damage|p1a: Empoleon|108/278\n|\n|-heal|p1a: Empoleon|125/278|[from] item: Leftovers\n|-ability|p2a: Yanmega|Speed Boost|boost\n|-boost|p2a: Yanmega|spe|1\n|upkeep\n|turn|3\n|inactive|Time left: 300 sec this turn | 300 sec total\n|\n|t:|1783550430\n|-terastallize|p1a: Empoleon|Grass\n|move|p2a: Yanmega|Tera Blast|p1a: Empoleon|[anim] Tera Blast Ground\n|-resisted|p1a: Empoleon\n|-damage|p1a: Empoleon|84/278\n|move|p1a: Empoleon|Surf|p2a: Yanmega\n|-supereffective|p2a: Yanmega\n|-damage|p2a: Yanmega|0 fnt\n|faint|p2a: Yanmega\n|\n|-heal|p1a: Empoleon|101/278|[from] item: Leftovers\n|upkeep\n|\n|t:|1783550431\n|switch|p2a: Skeledirge|Skeledirge, L79, M|100/100\n|turn|4\n|inactive|Time left: 300 sec this turn | 300 sec total\n|\n|t:|1783550432\n|switch|p1a: Grimmsnarl|Grimmsnarl, L83, M|293/293\n|move|p2a: Skeledirge|Torch Song|p1a: Grimmsnarl\n|-damage|p1a: Grimmsnarl|203/293\n|-boost|p2a: Skeledirge|spa|1\n|\n|-heal|p1a: Grimmsnarl|221/293|[from] item: Leftovers\n|upkeep\n|turn|5\n|inactive|Time left: 300 sec this turn | 300 sec total\n|\n|t:|1783550433\n|move|p1a: Grimmsnarl|Sucker Punch|p2a: Skeledirge\n|-supereffective|p2a: Skeledirge\n|-damage|p2a: Skeledirge|47/100\n|move|p2a: Skeledirge|Torch Song|p1a: Grimmsnarl\n|-damage|p1a: Grimmsnarl|89/293\n|-boost|p2a: Skeledirge|spa|1\n|\n|-heal|p1a: Grimmsnarl|107/293|[from] item: Leftovers\n|upkeep\n|turn|6\n|inactive|Time left: 300 sec this turn | 300 sec total\n|\n|t:|1783550434\n|move|p1a: Grimmsnarl|Taunt|p2a: Skeledirge\n|-start|p2a: Skeledirge|move: Taunt\n|cant|p2a: Skeledirge|move: Taunt|Slack Off\n|\n|-heal|p1a: Grimmsnarl|125/293|[from] item: Leftovers\n|upkeep\n|turn|7\n|inactive|Time left: 300 sec this turn | 300 sec total\n|\n|t:|1783550435\n|move|p1a: Grimmsnarl|Sucker Punch|p2a: Skeledirge\n|-supereffective|p2a: Skeledirge\n|-damage|p2a: Skeledirge|0 fnt\n|faint|p2a: Skeledirge\n|\n|-heal|p1a: Grimmsnarl|143/293|[from] item: Leftovers\n|upkeep\n|\n|t:|1783550436\n|switch|p2a: Cramorant|Cramorant, L86, M|100/100\n|turn|8\n|inactive|Time left: 300 sec this turn | 300 sec total\n|\n|t:|1783550437\n|move|p1a: Grimmsnarl|Parting Shot|p2a: Cramorant\n|-unboost|p2a: Cramorant|atk|1\n|-unboost|p2a: Cramorant|spa|1\n|inactive|Time left: 300 sec this turn | 300 sec total | 5 sec grace\n|\n|t:|1783550438\n|switch|p1a: Cinccino|Cinccino, L83, M|260/260|[from] Parting Shot\n|move|p2a: Cramorant|Brave Bird|p1a: Cinccino\n|-damage|p1a: Cinccino|148/260\n|-damage|p2a: Cramorant|86/100|[from] Recoil\n|\n|upkeep\n|turn|9\n|inactive|Time left: 300 sec this turn | 300 sec total\n|\n|t:|1783550439\n|switch|p2a: Ursaring|Ursaring, L84, M|100/100\n|move|p1a: Cinccino|Triple Axel|p2a: Ursaring\n|-damage|p2a: Ursaring|95/100\n|-damage|p2a: Ursaring|83/100\n|-damage|p2a: Ursaring|68/100\n|-hitcount|p2a: Ursaring|3\n|\n|upkeep\n|turn|10\n|inactive|Time left: 300 sec this turn | 300 sec total\n|\n|t:|1783550440\n|switch|p1a: Annihilape|Annihilape, L76, M|292/292\n|move|p2a: Ursaring|Body Slam|p1a: Annihilape\n|-immune|p1a: Annihilape\n|\n|upkeep\n|turn|11\n|inactive|Time left: 300 sec this turn | 300 sec total\n|\n|t:|1783550441\n|switch|p2a: Necrozma|Necrozma, L80|100/100\n|move|p1a: Annihilape|Bulk Up|p1a: Annihilape\n|-boost|p1a: Annihilape|atk|1\n|-boost|p1a: Annihilape|def|1\n|\n|upkeep\n|turn|12\n|inactive|Time left: 300 sec this turn | 300 sec total\n|\n|t:|1783550442\n|switch|p1a: Grimmsnarl|Grimmsnarl, L83, M|143/293\n|move|p2a: Necrozma|Photon Geyser|p1a: Grimmsnarl\n|-immune|p1a: Grimmsnarl\n|\n|-heal|p1a: Grimmsnarl|161/293|[from] item: Leftovers\n|upkeep\n|turn|13\n|inactive|Time left: 300 sec this turn | 300 sec total\n|\n|t:|1783550443\n|move|p2a: Necrozma|Dragon Dance|p2a: Necrozma\n|-boost|p2a: Necrozma|atk|1\n|-boost|p2a: Necrozma|spe|1\n|move|p1a: Grimmsnarl|Spirit Break|p2a: Necrozma\n|-damage|p2a: Necrozma|70/100\n|-unboost|p2a: Necrozma|spa|1\n|\n|-heal|p1a: Grimmsnarl|179/293|[from] item: Leftovers\n|upkeep\n|turn|14\n|inactive|Time left: 300 sec this turn | 300 sec total\n|\n|t:|1783550444\n|move|p2a: Necrozma|Earthquake|p1a: Grimmsnarl\n|-damage|p1a: Grimmsnarl|4/293\n|-damage|p2a: Necrozma|60/100|[from] item: Life Orb\n|move|p1a: Grimmsnarl|Spirit Break|p2a: Necrozma\n|-crit|p2a: Necrozma\n|-damage|p2a: Necrozma|12/100\n|-unboost|p2a: Necrozma|spa|1\n|\n|-heal|p1a: Grimmsnarl|22/293|[from] item: Leftovers\n|upkeep\n|turn|15\n|inactive|Time left: 300 sec this turn | 300 sec total\n|\n|t:|1783550445\n|move|p1a: Grimmsnarl|Sucker Punch||[still]\n|-fail|p1a: Grimmsnarl\n|move|p2a: Necrozma|Dragon Dance|p2a: Necrozma\n|-boost|p2a: Necrozma|atk|1\n|-boost|p2a: Necrozma|spe|1\n|\n|-heal|p1a: Grimmsnarl|40/293|[from] item: Leftovers\n|upkeep\n|turn|16\n|inactive|Time left: 300 sec this turn | 300 sec total\n|\n|t:|1783550446\n|move|p1a: Grimmsnarl|Sucker Punch|p2a: Necrozma\n|-supereffective|p2a: Necrozma\n|-crit|p2a: Necrozma\n|-damage|p2a: Necrozma|0 fnt\n|faint|p2a: Necrozma\n|\n|-heal|p1a: Grimmsnarl|58/293|[from] item: Leftovers\n|upkeep\n|\n|t:|1783550447\n|switch|p2a: Cramorant|Cramorant, L86, M|86/100\n|turn|17\n|inactive|Time left: 300 sec this turn | 300 sec total\n|\n|t:|1783550448\n|move|p1a: Grimmsnarl|Parting Shot|p2a: Cramorant\n|-unboost|p2a: Cramorant|atk|1\n|-unboost|p2a: Cramorant|spa|1\n|inactive|Time left: 300 sec this turn | 300 sec total | 5 sec grace\n|\n|t:|1783550449\n|switch|p1a: Cinccino|Cinccino, L83, M|148/260|[from] Parting Shot\n|move|p2a: Cramorant|Brave Bird|p1a: Cinccino\n|-damage|p1a: Cinccino|39/260\n|-damage|p2a: Cramorant|73/100|[from] Recoil\n|\n|upkeep\n|turn|18\n|inactive|Time left: 300 sec this turn | 300 sec total\n|\n|t:|1783550450\n|switch|p2a: Ursaring|Ursaring, L84, M|68/100\n|move|p1a: Cinccino|Tail Slap|p2a: Ursaring\n|-crit|p2a: Ursaring\n|-damage|p2a: Ursaring|52/100\n|-damage|p2a: Ursaring|42/100\n|-damage|p2a: Ursaring|32/100\n|-damage|p2a: Ursaring|21/100\n|-hitcount|p2a: Ursaring|4\n|\n|upkeep\n|turn|19\n|inactive|Time left: 300 sec this turn | 300 sec total\n|\n|t:|1783550451\n|move|p1a: Cinccino|Tail Slap|p2a: Ursaring|[miss]\n|-miss|p1a: Cinccino|p2a: Ursaring\n|move|p2a: Ursaring|Rest|p2a: Ursaring\n|-status|p2a: Ursaring|slp|[from] move: Rest\n|-heal|p2a: Ursaring|100/100 slp|[silent]\n|\n|upkeep\n|turn|20\n|inactive|Time left: 300 sec this turn | 300 sec total\n|\n|t:|1783550452\n|move|p1a: Cinccino|Tail Slap|p2a: Ursaring\n|-damage|p2a: Ursaring|90/100 slp\n|-damage|p2a: Ursaring|80/100 slp\n|-damage|p2a: Ursaring|70/100 slp\n|-damage|p2a: Ursaring|61/100 slp\n|-damage|p2a: Ursaring|50/100 slp\n|-hitcount|p2a: Ursaring|5\n|cant|p2a: Ursaring|slp\n|move|p2a: Ursaring|Sleep Talk|p2a: Ursaring\n|move|p2a: Ursaring|Rest||[from] move: Sleep Talk|[still]\n|-fail|p2a: Ursaring\n|\n|upkeep\n|turn|21\n|inactive|Time left: 300 sec this turn | 300 sec total\n|\n|t:|1783550453\n|move|p1a: Cinccino|Bullet Seed|p2a: Ursaring\n|-damage|p2a: Ursaring|43/100 slp\n|-damage|p2a: Ursaring|35/100 slp\n|-damage|p2a: Ursaring|28/100 slp\n|-damage|p2a: Ursaring|21/100 slp\n|-hitcount|p2a: Ursaring|4\n|cant|p2a: Ursaring|slp\n|move|p2a: Ursaring|Sleep Talk|p2a: Ursaring\n|move|p2a: Ursaring|Earthquake|p1a: Cinccino|[from] move: Sleep Talk\n|-damage|p1a: Cinccino|0 fnt\n|faint|p1a: Cinccino\n|\n|upkeep\n|inactive|Time left: 300 sec this turn | 300 sec total | 5 sec grace\n|\n|t:|1783550454\n|switch|p1a: Grimmsnarl|Grimmsnarl, L83, M|58/293\n|turn|22\n|inactive|Time left: 300 sec this turn | 300 sec total\n|\n|t:|1783550455\n|move|p1a: Grimmsnarl|Spirit Break|p2a: Ursaring\n|-damage|p2a: Ursaring|0 fnt\n|faint|p2a: Ursaring\n|\n|-heal|p1a: Grimmsnarl|76/293|[from] item: Leftovers\n|upkeep\n|\n|t:|1783550456\n|switch|p2a: Cramorant|Cramorant, L86, M|73/100\n|turn|23\n|inactive|Time left: 300 sec this turn | 300 sec total\n|\n|t:|1783550457\n|move|p1a: Grimmsnarl|Parting Shot|p2a: Cramorant\n|-unboost|p2a: Cramorant|atk|1\n|-unboost|p2a: Cramorant|spa|1\n|inactive|Time left: 300 sec this turn | 300 sec total | 5 sec grace\n|\n|t:|1783550458\n|switch|p1a: Jumpluff|Jumpluff, L87, M|271/271|[from] Parting Shot\n|move|p2a: Cramorant|Brave Bird|p1a: Jumpluff\n|-supereffective|p1a: Jumpluff\n|-damage|p1a: Jumpluff|85/271\n|-damage|p2a: Cramorant|49/100|[from] Recoil\n|\n|upkeep\n|turn|24\n|inactive|Time left: 300 sec this turn | 300 sec total\n|\n|t:|1783550459\n|switch|p2a: Espeon|Espeon, L84, M|100/100\n|move|p1a: Jumpluff|Strength Sap|p2a: Espeon\n|move|p2a: Espeon|Strength Sap|p1a: Jumpluff|[from] ability: Magic Bounce\n|-unboost|p1a: Jumpluff|atk|1\n|\n|upkeep\n|turn|25\n|inactive|Time left: 300 sec this turn | 300 sec total\n|\n|t:|1783550460\n|move|p1a: Jumpluff|Strength Sap|p2a: Espeon\n|move|p2a: Espeon|Strength Sap|p1a: Jumpluff|[from] ability: Magic Bounce\n|-unboost|p1a: Jumpluff|atk|1\n|move|p2a: Espeon|Alluring Voice|p1a: Jumpluff\n|-damage|p1a: Jumpluff|0 fnt\n|faint|p1a: Jumpluff\n|\n|upkeep\n|inactive|Time left: 300 sec this turn | 300 sec total | 5 sec grace\n|\n|t:|1783550461\n|switch|p1a: Grimmsnarl|Grimmsnarl, L83, M|76/293\n|turn|26\n|inactive|Time left: 300 sec this turn | 300 sec total\n|\n|t:|1783550462\n|switch|p2a: Cramorant|Cramorant, L86, M|49/100\n|move|p1a: Grimmsnarl|Sucker Punch||[still]\n|-fail|p1a: Grimmsnarl\n|\n|-heal|p1a: Grimmsnarl|94/293|[from] item: Leftovers\n|upkeep\n|turn|27\n|inactive|Time left: 300 sec this turn | 300 sec total\n|\n|t:|1783550463\n|move|p1a: Grimmsnarl|Parting Shot|p2a: Cramorant\n|-unboost|p2a: Cramorant|atk|1\n|-unboost|p2a: Cramorant|spa|1\n|inactive|Time left: 300 sec this turn | 300 sec total | 5 sec grace\n|\n|t:|1783550465\n|switch|p1a: Empoleon|Empoleon, L84, M, tera:Grass|101/278|[from] Parting Shot\n|move|p2a: Cramorant|Brave Bird|p1a: Empoleon\n|-supereffective|p1a: Empoleon\n|-damage|p1a: Empoleon|0 fnt\n|faint|p1a: Empoleon\n|-damage|p2a: Cramorant|37/100|[from] Recoil\n|\n|upkeep\n|inactive|Time left: 300 sec this turn | 300 sec total | 10 sec grace\n|\n|t:|1783550465\n|switch|p1a: Grimmsnarl|Grimmsnarl, L83, M|94/293\n|turn|28\n|inactive|Time left: 300 sec this turn | 300 sec total\n|\n|t:|1783550466\n|move|p1a: Grimmsnarl|Sucker Punch||[still]\n|-fail|p1a: Grimmsnarl\n|move|p2a: Cramorant|Roost|p2a: Cramorant\n|-heal|p2a: Cramorant|87/100\n|-singleturn|p2a: Cramorant|move: Roost\n|\n|-heal|p1a: Grimmsnarl|112/293|[from] item: Leftovers\n|upkeep\n|turn|29\n|inactive|Time left: 300 sec this turn | 300 sec total\n|\n|t:|1783550467\n|move|p1a: Grimmsnarl|Parting Shot|p2a: Cramorant\n|-unboost|p2a: Cramorant|atk|1\n|-unboost|p2a: Cramorant|spa|1\n|inactive|Time left: 300 sec this turn | 300 sec total | 5 sec grace\n|\n|t:|1783550468\n|switch|p1a: Galvantula|Galvantula, L82, F|113/249|[from] Parting Shot\n|move|p2a: Cramorant|Surf|p1a: Galvantula\n|-formechange|p2a: Cramorant|Cramorant-Gulping|\n|-damage|p1a: Galvantula|53/249\n|\n|upkeep\n|turn|30\n|inactive|Time left: 300 sec this turn | 300 sec total\n|\n|t:|1783550469\n|switch|p2a: Espeon|Espeon, L84, M|100/100\n|move|p1a: Galvantula|Thunder|p2a: Espeon\n|-damage|p2a: Espeon|57/100\n|-status|p2a: Espeon|par\n|\n|upkeep\n|turn|31\n|inactive|Time left: 300 sec this turn | 300 sec total\n|\n|t:|1783550471\n|switch|p2a: Cramorant|Cramorant, L86, M|87/100\n|move|p1a: Galvantula|Bug Buzz|p2a: Cramorant\n|-resisted|p2a: Cramorant\n|-crit|p2a: Cramorant\n|-damage|p2a: Cramorant|64/100\n|\n|upkeep\n|turn|32\n|inactive|Time left: 300 sec this turn | 300 sec total\n|\n|t:|1783550471\n|switch|p2a: Espeon|Espeon, L84, M|57/100 par\n|move|p1a: Galvantula|Thunder|p2a: Espeon\n|-damage|p2a: Espeon|13/100 par\n|\n|upkeep\n|turn|33\n|inactive|Time left: 300 sec this turn | 300 sec total\n|\n|t:|1783550473\n|move|p1a: Galvantula|Thunder|p2a: Espeon\n|-damage|p2a: Espeon|0 fnt\n|faint|p2a: Espeon\n|\n|upkeep\n|\n|t:|1783550474\n|switch|p2a: Cramorant|Cramorant, L86, M|64/100\n|turn|34\n|inactive|Time left: 300 sec this turn | 300 sec total\n|\n|t:|1783550474\n|move|p1a: Galvantula|Thunder|p2a: Cramorant\n|-supereffective|p2a: Cramorant\n|-damage|p2a: Cramorant|0 fnt\n|faint|p2a: Cramorant\n|\n|win|p0x907b51a", "uploadtime": 1783550474, "views": 0, "rating": 0, "private": 0, "password": null, "_winner": "p0x907b51a", "_our_name": "p0x907b51a"}