{"id": "battle-gen9randombattle-1680", "formatid": "gen9randombattle", "format": "[Gen 9] Random Battle", "players": ["p0x16806544", "p0y16805159"], "log": "|init|battle\n|title|p0x16806544 vs. p0y16805159\n|j|\u2606p0x16806544\n|j|\u2606p0y16805159\n|t:|1783559479\n|gametype|singles\n|player|p1|p0x16806544|170|\n|player|p2|p0y16805159|2|\n|gen|9\n|tier|[Gen 9] Random Battle\n|rule|Species Clause: Limit one of each Pok\u00e9mon\n|rule|HP Percentage Mod: HP is shown in percentages\n|rule|Sleep Clause Mod: Limit one foe put to sleep\n|rule|Illusion Level Mod: Illusion disguises the Pok\u00e9mon's true level\n|\n|t:|1783559479\n|teamsize|p1|6\n|teamsize|p2|6\n|start\n|switch|p1a: Necrozma|Necrozma-Dawn-Wings, L76|272/272\n|switch|p2a: Zekrom|Zekrom, L71|100/100\n|-ability|p2a: Zekrom|Teravolt\n|turn|1\n|inactive|Battle timer is ON: inactive players will automatically lose when time's up. (requested by p0x16806544)\n|inactive|p0y16805159 also wants the timer to be on.\n|\n|t:|1783559481\n|move|p2a: Zekrom|Outrage|p1a: Necrozma\n|-damage|p1a: Necrozma|145/272\n|move|p1a: Necrozma|Photon Geyser|p2a: Zekrom\n|-damage|p2a: Zekrom|47/100\n|\n|-heal|p2a: Zekrom|53/100|[from] item: Leftovers\n|-heal|p1a: Necrozma|162/272|[from] item: Leftovers\n|upkeep\n|turn|2\n|inactive|Time left: 300 sec this turn | 300 sec total\n|\n|t:|1783559482\n|move|p2a: Zekrom|Outrage|p1a: Necrozma|[from] lockedmove\n|-damage|p1a: Necrozma|38/272\n|-start|p2a: Zekrom|confusion|[fatigue]\n|move|p1a: Necrozma|Photon Geyser|p2a: Zekrom\n|-damage|p2a: Zekrom|0 fnt\n|faint|p2a: Zekrom\n|\n|-heal|p1a: Necrozma|55/272|[from] item: Leftovers\n|upkeep\n|\n|t:|1783559483\n|switch|p2a: Lycanroc|Lycanroc-Midnight, L89, M|100/100\n|turn|3\n|inactive|Time left: 300 sec this turn | 300 sec total\n|\n|t:|1783559484\n|move|p2a: Lycanroc|Stone Edge|p1a: Necrozma\n|-damage|p1a: Necrozma|0 fnt\n|faint|p1a: Necrozma\n|\n|upkeep\n|inactive|Time left: 300 sec this turn | 300 sec total | 5 sec grace\n|\n|t:|1783559485\n|switch|p1a: Golem|Golem-Alola, L93, F|300/300\n|turn|4\n|inactive|Time left: 300 sec this turn | 300 sec total\n|\n|t:|1783559486\n|switch|p2a: Golem|Golem, L87, M|100/100\n|move|p1a: Golem|Earthquake|p2a: Golem\n|-supereffective|p2a: Golem\n|-damage|p2a: Golem|33/100\n|-enditem|p2a: Golem|Weakness Policy\n|-boost|p2a: Golem|atk|2|[from] item: Weakness Policy\n|-boost|p2a: Golem|spa|2|[from] item: Weakness Policy\n|-damage|p1a: Golem|270/300|[from] item: Life Orb\n|\n|upkeep\n|turn|5\n|inactive|Time left: 300 sec this turn | 300 sec total\n|\n|t:|1783559487\n|move|p1a: Golem|Earthquake|p2a: Golem\n|-supereffective|p2a: Golem\n|-damage|p2a: Golem|0 fnt\n|faint|p2a: Golem\n|-damage|p1a: Golem|240/300|[from] item: Life Orb\n|\n|upkeep\n|\n|t:|1783559488\n|switch|p2a: Lycanroc|Lycanroc-Midnight, L89, M|100/100\n|turn|6\n|inactive|Time left: 300 sec this turn | 300 sec total\n|\n|t:|1783559489\n|move|p2a: Lycanroc|Stone Edge|p1a: Golem\n|-damage|p1a: Golem|101/300\n|move|p1a: Golem|Earthquake|p2a: Lycanroc\n|-supereffective|p2a: Lycanroc\n|-damage|p2a: Lycanroc|12/100\n|-damage|p1a: Golem|71/300|[from] item: Life Orb\n|\n|upkeep\n|turn|7\n|inactive|Time left: 300 sec this turn | 300 sec total\n|\n|t:|1783559489\n|switch|p1a: Eiscue|Eiscue, L88, F|274/274\n|move|p2a: Lycanroc|Stone Edge|p1a: Eiscue\n|-activate|p1a: Eiscue|ability: Ice Face\n|-damage|p1a: Eiscue|274/274\n|detailschange|p1a: Eiscue|Eiscue-Noice, L88, F\n|\n|upkeep\n|turn|8\n|inactive|Time left: 300 sec this turn | 300 sec total\n|\n|t:|1783559491\n|switch|p2a: Clefable|Clefable, L83, M|100/100\n|move|p1a: Eiscue|Liquidation|p2a: Clefable\n|-damage|p2a: Clefable|79/100\n|\n|upkeep\n|turn|9\n|inactive|Time left: 300 sec this turn | 300 sec total\n|\n|t:|1783559492\n|move|p1a: Eiscue|Iron Head|p2a: Clefable\n|-supereffective|p2a: Clefable\n|-damage|p2a: Clefable|39/100\n|cant|p2a: Clefable|flinch\n|\n|upkeep\n|turn|10\n|inactive|Time left: 300 sec this turn | 300 sec total\n|\n|t:|1783559493\n|-terastallize|p2a: Clefable|Steel\n|move|p1a: Eiscue|Iron Head|p2a: Clefable\n|-resisted|p2a: Clefable\n|-damage|p2a: Clefable|28/100\n|move|p2a: Clefable|Moonblast|p1a: Eiscue\n|-damage|p1a: Eiscue|102/274\n|-unboost|p1a: Eiscue|spa|1\n|-enditem|p1a: Eiscue|Sitrus Berry|[eat]\n|-heal|p1a: Eiscue|170/274|[from] item: Sitrus Berry\n|\n|upkeep\n|turn|11\n|inactive|Time left: 300 sec this turn | 300 sec total\n|\n|t:|1783559494\n|-terastallize|p1a: Eiscue|Water\n|move|p1a: Eiscue|Liquidation|p2a: Clefable\n|-damage|p2a: Clefable|0 fnt\n|faint|p2a: Clefable\n|\n|upkeep\n|\n|t:|1783559495\n|switch|p2a: Dodrio|Dodrio, L85, F|100/100\n|turn|12\n|inactive|Time left: 300 sec this turn | 300 sec total\n|\n|t:|1783559496\n|switch|p2a: Lycanroc|Lycanroc-Midnight, L89, M|12/100\n|move|p1a: Eiscue|Ice Spinner|p2a: Lycanroc\n|-damage|p2a: Lycanroc|0 fnt\n|faint|p2a: Lycanroc\n|\n|upkeep\n|\n|t:|1783559497\n|switch|p2a: Deoxys|Deoxys, L74|100/100\n|-ability|p2a: Deoxys|Pressure\n|turn|13\n|inactive|Time left: 300 sec this turn | 300 sec total\n|\n|t:|1783559498\n|move|p1a: Eiscue|Ice Spinner|p2a: Deoxys\n|-damage|p2a: Deoxys|33/100\n|move|p2a: Deoxys|Psycho Boost|p1a: Eiscue\n|-damage|p1a: Eiscue|0 fnt\n|-unboost|p2a: Deoxys|spa|2\n|faint|p1a: Eiscue\n|-damage|p2a: Deoxys|23/100|[from] item: Life Orb\n|\n|upkeep\n|inactive|Time left: 300 sec this turn | 300 sec total | 5 sec grace\n|\n|t:|1783559499\n|switch|p1a: Piloswine|Piloswine, L85, M|309/309\n|turn|14\n|inactive|Time left: 300 sec this turn | 300 sec total\n|\n|t:|1783559500\n|switch|p2a: Dodrio|Dodrio, L85, F|100/100\n|move|p1a: Piloswine|Ice Shard|p2a: Dodrio\n|-supereffective|p2a: Dodrio\n|-damage|p2a: Dodrio|53/100\n|\n|upkeep\n|turn|15\n|inactive|Time left: 300 sec this turn | 300 sec total\n|\n|t:|1783559501\n|move|p2a: Dodrio|Double-Edge|p1a: Piloswine\n|-damage|p1a: Piloswine|153/309\n|-damage|p2a: Dodrio|32/100|[from] Recoil\n|move|p1a: Piloswine|Icicle Crash|p2a: Dodrio\n|-supereffective|p2a: Dodrio\n|-damage|p2a: Dodrio|0 fnt\n|faint|p2a: Dodrio\n|\n|upkeep\n|\n|t:|1783559502\n|switch|p2a: Deoxys|Deoxys, L74|23/100\n|-ability|p2a: Deoxys|Pressure\n|turn|16\n|inactive|Time left: 300 sec this turn | 300 sec total\n|\n|t:|1783559503\n|move|p1a: Piloswine|Ice Shard|p2a: Deoxys\n|-damage|p2a: Deoxys|0 fnt\n|faint|p2a: Deoxys\n|\n|win|p0x16806544", "uploadtime": 1783559503, "views": 0, "rating": 0, "private": 0, "password": null, "_winner": "p0x16806544", "_our_name": "p0x16806544"}