{"id": "battle-gen9randombattle-1188", "formatid": "gen9randombattle", "format": "[Gen 9] Random Battle", "players": ["p0x1188babd", "p0y1188cf9f"], "log": "|init|battle\n|title|p0x1188babd vs. p0y1188cf9f\n|j|\u2606p0x1188babd\n|j|\u2606p0y1188cf9f\n|t:|1783552892\n|gametype|singles\n|player|p1|p0x1188babd|265|\n|player|p2|p0y1188cf9f|266|\n|gen|9\n|tier|[Gen 9] Random Battle\n|rule|Species Clause: Limit one of each Pok\u00e9mon\n|rule|HP Percentage Mod: HP is shown in percentages\n|rule|Sleep Clause Mod: Limit one foe put to sleep\n|rule|Illusion Level Mod: Illusion disguises the Pok\u00e9mon's true level\n|\n|t:|1783552892\n|teamsize|p1|6\n|teamsize|p2|6\n|start\n|switch|p1a: Excadrill|Excadrill, L79, M|100/100\n|switch|p2a: Zarude|Zarude-Dada, L77|288/288\n|-ability|p1a: Excadrill|Mold Breaker\n|turn|1\n|inactive|Battle timer is ON: inactive players will automatically lose when time's up. (requested by p0x1188babd)\n|inactive|Time left: 300 sec this turn | 300 sec total | 60 sec grace\n|inactive|p0y1188cf9f also wants the timer to be on.\n|\n|t:|1783552893\n|switch|p1a: Stonjourner|Stonjourner, L91, F|100/100\n|move|p2a: Zarude|Swords Dance|p2a: Zarude\n|-boost|p2a: Zarude|atk|2\n|\n|upkeep\n|turn|2\n|inactive|Time left: 300 sec this turn | 300 sec total\n|\n|t:|1783552894\n|-terastallize|p1a: Stonjourner|Fire\n|move|p2a: Zarude|Power Whip|p1a: Stonjourner\n|-resisted|p1a: Stonjourner\n|-damage|p1a: Stonjourner|75/100\n|move|p1a: Stonjourner|Heat Crash|p2a: Zarude\n|-supereffective|p2a: Zarude\n|-damage|p2a: Zarude|0 fnt\n|faint|p2a: Zarude\n|-damage|p1a: Stonjourner|65/100|[from] item: Life Orb\n|\n|upkeep\n|inactive|Time left: 300 sec this turn | 300 sec total | 5 sec grace\n|\n|t:|1783552895\n|switch|p2a: Swalot|Swalot, L90, F|326/326\n|turn|3\n|inactive|Time left: 300 sec this turn | 300 sec total\n|\n|t:|1783552896\n|move|p1a: Stonjourner|Heat Crash|p2a: Swalot\n|-damage|p2a: Swalot|91/326\n|-damage|p1a: Stonjourner|55/100|[from] item: Life Orb\n|move|p2a: Swalot|Sludge Bomb|p1a: Stonjourner\n|-damage|p1a: Stonjourner|0 fnt\n|faint|p1a: Stonjourner\n|\n|-heal|p2a: Swalot|111/326|[from] item: Leftovers\n|upkeep\n|\n|t:|1783552897\n|switch|p1a: Excadrill|Excadrill, L79, M|100/100\n|-ability|p1a: Excadrill|Mold Breaker\n|turn|4\n|inactive|Time left: 300 sec this turn | 300 sec total\n|\n|t:|1783552898\n|switch|p2a: Gogoat|Gogoat, L88, M|360/360\n|move|p1a: Excadrill|Earthquake|p2a: Gogoat\n|-resisted|p2a: Gogoat\n|-damage|p2a: Gogoat|282/360\n|\n|-heal|p2a: Gogoat|304/360|[from] item: Leftovers\n|upkeep\n|turn|5\n|inactive|Time left: 300 sec this turn | 300 sec total\n|\n|t:|1783552899\n|move|p1a: Excadrill|Swords Dance|p1a: Excadrill\n|-boost|p1a: Excadrill|atk|2\n|move|p2a: Gogoat|Bulk Up|p2a: Gogoat\n|-boost|p2a: Gogoat|atk|1\n|-boost|p2a: Gogoat|def|1\n|\n|-heal|p2a: Gogoat|326/360|[from] item: Leftovers\n|upkeep\n|turn|6\n|inactive|Time left: 300 sec this turn | 300 sec total\n|\n|t:|1783552900\n|move|p1a: Excadrill|Iron Head|p2a: Gogoat\n|-damage|p2a: Gogoat|163/360\n|move|p2a: Gogoat|Earthquake|p1a: Excadrill\n|-supereffective|p1a: Excadrill\n|-damage|p1a: Excadrill|0 fnt\n|faint|p1a: Excadrill\n|\n|-heal|p2a: Gogoat|185/360|[from] item: Leftovers\n|upkeep\n|\n|t:|1783552901\n|switch|p1a: Mandibuzz|Mandibuzz, L85, F|100/100\n|turn|7\n|inactive|Time left: 300 sec this turn | 300 sec total\n|\n|t:|1783552902\n|move|p1a: Mandibuzz|Foul Play|p2a: Gogoat\n|-damage|p2a: Gogoat|56/360\n|move|p2a: Gogoat|Milk Drink|p2a: Gogoat\n|-heal|p2a: Gogoat|236/360\n|\n|-heal|p2a: Gogoat|258/360|[from] item: Leftovers\n|upkeep\n|turn|8\n|inactive|Time left: 300 sec this turn | 300 sec total\n|\n|t:|1783552904\n|move|p1a: Mandibuzz|Toxic|p2a: Gogoat\n|-status|p2a: Gogoat|tox\n|move|p2a: Gogoat|Bulk Up|p2a: Gogoat\n|-boost|p2a: Gogoat|atk|1\n|-boost|p2a: Gogoat|def|1\n|\n|-heal|p2a: Gogoat|280/360 tox|[from] item: Leftovers\n|-damage|p2a: Gogoat|258/360 tox|[from] psn\n|upkeep\n|turn|9\n|inactive|Time left: 300 sec this turn | 300 sec total\n|\n|t:|1783552905\n|move|p1a: Mandibuzz|Foul Play|p2a: Gogoat\n|-damage|p2a: Gogoat|120/360 tox\n|move|p2a: Gogoat|Milk Drink|p2a: Gogoat\n|-heal|p2a: Gogoat|300/360 tox\n|\n|-heal|p2a: Gogoat|322/360 tox|[from] item: Leftovers\n|-damage|p2a: Gogoat|278/360 tox|[from] psn\n|upkeep\n|turn|10\n|inactive|Time left: 300 sec this turn | 300 sec total\n|\n|t:|1783552906\n|move|p1a: Mandibuzz|Foul Play|p2a: Gogoat\n|-damage|p2a: Gogoat|130/360 tox\n|move|p2a: Gogoat|Milk Drink|p2a: Gogoat\n|-heal|p2a: Gogoat|310/360 tox\n|\n|-heal|p2a: Gogoat|332/360 tox|[from] item: Leftovers\n|-damage|p2a: Gogoat|266/360 tox|[from] psn\n|upkeep\n|turn|11\n|inactive|Time left: 300 sec this turn | 300 sec total\n|\n|t:|1783552907\n|move|p1a: Mandibuzz|Foul Play|p2a: Gogoat\n|-damage|p2a: Gogoat|125/360 tox\n|move|p2a: Gogoat|Milk Drink|p2a: Gogoat\n|-heal|p2a: Gogoat|305/360 tox\n|\n|-heal|p2a: Gogoat|327/360 tox|[from] item: Leftovers\n|-damage|p2a: Gogoat|239/360 tox|[from] psn\n|upkeep\n|turn|12\n|inactive|Time left: 300 sec this turn | 300 sec total\n|\n|t:|1783552908\n|move|p1a: Mandibuzz|Foul Play|p2a: Gogoat\n|-damage|p2a: Gogoat|103/360 tox\n|move|p2a: Gogoat|Milk Drink|p2a: Gogoat\n|-heal|p2a: Gogoat|283/360 tox\n|\n|-heal|p2a: Gogoat|305/360 tox|[from] item: Leftovers\n|-damage|p2a: Gogoat|195/360 tox|[from] psn\n|upkeep\n|turn|13\n|inactive|Time left: 300 sec this turn | 300 sec total\n|\n|t:|1783552909\n|move|p1a: Mandibuzz|Foul Play|p2a: Gogoat\n|-damage|p2a: Gogoat|63/360 tox\n|move|p2a: Gogoat|Milk Drink|p2a: Gogoat\n|-heal|p2a: Gogoat|243/360 tox\n|\n|-heal|p2a: Gogoat|265/360 tox|[from] item: Leftovers\n|-damage|p2a: Gogoat|133/360 tox|[from] psn\n|upkeep\n|turn|14\n|inactive|Time left: 300 sec this turn | 300 sec total\n|\n|t:|1783552910\n|move|p1a: Mandibuzz|Foul Play|p2a: Gogoat\n|-damage|p2a: Gogoat|0 fnt\n|faint|p2a: Gogoat\n|\n|upkeep\n|inactive|Time left: 300 sec this turn | 300 sec total | 5 sec grace\n|\n|t:|1783552911\n|switch|p2a: Iron Thorns|Iron Thorns, L83|302/302\n|-enditem|p2a: Iron Thorns|Booster Energy\n|-activate|p2a: Iron Thorns|ability: Quark Drive|[fromitem]\n|-start|p2a: Iron Thorns|quarkdriveatk\n|turn|15\n|inactive|Time left: 300 sec this turn | 300 sec total\n|\n|t:|1783552912\n|move|p1a: Mandibuzz|Foul Play|p2a: Iron Thorns\n|-damage|p2a: Iron Thorns|194/302\n|move|p2a: Iron Thorns|Dragon Dance|p2a: Iron Thorns\n|-boost|p2a: Iron Thorns|atk|1\n|-boost|p2a: Iron Thorns|spe|1\n|\n|upkeep\n|turn|16\n|inactive|Time left: 300 sec this turn | 300 sec total\n|\n|t:|1783552913\n|move|p2a: Iron Thorns|Stone Edge|p1a: Mandibuzz\n|-supereffective|p1a: Mandibuzz\n|-crit|p1a: Mandibuzz\n|-damage|p1a: Mandibuzz|0 fnt\n|faint|p1a: Mandibuzz\n|\n|upkeep\n|\n|t:|1783552915\n|switch|p1a: Reuniclus|Reuniclus, L88, F|100/100\n|turn|17\n|inactive|Time left: 300 sec this turn | 300 sec total\n|\n|t:|1783552916\n|-terastallize|p2a: Iron Thorns|Ground\n|move|p2a: Iron Thorns|Dragon Dance|p2a: Iron Thorns\n|-boost|p2a: Iron Thorns|atk|1\n|-boost|p2a: Iron Thorns|spe|1\n|move|p1a: Reuniclus|Focus Blast|p2a: Iron Thorns\n|-damage|p2a: Iron Thorns|30/302\n|\n|upkeep\n|turn|18\n|inactive|Time left: 300 sec this turn | 300 sec total\n|\n|t:|1783552917\n|move|p2a: Iron Thorns|Earthquake|p1a: Reuniclus\n|-damage|p1a: Reuniclus|0 fnt\n|faint|p1a: Reuniclus\n|\n|upkeep\n|\n|t:|1783552918\n|switch|p1a: Crawdaunt|Crawdaunt, L84, M|100/100\n|turn|19\n|inactive|Time left: 300 sec this turn | 300 sec total\n|\n|t:|1783552919\n|move|p1a: Crawdaunt|Aqua Jet|p2a: Iron Thorns\n|-supereffective|p2a: Iron Thorns\n|-crit|p2a: Iron Thorns\n|-damage|p2a: Iron Thorns|0 fnt\n|faint|p2a: Iron Thorns\n|-end|p2a: Iron Thorns|Quark Drive|[silent]\n|-damage|p1a: Crawdaunt|91/100|[from] item: Life Orb\n|\n|upkeep\n|inactive|Time left: 300 sec this turn | 300 sec total | 5 sec grace\n|\n|t:|1783552919\n|switch|p2a: Scizor|Scizor, L79, F|240/240\n|turn|20\n|inactive|Time left: 300 sec this turn | 300 sec total\n|\n|t:|1783552920\n|switch|p1a: Iron Moth|Iron Moth, L78|100/100\n|move|p2a: Scizor|U-turn|p1a: Iron Moth\n|-resisted|p1a: Iron Moth\n|-damage|p1a: Iron Moth|83/100\n|inactive|Time left: 300 sec this turn | 300 sec total | 5 sec grace\n|\n|t:|1783552921\n|switch|p2a: Roaring Moon|Roaring Moon, L72|270/270|[from] U-turn\n|-enditem|p2a: Roaring Moon|Booster Energy\n|-activate|p2a: Roaring Moon|ability: Protosynthesis|[fromitem]\n|-start|p2a: Roaring Moon|protosynthesisatk\n|\n|upkeep\n|turn|21\n|inactive|Time left: 300 sec this turn | 300 sec total\n|\n|t:|1783552922\n|move|p1a: Iron Moth|Sludge Wave|p2a: Roaring Moon\n|-damage|p2a: Roaring Moon|149/270\n|move|p2a: Roaring Moon|Outrage|p1a: Iron Moth\n|-damage|p1a: Iron Moth|0 fnt\n|faint|p1a: Iron Moth\n|-end|p1a: Iron Moth|Quark Drive|[silent]\n|\n|upkeep\n|\n|t:|1783552923\n|switch|p1a: Crawdaunt|Crawdaunt, L84, M|91/100\n|turn|22\n|inactive|Time left: 300 sec this turn | 300 sec total\n|\n|t:|1783552924\n|move|p2a: Roaring Moon|Outrage|p1a: Crawdaunt|[from] lockedmove\n|-damage|p1a: Crawdaunt|20/100\n|-start|p2a: Roaring Moon|confusion|[fatigue]\n|move|p1a: Crawdaunt|Knock Off|p2a: Roaring Moon\n|-resisted|p2a: Roaring Moon\n|-damage|p2a: Roaring Moon|50/270\n|-damage|p1a: Crawdaunt|10/100|[from] item: Life Orb\n|\n|upkeep\n|turn|23\n|inactive|Time left: 300 sec this turn | 300 sec total\n|\n|t:|1783552925\n|-activate|p2a: Roaring Moon|confusion\n|-damage|p2a: Roaring Moon|11/270|[from] confusion\n|move|p1a: Crawdaunt|Dragon Dance|p1a: Crawdaunt\n|-boost|p1a: Crawdaunt|atk|1\n|-boost|p1a: Crawdaunt|spe|1\n|\n|upkeep\n|turn|24\n|inactive|Time left: 300 sec this turn | 300 sec total\n|\n|t:|1783552926\n|-end|p2a: Roaring Moon|Protosynthesis|[silent]\n|switch|p2a: Scizor|Scizor, L79, F|240/240\n|move|p1a: Crawdaunt|Dragon Dance|p1a: Crawdaunt\n|-boost|p1a: Crawdaunt|atk|1\n|-boost|p1a: Crawdaunt|spe|1\n|\n|upkeep\n|turn|25\n|inactive|Time left: 300 sec this turn | 300 sec total\n|\n|t:|1783552927\n|move|p1a: Crawdaunt|Knock Off|p2a: Scizor\n|-damage|p2a: Scizor|0 fnt\n|-enditem|p2a: Scizor|Choice Band|[from] move: Knock Off|[of] p1a: Crawdaunt\n|faint|p2a: Scizor\n|-damage|p1a: Crawdaunt|0 fnt|[from] item: Life Orb\n|faint|p1a: Crawdaunt\n|\n|win|p0y1188cf9f", "uploadtime": 1783552927, "views": 0, "rating": 0, "private": 0, "password": null, "_winner": "p0y1188cf9f", "_our_name": "p0y1188cf9f"}