{"id": "battle-gen9randombattle-1911", "formatid": "gen9randombattle", "format": "[Gen 9] Random Battle", "players": ["p0x1911f4ce", "p0y19118045"], "log": "|init|battle\n|title|p0x1911f4ce vs. p0y19118045\n|j|\u2606p0x1911f4ce\n|j|\u2606p0y19118045\n|t:|1783562118\n|gametype|singles\n|player|p1|p0x1911f4ce|169|\n|player|p2|p0y19118045|170|\n|gen|9\n|tier|[Gen 9] Random Battle\n|rule|Species Clause: Limit one of each Pok\u00e9mon\n|rule|HP Percentage Mod: HP is shown in percentages\n|rule|Sleep Clause Mod: Limit one foe put to sleep\n|rule|Illusion Level Mod: Illusion disguises the Pok\u00e9mon's true level\n|\n|t:|1783562118\n|teamsize|p1|6\n|teamsize|p2|6\n|start\n|switch|p1a: Mudsdale|Mudsdale, L83, F|100/100\n|switch|p2a: Weezing|Weezing, L88, M|258/258\n|turn|1\n|inactive|Battle timer is ON: inactive players will automatically lose when time's up. (requested by p0y19118045)\n|inactive|p0x1911f4ce also wants the timer to be on.\n|\n|t:|1783562119\n|move|p2a: Weezing|Toxic Spikes|p1a: Mudsdale\n|-sidestart|p1: p0x1911f4ce|move: Toxic Spikes\n|move|p1a: Mudsdale|Stealth Rock|p2a: Weezing\n|-sidestart|p2: p0y19118045|move: Stealth Rock\n|\n|upkeep\n|turn|2\n|inactive|Time left: 300 sec this turn | 300 sec total\n|\n|t:|1783562120\n|move|p2a: Weezing|Toxic Spikes|p1a: Mudsdale\n|-sidestart|p1: p0x1911f4ce|move: Toxic Spikes\n|move|p1a: Mudsdale|Heavy Slam|p2a: Weezing\n|-damage|p2a: Weezing|180/258\n|\n|-heal|p2a: Weezing|196/258|[from] item: Leftovers\n|upkeep\n|turn|3\n|inactive|Time left: 300 sec this turn | 300 sec total\n|\n|t:|1783562120\n|move|p2a: Weezing|Pain Split|p1a: Mudsdale\n|-sethp|p1a: Mudsdale|83/100|[from] move: Pain Split|[silent]\n|-sethp|p2a: Weezing|249/258|[from] move: Pain Split\n|move|p1a: Mudsdale|Heavy Slam|p2a: Weezing\n|-damage|p2a: Weezing|172/258\n|\n|-heal|p2a: Weezing|188/258|[from] item: Leftovers\n|-heal|p1a: Mudsdale|89/100|[from] item: Leftovers\n|upkeep\n|turn|4\n|inactive|Time left: 300 sec this turn | 300 sec total\n|\n|t:|1783562121\n|move|p2a: Weezing|Fire Blast|p1a: Mudsdale\n|-damage|p1a: Mudsdale|61/100\n|-ability|p1a: Mudsdale|Stamina|boost\n|-boost|p1a: Mudsdale|def|1\n|move|p1a: Mudsdale|Heavy Slam|p2a: Weezing\n|-crit|p2a: Weezing\n|-damage|p2a: Weezing|75/258\n|\n|-heal|p2a: Weezing|91/258|[from] item: Leftovers\n|-heal|p1a: Mudsdale|67/100|[from] item: Leftovers\n|upkeep\n|turn|5\n|inactive|Time left: 300 sec this turn | 300 sec total\n|\n|t:|1783562122\n|move|p2a: Weezing|Pain Split|p1a: Mudsdale\n|-sethp|p1a: Mudsdale|49/100|[from] move: Pain Split|[silent]\n|-sethp|p2a: Weezing|145/258|[from] move: Pain Split\n|move|p1a: Mudsdale|Heavy Slam|p2a: Weezing\n|-damage|p2a: Weezing|70/258\n|\n|-heal|p2a: Weezing|86/258|[from] item: Leftovers\n|-heal|p1a: Mudsdale|54/100|[from] item: Leftovers\n|upkeep\n|turn|6\n|inactive|Time left: 300 sec this turn | 300 sec total\n|\n|t:|1783562123\n|move|p2a: Weezing|Pain Split|p1a: Mudsdale\n|-sethp|p1a: Mudsdale|42/100|[from] move: Pain Split|[silent]\n|-sethp|p2a: Weezing|124/258|[from] move: Pain Split\n|move|p1a: Mudsdale|Heavy Slam|p2a: Weezing\n|-damage|p2a: Weezing|46/258\n|\n|-heal|p2a: Weezing|62/258|[from] item: Leftovers\n|-heal|p1a: Mudsdale|48/100|[from] item: Leftovers\n|upkeep\n|turn|7\n|inactive|Time left: 300 sec this turn | 300 sec total\n|\n|t:|1783562124\n|move|p2a: Weezing|Pain Split|p1a: Mudsdale\n|-sethp|p1a: Mudsdale|34/100|[from] move: Pain Split|[silent]\n|-sethp|p2a: Weezing|102/258|[from] move: Pain Split\n|move|p1a: Mudsdale|Heavy Slam|p2a: Weezing\n|-damage|p2a: Weezing|29/258\n|\n|-heal|p2a: Weezing|45/258|[from] item: Leftovers\n|-heal|p1a: Mudsdale|40/100|[from] item: Leftovers\n|upkeep\n|turn|8\n|inactive|Time left: 300 sec this turn | 300 sec total\n|\n|t:|1783562124\n|move|p2a: Weezing|Pain Split|p1a: Mudsdale\n|-sethp|p1a: Mudsdale|28/100|[from] move: Pain Split|[silent]\n|-sethp|p2a: Weezing|82/258|[from] move: Pain Split\n|move|p1a: Mudsdale|Heavy Slam|p2a: Weezing\n|-damage|p2a: Weezing|4/258\n|\n|-heal|p2a: Weezing|20/258|[from] item: Leftovers\n|-heal|p1a: Mudsdale|34/100|[from] item: Leftovers\n|upkeep\n|turn|9\n|inactive|Time left: 300 sec this turn | 300 sec total\n|\n|t:|1783562125\n|move|p2a: Weezing|Pain Split|p1a: Mudsdale\n|-sethp|p1a: Mudsdale|20/100|[from] move: Pain Split|[silent]\n|-sethp|p2a: Weezing|60/258|[from] move: Pain Split\n|move|p1a: Mudsdale|Heavy Slam|p2a: Weezing\n|-damage|p2a: Weezing|0 fnt\n|faint|p2a: Weezing\n|\n|-heal|p1a: Mudsdale|26/100|[from] item: Leftovers\n|upkeep\n|inactive|Time left: 300 sec this turn | 300 sec total | 5 sec grace\n|\n|t:|1783562126\n|switch|p2a: Volcanion|Volcanion, L79|256/256\n|turn|10\n|inactive|Time left: 300 sec this turn | 300 sec total\n|\n|t:|1783562127\n|move|p2a: Volcanion|Steam Eruption|p1a: Mudsdale\n|-supereffective|p1a: Mudsdale\n|-damage|p1a: Mudsdale|0 fnt\n|faint|p1a: Mudsdale\n|\n|upkeep\n|\n|t:|1783562128\n|switch|p1a: Rampardos|Rampardos, L90, M|100/100\n|-status|p1a: Rampardos|tox\n|turn|11\n|inactive|Time left: 300 sec this turn | 300 sec total\n|\n|t:|1783562129\n|-terastallize|p2a: Volcanion|Water\n|move|p2a: Volcanion|Steam Eruption|p1a: Rampardos\n|-supereffective|p1a: Rampardos\n|-damage|p1a: Rampardos|0 fnt\n|faint|p1a: Rampardos\n|\n|upkeep\n|\n|t:|1783562130\n|switch|p1a: Iron Bundle|Iron Bundle, L78|100/100\n|-status|p1a: Iron Bundle|tox\n|turn|12\n|inactive|Time left: 300 sec this turn | 300 sec total\n|\n|t:|1783562131\n|switch|p2a: Ariados|Ariados, L95, F|287/287\n|move|p1a: Iron Bundle|Freeze-Dry|p2a: Ariados\n|-damage|p2a: Ariados|169/287\n|-status|p2a: Ariados|frz\n|\n|-damage|p1a: Iron Bundle|94/100 tox|[from] psn\n|upkeep\n|turn|13\n|inactive|Time left: 300 sec this turn | 300 sec total\n|\n|t:|1783562132\n|move|p1a: Iron Bundle|Freeze-Dry|p2a: Ariados\n|-damage|p2a: Ariados|42/287 frz\n|cant|p2a: Ariados|frz\n|\n|-damage|p1a: Iron Bundle|82/100 tox|[from] psn\n|upkeep\n|turn|14\n|inactive|Time left: 300 sec this turn | 300 sec total\n|\n|t:|1783562133\n|move|p1a: Iron Bundle|Freeze-Dry|p2a: Ariados\n|-damage|p2a: Ariados|0 fnt\n|faint|p2a: Ariados\n|\n|-damage|p1a: Iron Bundle|64/100 tox|[from] psn\n|upkeep\n|inactive|Time left: 300 sec this turn | 300 sec total | 5 sec grace\n|\n|t:|1783562134\n|switch|p2a: Darkrai|Darkrai, L77|234/234\n|-damage|p2a: Darkrai|205/234|[from] Stealth Rock\n|turn|15\n|inactive|Time left: 300 sec this turn | 300 sec total\n|\n|t:|1783562136\n|move|p1a: Iron Bundle|Freeze-Dry|p2a: Darkrai\n|-damage|p2a: Darkrai|82/234\n|move|p2a: Darkrai|Dark Pulse|p1a: Iron Bundle\n|-damage|p1a: Iron Bundle|0 fnt\n|faint|p1a: Iron Bundle\n|-end|p1a: Iron Bundle|Quark Drive|[silent]\n|-damage|p2a: Darkrai|59/234|[from] item: Life Orb\n|\n|upkeep\n|\n|t:|1783562137\n|switch|p1a: Corviknight|Corviknight, L80, F|100/100\n|-ability|p1a: Corviknight|Pressure\n|turn|16\n|inactive|Time left: 300 sec this turn | 300 sec total\n|\n|t:|1783562138\n|switch|p2a: Volcanion|Volcanion, L79, tera:Water|256/256\n|move|p1a: Corviknight|Brave Bird|p2a: Volcanion\n|-damage|p2a: Volcanion|163/256\n|-damage|p1a: Corviknight|90/100|[from] Recoil\n|\n|-heal|p1a: Corviknight|96/100|[from] item: Leftovers\n|upkeep\n|turn|17\n|inactive|Time left: 300 sec this turn | 300 sec total\n|\n|t:|1783562139\n|move|p2a: Volcanion|Steam Eruption|p1a: Corviknight|[miss]\n|-miss|p2a: Volcanion|p1a: Corviknight\n|move|p1a: Corviknight|Roost|p1a: Corviknight\n|-heal|p1a: Corviknight|100/100\n|-singleturn|p1a: Corviknight|move: Roost\n|\n|upkeep\n|turn|18\n|inactive|Time left: 300 sec this turn | 300 sec total\n|\n|t:|1783562140\n|move|p2a: Volcanion|Steam Eruption|p1a: Corviknight\n|-damage|p1a: Corviknight|36/100\n|move|p1a: Corviknight|Roost|p1a: Corviknight\n|-heal|p1a: Corviknight|86/100\n|-singleturn|p1a: Corviknight|move: Roost\n|\n|-heal|p1a: Corviknight|92/100|[from] item: Leftovers\n|upkeep\n|turn|19\n|inactive|Time left: 300 sec this turn | 300 sec total\n|\n|t:|1783562141\n|move|p2a: Volcanion|Steam Eruption|p1a: Corviknight\n|-damage|p1a: Corviknight|25/100\n|-status|p1a: Corviknight|brn\n|move|p1a: Corviknight|Brave Bird|p2a: Volcanion\n|-crit|p2a: Volcanion\n|-damage|p2a: Volcanion|94/256\n|-damage|p1a: Corviknight|17/100 brn|[from] Recoil\n|\n|-heal|p1a: Corviknight|23/100 brn|[from] item: Leftovers\n|-damage|p1a: Corviknight|17/100 brn|[from] brn\n|upkeep\n|turn|20\n|inactive|Time left: 300 sec this turn | 300 sec total\n|\n|t:|1783562142\n|move|p2a: Volcanion|Flamethrower|p1a: Corviknight\n|-supereffective|p1a: Corviknight\n|-damage|p1a: Corviknight|0 fnt\n|faint|p1a: Corviknight\n|\n|upkeep\n|\n|t:|1783562143\n|switch|p1a: Emboar|Emboar, L84, F|100/100\n|-status|p1a: Emboar|tox\n|turn|21\n|inactive|Time left: 300 sec this turn | 300 sec total\n|\n|t:|1783562144\n|switch|p2a: Darkrai|Darkrai, L77|59/234\n|-damage|p2a: Darkrai|30/234|[from] Stealth Rock\n|move|p1a: Emboar|Close Combat|p2a: Darkrai\n|-supereffective|p2a: Darkrai\n|-damage|p2a: Darkrai|0 fnt\n|-unboost|p1a: Emboar|def|1\n|-unboost|p1a: Emboar|spd|1\n|faint|p2a: Darkrai\n|\n|-damage|p1a: Emboar|94/100 tox|[from] psn\n|upkeep\n|inactive|Time left: 300 sec this turn | 300 sec total | 5 sec grace\n|\n|t:|1783562145\n|switch|p2a: Feraligatr|Feraligatr, L79, F|264/264\n|-damage|p2a: Feraligatr|231/264|[from] Stealth Rock\n|turn|22\n|inactive|Time left: 300 sec this turn | 300 sec total\n|\n|t:|1783562146\n|move|p2a: Feraligatr|Liquidation|p1a: Emboar\n|-supereffective|p1a: Emboar\n|-damage|p1a: Emboar|0 fnt\n|faint|p1a: Emboar\n|\n|upkeep\n|\n|t:|1783562147\n|switch|p1a: Hypno|Hypno, L95, F|100/100\n|-status|p1a: Hypno|tox\n|turn|23\n|inactive|Time left: 300 sec this turn | 300 sec total\n|\n|t:|1783562148\n|move|p1a: Hypno|Protect|p1a: Hypno\n|-singleturn|p1a: Hypno|Protect\n|move|p2a: Feraligatr|Liquidation|p1a: Hypno\n|-activate|p1a: Hypno|move: Protect\n|\n|-damage|p1a: Hypno|94/100 tox|[from] psn\n|upkeep\n|turn|24\n|inactive|Time left: 300 sec this turn | 300 sec total\n|\n|t:|1783562149\n|move|p1a: Hypno|Focus Blast|p2a: Feraligatr\n|-damage|p2a: Feraligatr|133/264\n|move|p2a: Feraligatr|Liquidation|p1a: Hypno\n|-damage|p1a: Hypno|46/100 tox\n|\n|-heal|p1a: Hypno|52/100 tox|[from] item: Leftovers\n|-damage|p1a: Hypno|40/100 tox|[from] psn\n|upkeep\n|turn|25\n|inactive|Time left: 300 sec this turn | 300 sec total\n|\n|t:|1783562150\n|-terastallize|p1a: Hypno|Dark\n|move|p1a: Hypno|Psychic Noise|p2a: Feraligatr\n|-damage|p2a: Feraligatr|49/264\n|-start|p2a: Feraligatr|move: Heal Block\n|move|p2a: Feraligatr|Liquidation|p1a: Hypno\n|-damage|p1a: Hypno|0 fnt\n|faint|p1a: Hypno\n|\n|win|p0y19118045", "uploadtime": 1783562150, "views": 0, "rating": 0, "private": 0, "password": null, "_winner": "p0y19118045", "_our_name": "p0y19118045"}