{"id": "battle-gen9randombattle-1184", "formatid": "gen9randombattle", "format": "[Gen 9] Random Battle", "players": ["p0x1184df08", "p0y1184805e"], "log": "|init|battle\n|title|p0x1184df08 vs. p0y1184805e\n|j|\u2606p0x1184df08\n|j|\u2606p0y1184805e\n|t:|1783552835\n|gametype|singles\n|player|p1|p0x1184df08|170|\n|player|p2|p0y1184805e|2|\n|gen|9\n|tier|[Gen 9] Random Battle\n|rule|Species Clause: Limit one of each Pok\u00e9mon\n|rule|HP Percentage Mod: HP is shown in percentages\n|rule|Sleep Clause Mod: Limit one foe put to sleep\n|rule|Illusion Level Mod: Illusion disguises the Pok\u00e9mon's true level\n|\n|t:|1783552835\n|teamsize|p1|6\n|teamsize|p2|6\n|start\n|switch|p1a: Dunsparce|Dunsparce, L86, F|312/312\n|switch|p2a: Registeel|Registeel, L81|100/100\n|turn|1\n|inactive|Battle timer is ON: inactive players will automatically lose when time's up. (requested by p0x1184df08)\n|inactive|p0y1184805e also wants the timer to be on.\n|\n|t:|1783552837\n|move|p2a: Registeel|Body Press|p1a: Dunsparce\n|-supereffective|p1a: Dunsparce\n|-damage|p1a: Dunsparce|190/312\n|move|p1a: Dunsparce|Coil|p1a: Dunsparce\n|-boost|p1a: Dunsparce|atk|1\n|-boost|p1a: Dunsparce|def|1\n|-boost|p1a: Dunsparce|accuracy|1\n|\n|upkeep\n|turn|2\n|inactive|Time left: 300 sec this turn | 300 sec total\n|\n|t:|1783552838\n|move|p2a: Registeel|Thunder Wave|p1a: Dunsparce\n|-status|p1a: Dunsparce|par\n|cant|p1a: Dunsparce|par\n|\n|upkeep\n|turn|3\n|inactive|Time left: 300 sec this turn | 300 sec total\n|\n|t:|1783552839\n|move|p2a: Registeel|Iron Defense|p2a: Registeel\n|-boost|p2a: Registeel|def|2\n|cant|p1a: Dunsparce|par\n|\n|upkeep\n|turn|4\n|inactive|Time left: 300 sec this turn | 300 sec total\n|\n|t:|1783552840\n|move|p2a: Registeel|Body Press|p1a: Dunsparce\n|-supereffective|p1a: Dunsparce\n|-damage|p1a: Dunsparce|44/312 par\n|move|p1a: Dunsparce|Roost|p1a: Dunsparce\n|-heal|p1a: Dunsparce|200/312 par\n|-singleturn|p1a: Dunsparce|move: Roost\n|\n|upkeep\n|turn|5\n|inactive|Time left: 300 sec this turn | 300 sec total\n|\n|t:|1783552841\n|move|p2a: Registeel|Body Press|p1a: Dunsparce\n|-supereffective|p1a: Dunsparce\n|-damage|p1a: Dunsparce|54/312 par\n|move|p1a: Dunsparce|Coil|p1a: Dunsparce\n|-boost|p1a: Dunsparce|atk|1\n|-boost|p1a: Dunsparce|def|1\n|-boost|p1a: Dunsparce|accuracy|1\n|\n|upkeep\n|turn|6\n|inactive|Time left: 300 sec this turn | 300 sec total\n|\n|t:|1783552842\n|move|p2a: Registeel|Body Press|p1a: Dunsparce\n|-supereffective|p1a: Dunsparce\n|-damage|p1a: Dunsparce|0 fnt\n|faint|p1a: Dunsparce\n|\n|upkeep\n|inactive|Time left: 300 sec this turn | 300 sec total | 5 sec grace\n|\n|t:|1783552843\n|switch|p1a: Delphox|Delphox, L84, M|263/263\n|turn|7\n|inactive|Time left: 300 sec this turn | 300 sec total\n|\n|t:|1783552844\n|move|p1a: Delphox|Nasty Plot|p1a: Delphox\n|-boost|p1a: Delphox|spa|2\n|move|p2a: Registeel|Body Press|p1a: Delphox\n|-resisted|p1a: Delphox\n|-damage|p1a: Delphox|177/263\n|\n|upkeep\n|turn|8\n|inactive|Time left: 300 sec this turn | 300 sec total\n|\n|t:|1783552845\n|-terastallize|p2a: Registeel|Fighting\n|move|p1a: Delphox|Fire Blast|p2a: Registeel|[miss]\n|-miss|p1a: Delphox|p2a: Registeel\n|move|p2a: Registeel|Body Press|p1a: Delphox\n|-resisted|p1a: Delphox\n|-crit|p1a: Delphox\n|-damage|p1a: Delphox|0 fnt\n|faint|p1a: Delphox\n|\n|upkeep\n|inactive|Time left: 300 sec this turn | 300 sec total | 5 sec grace\n|\n|t:|1783552846\n|switch|p1a: Mudsdale|Mudsdale, L83, F|302/302\n|turn|9\n|inactive|Time left: 300 sec this turn | 300 sec total\n|\n|t:|1783552848\n|move|p2a: Registeel|Body Press|p1a: Mudsdale\n|-damage|p1a: Mudsdale|109/302\n|-ability|p1a: Mudsdale|Stamina|boost\n|-boost|p1a: Mudsdale|def|1\n|move|p1a: Mudsdale|Roar|p2a: Registeel\n|drag|p2a: Tropius|Tropius, L91, M|100/100\n|\n|-heal|p1a: Mudsdale|127/302|[from] item: Leftovers\n|upkeep\n|turn|10\n|inactive|Time left: 300 sec this turn | 300 sec total\n|\n|t:|1783552849\n|move|p2a: Tropius|Dragon Dance|p2a: Tropius\n|-boost|p2a: Tropius|atk|1\n|-boost|p2a: Tropius|spe|1\n|move|p1a: Mudsdale|Stealth Rock|p2a: Tropius\n|-sidestart|p2: p0y1184805e|move: Stealth Rock\n|\n|-heal|p1a: Mudsdale|145/302|[from] item: Leftovers\n|upkeep\n|turn|11\n|inactive|Time left: 300 sec this turn | 300 sec total\n|\n|t:|1783552850\n|move|p2a: Tropius|Earthquake|p1a: Mudsdale\n|-damage|p1a: Mudsdale|82/302\n|-ability|p1a: Mudsdale|Stamina|boost\n|-boost|p1a: Mudsdale|def|1\n|move|p1a: Mudsdale|Roar|p2a: Tropius\n|drag|p2a: Swalot|Swalot, L90, F|100/100\n|-damage|p2a: Swalot|88/100|[from] Stealth Rock\n|\n|-heal|p2a: Swalot|94/100|[from] item: Leftovers\n|-heal|p1a: Mudsdale|100/302|[from] item: Leftovers\n|upkeep\n|turn|12\n|inactive|Time left: 300 sec this turn | 300 sec total\n|\n|t:|1783552851\n|switch|p2a: Articuno|Articuno-Galar, L84|100/100\n|move|p1a: Mudsdale|Earthquake|p2a: Articuno\n|-immune|p2a: Articuno\n|\n|-heal|p1a: Mudsdale|118/302|[from] item: Leftovers\n|upkeep\n|turn|13\n|inactive|Time left: 300 sec this turn | 300 sec total\n|\n|t:|1783552852\n|-terastallize|p1a: Mudsdale|Steel\n|move|p2a: Articuno|Hurricane|p1a: Mudsdale|[miss]\n|-miss|p2a: Articuno|p1a: Mudsdale\n|move|p1a: Mudsdale|Heavy Slam|p2a: Articuno\n|-damage|p2a: Articuno|48/100\n|\n|-heal|p1a: Mudsdale|136/302|[from] item: Leftovers\n|upkeep\n|turn|14\n|inactive|Time left: 300 sec this turn | 300 sec total\n|\n|t:|1783552853\n|move|p2a: Articuno|Recover|p2a: Articuno\n|-heal|p2a: Articuno|98/100\n|move|p1a: Mudsdale|Heavy Slam|p2a: Articuno\n|-damage|p2a: Articuno|41/100\n|\n|-heal|p1a: Mudsdale|154/302|[from] item: Leftovers\n|upkeep\n|turn|15\n|inactive|Time left: 300 sec this turn | 300 sec total\n|\n|t:|1783552854\n|move|p2a: Articuno|Recover|p2a: Articuno\n|-heal|p2a: Articuno|91/100\n|move|p1a: Mudsdale|Heavy Slam|p2a: Articuno\n|-damage|p2a: Articuno|32/100\n|\n|-heal|p1a: Mudsdale|172/302|[from] item: Leftovers\n|upkeep\n|turn|16\n|inactive|Time left: 300 sec this turn | 300 sec total\n|\n|t:|1783552855\n|move|p2a: Articuno|Recover|p2a: Articuno\n|-heal|p2a: Articuno|82/100\n|move|p1a: Mudsdale|Heavy Slam|p2a: Articuno\n|-damage|p2a: Articuno|28/100\n|\n|-heal|p1a: Mudsdale|190/302|[from] item: Leftovers\n|upkeep\n|turn|17\n|inactive|Time left: 300 sec this turn | 300 sec total\n|\n|t:|1783552856\n|move|p2a: Articuno|Recover|p2a: Articuno\n|-heal|p2a: Articuno|78/100\n|move|p1a: Mudsdale|Heavy Slam|p2a: Articuno\n|-damage|p2a: Articuno|21/100\n|\n|-heal|p1a: Mudsdale|208/302|[from] item: Leftovers\n|upkeep\n|turn|18\n|inactive|Time left: 300 sec this turn | 300 sec total\n|\n|t:|1783552857\n|move|p2a: Articuno|Recover|p2a: Articuno\n|-heal|p2a: Articuno|71/100\n|move|p1a: Mudsdale|Heavy Slam|p2a: Articuno\n|-damage|p2a: Articuno|21/100\n|\n|-heal|p1a: Mudsdale|226/302|[from] item: Leftovers\n|upkeep\n|turn|19\n|inactive|Time left: 300 sec this turn | 300 sec total\n|\n|t:|1783552858\n|move|p2a: Articuno|Recover|p2a: Articuno\n|-heal|p2a: Articuno|71/100\n|move|p1a: Mudsdale|Heavy Slam|p2a: Articuno\n|-damage|p2a: Articuno|17/100\n|\n|-heal|p1a: Mudsdale|244/302|[from] item: Leftovers\n|upkeep\n|turn|20\n|inactive|Time left: 300 sec this turn | 300 sec total\n|\n|t:|1783552859\n|move|p2a: Articuno|Recover|p2a: Articuno\n|-heal|p2a: Articuno|67/100\n|move|p1a: Mudsdale|Heavy Slam|p2a: Articuno\n|-damage|p2a: Articuno|15/100\n|\n|-heal|p1a: Mudsdale|262/302|[from] item: Leftovers\n|upkeep\n|turn|21\n|inactive|Time left: 300 sec this turn | 300 sec total\n|\n|t:|1783552860\n|move|p2a: Articuno|Recover|p2a: Articuno\n|-heal|p2a: Articuno|65/100\n|move|p1a: Mudsdale|Heavy Slam|p2a: Articuno\n|-damage|p2a: Articuno|15/100\n|\n|-heal|p1a: Mudsdale|280/302|[from] item: Leftovers\n|upkeep\n|turn|22\n|inactive|Time left: 300 sec this turn | 300 sec total\n|\n|t:|1783552861\n|move|p2a: Articuno|Hurricane|p1a: Mudsdale\n|-resisted|p1a: Mudsdale\n|-damage|p1a: Mudsdale|210/302\n|-start|p1a: Mudsdale|confusion\n|-ability|p1a: Mudsdale|Stamina|boost\n|-boost|p1a: Mudsdale|def|1\n|-activate|p1a: Mudsdale|confusion\n|-damage|p1a: Mudsdale|197/302|[from] confusion\n|\n|-heal|p1a: Mudsdale|215/302|[from] item: Leftovers\n|upkeep\n|turn|23\n|inactive|Time left: 300 sec this turn | 300 sec total\n|\n|t:|1783552862\n|move|p2a: Articuno|Freezing Glare|p1a: Mudsdale\n|-resisted|p1a: Mudsdale\n|-damage|p1a: Mudsdale|152/302\n|-ability|p1a: Mudsdale|Stamina|boost\n|-boost|p1a: Mudsdale|def|1\n|-end|p1a: Mudsdale|confusion\n|move|p1a: Mudsdale|Heavy Slam|p2a: Articuno\n|-damage|p2a: Articuno|0 fnt\n|faint|p2a: Articuno\n|\n|-heal|p1a: Mudsdale|170/302|[from] item: Leftovers\n|upkeep\n|\n|t:|1783552863\n|switch|p2a: Registeel|Registeel, L81, tera:Fighting|100/100\n|-damage|p2a: Registeel|94/100|[from] Stealth Rock\n|turn|24\n|inactive|Time left: 300 sec this turn | 300 sec total\n|\n|t:|1783552864\n|move|p2a: Registeel|Iron Defense|p2a: Registeel\n|-boost|p2a: Registeel|def|2\n|move|p1a: Mudsdale|Heavy Slam|p2a: Registeel\n|-damage|p2a: Registeel|79/100\n|\n|-heal|p2a: Registeel|85/100|[from] item: Leftovers\n|-heal|p1a: Mudsdale|188/302|[from] item: Leftovers\n|upkeep\n|turn|25\n|inactive|Time left: 300 sec this turn | 300 sec total\n|\n|t:|1783552865\n|move|p2a: Registeel|Body Press|p1a: Mudsdale\n|-supereffective|p1a: Mudsdale\n|-damage|p1a: Mudsdale|60/302\n|-ability|p1a: Mudsdale|Stamina|boost\n|-boost|p1a: Mudsdale|def|1\n|move|p1a: Mudsdale|Roar|p2a: Registeel\n|drag|p2a: Luvdisc|Luvdisc, M|100/100\n|\n|-heal|p1a: Mudsdale|78/302|[from] item: Leftovers\n|upkeep\n|turn|26\n|inactive|Time left: 300 sec this turn | 300 sec total\n|\n|t:|1783552866\n|move|p2a: Luvdisc|Surf|p1a: Mudsdale\n|-damage|p1a: Mudsdale|3/302\n|-ability|p1a: Mudsdale|Stamina|boost\n|-boost|p1a: Mudsdale|def|1\n|move|p1a: Mudsdale|Earthquake|p2a: Luvdisc\n|-damage|p2a: Luvdisc|43/100\n|\n|-heal|p1a: Mudsdale|21/302|[from] item: Leftovers\n|upkeep\n|turn|27\n|inactive|Time left: 300 sec this turn | 300 sec total\n|\n|t:|1783552867\n|move|p2a: Luvdisc|Surf|p1a: Mudsdale\n|-damage|p1a: Mudsdale|0 fnt\n|faint|p1a: Mudsdale\n|\n|upkeep\n|inactive|Time left: 300 sec this turn | 300 sec total | 5 sec grace\n|\n|t:|1783552868\n|switch|p1a: Revavroom|Revavroom, L79, F|256/256\n|turn|28\n|inactive|Time left: 300 sec this turn | 300 sec total\n|\n|t:|1783552869\n|move|p2a: Luvdisc|Flip Turn|p1a: Revavroom\n|-damage|p1a: Revavroom|207/256\n|\n|t:|1783552870\n|switch|p2a: Swalot|Swalot, L90, F|94/100|[from] Flip Turn\n|-damage|p2a: Swalot|82/100|[from] Stealth Rock\n|move|p1a: Revavroom|Shift Gear|p1a: Revavroom\n|-boost|p1a: Revavroom|spe|2\n|-boost|p1a: Revavroom|atk|1\n|\n|-heal|p2a: Swalot|88/100|[from] item: Leftovers\n|upkeep\n|turn|29\n|inactive|Time left: 300 sec this turn | 300 sec total\n|\n|t:|1783552871\n|move|p1a: Revavroom|Iron Head|p2a: Swalot\n|-damage|p2a: Swalot|33/100\n|-damage|p1a: Revavroom|182/256|[from] item: Life Orb\n|cant|p2a: Swalot|flinch\n|\n|-heal|p2a: Swalot|39/100|[from] item: Leftovers\n|upkeep\n|turn|30\n|inactive|Time left: 300 sec this turn | 300 sec total\n|\n|t:|1783552872\n|move|p1a: Revavroom|Iron Head|p2a: Swalot\n|-damage|p2a: Swalot|0 fnt\n|faint|p2a: Swalot\n|-damage|p1a: Revavroom|157/256|[from] item: Life Orb\n|\n|upkeep\n|\n|t:|1783552873\n|switch|p2a: Registeel|Registeel, L81, tera:Fighting|85/100\n|-damage|p2a: Registeel|79/100|[from] Stealth Rock\n|turn|31\n|inactive|Time left: 300 sec this turn | 300 sec total\n|\n|t:|1783552874\n|move|p1a: Revavroom|Iron Head|p2a: Registeel\n|-damage|p2a: Registeel|34/100\n|-damage|p1a: Revavroom|132/256|[from] item: Life Orb\n|cant|p2a: Registeel|flinch\n|\n|-heal|p2a: Registeel|40/100|[from] item: Leftovers\n|upkeep\n|turn|32\n|inactive|Time left: 300 sec this turn | 300 sec total\n|\n|t:|1783552875\n|move|p1a: Revavroom|Iron Head|p2a: Registeel\n|-damage|p2a: Registeel|0 fnt\n|faint|p2a: Registeel\n|-damage|p1a: Revavroom|107/256|[from] item: Life Orb\n|\n|upkeep\n|\n|t:|1783552876\n|switch|p2a: Luvdisc|Luvdisc, M|43/100\n|turn|33\n|inactive|Time left: 300 sec this turn | 300 sec total\n|\n|t:|1783552878\n|move|p1a: Revavroom|Gunk Shot|p2a: Luvdisc\n|-damage|p2a: Luvdisc|0 fnt\n|faint|p2a: Luvdisc\n|-damage|p1a: Revavroom|82/256|[from] item: Life Orb\n|\n|upkeep\n|\n|t:|1783552879\n|switch|p2a: Tropius|Tropius, L91, M|100/100\n|-damage|p2a: Tropius|75/100|[from] Stealth Rock\n|turn|34\n|inactive|Time left: 300 sec this turn | 300 sec total\n|\n|t:|1783552880\n|switch|p2a: Terrakion|Terrakion, L79|100/100\n|-damage|p2a: Terrakion|94/100|[from] Stealth Rock\n|move|p1a: Revavroom|Gunk Shot|p2a: Terrakion|[miss]\n|-miss|p1a: Revavroom|p2a: Terrakion\n|\n|upkeep\n|turn|35\n|inactive|Time left: 300 sec this turn | 300 sec total\n|\n|t:|1783552881\n|switch|p2a: Tropius|Tropius, L91, M|75/100\n|-damage|p2a: Tropius|50/100|[from] Stealth Rock\n|-enditem|p2a: Tropius|Sitrus Berry|[eat]\n|-heal|p2a: Tropius|75/100|[from] item: Sitrus Berry\n|move|p1a: Revavroom|Iron Head|p2a: Tropius\n|-damage|p2a: Tropius|27/100\n|-damage|p1a: Revavroom|57/256|[from] item: Life Orb\n|\n|upkeep\n|turn|36\n|inactive|Time left: 300 sec this turn | 300 sec total\n|\n|t:|1783552882\n|move|p1a: Revavroom|Iron Head|p2a: Tropius\n|-damage|p2a: Tropius|0 fnt\n|faint|p2a: Tropius\n|-damage|p1a: Revavroom|32/256|[from] item: Life Orb\n|\n|upkeep\n|\n|t:|1783552882\n|switch|p2a: Terrakion|Terrakion, L79|94/100\n|-damage|p2a: Terrakion|88/100|[from] Stealth Rock\n|turn|37\n|inactive|Time left: 300 sec this turn | 300 sec total\n|\n|t:|1783552883\n|move|p1a: Revavroom|Iron Head|p2a: Terrakion\n|-supereffective|p2a: Terrakion\n|-damage|p2a: Terrakion|0 fnt\n|faint|p2a: Terrakion\n|-damage|p1a: Revavroom|7/256|[from] item: Life Orb\n|\n|win|p0x1184df08", "uploadtime": 1783552883, "views": 0, "rating": 0, "private": 0, "password": null, "_winner": "p0x1184df08", "_our_name": "p0x1184df08"}