{"id": "battle-gen9randombattle-176", "formatid": "gen9randombattle", "format": "[Gen 9] Random Battle", "players": ["p0x176ccd0", "p0y176ae59"], "log": "|init|battle\n|title|p0x176ccd0 vs. p0y176ae59\n|j|\u2606p0x176ccd0\n|j|\u2606p0y176ae59\n|t:|1783535285\n|gametype|singles\n|player|p1|p0x176ccd0|169|\n|player|p2|p0y176ae59|170|\n|gen|9\n|tier|[Gen 9] Random Battle\n|rule|Species Clause: Limit one of each Pok\u00e9mon\n|rule|HP Percentage Mod: HP is shown in percentages\n|rule|Sleep Clause Mod: Limit one foe put to sleep\n|rule|Illusion Level Mod: Illusion disguises the Pok\u00e9mon's true level\n|\n|t:|1783535285\n|teamsize|p1|6\n|teamsize|p2|6\n|start\n|switch|p1a: Ariados|Ariados, L95, M|287/287\n|switch|p2a: Diancie|Diancie, L82|100/100\n|turn|1\n|inactive|Battle timer is ON: inactive players will automatically lose when time's up. (requested by p0y176ae59)\n|inactive|Time left: 300 sec this turn | 300 sec total | 60 sec grace\n|inactive|p0x176ccd0 also wants the timer to be on.\n|\n|t:|1783535286\n|move|p1a: Ariados|Sticky Web|p2a: Diancie\n|-sidestart|p2: p0y176ae59|move: Sticky Web\n|move|p2a: Diancie|Diamond Storm|p1a: Ariados\n|-supereffective|p1a: Ariados\n|-damage|p1a: Ariados|71/287\n|\n|upkeep\n|turn|2\n|inactive|Time left: 300 sec this turn | 300 sec total\n|\n|t:|1783535288\n|move|p1a: Ariados|Poison Jab|p2a: Diancie\n|-damage|p2a: Diancie|66/100\n|move|p2a: Diancie|Diamond Storm|p1a: Ariados\n|-supereffective|p1a: Ariados\n|-damage|p1a: Ariados|0 fnt\n|faint|p1a: Ariados\n|\n|-heal|p2a: Diancie|72/100|[from] item: Leftovers\n|upkeep\n|inactive|Time left: 300 sec this turn | 300 sec total | 5 sec grace\n|\n|t:|1783535289\n|switch|p1a: Toxicroak|Toxicroak, L84, M|277/277\n|turn|3\n|inactive|Time left: 300 sec this turn | 300 sec total\n|\n|t:|1783535290\n|move|p1a: Toxicroak|Gunk Shot|p2a: Diancie\n|-damage|p2a: Diancie|19/100\n|-damage|p1a: Toxicroak|250/277|[from] item: Life Orb\n|move|p2a: Diancie|Moonblast|p1a: Toxicroak\n|-damage|p1a: Toxicroak|121/277\n|\n|-heal|p2a: Diancie|25/100|[from] item: Leftovers\n|upkeep\n|turn|4\n|inactive|Time left: 300 sec this turn | 300 sec total\n|\n|t:|1783535291\n|move|p1a: Toxicroak|Earthquake|p2a: Diancie\n|-supereffective|p2a: Diancie\n|-damage|p2a: Diancie|0 fnt\n|faint|p2a: Diancie\n|-damage|p1a: Toxicroak|94/277|[from] item: Life Orb\n|\n|upkeep\n|\n|t:|1783535292\n|switch|p2a: Gyarados|Gyarados, L79, M|100/100\n|turn|5\n|inactive|Time left: 300 sec this turn | 300 sec total\n|\n|t:|1783535293\n|move|p1a: Toxicroak|Gunk Shot|p2a: Gyarados\n|-damage|p2a: Gyarados|26/100\n|-damage|p1a: Toxicroak|67/277|[from] item: Life Orb\n|move|p2a: Gyarados|Earthquake|p1a: Toxicroak\n|-supereffective|p1a: Toxicroak\n|-damage|p1a: Toxicroak|0 fnt\n|faint|p1a: Toxicroak\n|-ability|p2a: Gyarados|Moxie|boost\n|-boost|p2a: Gyarados|atk|1\n|\n|upkeep\n|inactive|Time left: 300 sec this turn | 300 sec total | 5 sec grace\n|\n|t:|1783535294\n|switch|p1a: Greedent|Greedent, L86, M|347/347\n|turn|6\n|inactive|Time left: 300 sec this turn | 300 sec total\n|\n|t:|1783535295\n|move|p2a: Gyarados|Waterfall|p1a: Greedent\n|-damage|p1a: Greedent|224/347\n|move|p1a: Greedent|Knock Off|p2a: Gyarados\n|-damage|p2a: Gyarados|0 fnt\n|-enditem|p2a: Gyarados|Heavy-Duty Boots|[from] move: Knock Off|[of] p1a: Greedent\n|faint|p2a: Gyarados\n|\n|upkeep\n|\n|t:|1783535296\n|switch|p2a: Drednaw|Drednaw, L81, M|100/100\n|-activate|p2a: Drednaw|move: Sticky Web\n|-unboost|p2a: Drednaw|spe|1\n|-enditem|p2a: Drednaw|White Herb\n|-clearnegativeboost|p2a: Drednaw|[silent]\n|turn|7\n|inactive|Time left: 300 sec this turn | 300 sec total\n|\n|t:|1783535297\n|-terastallize|p2a: Drednaw|Dark\n|move|p2a: Drednaw|Shell Smash|p2a: Drednaw\n|-unboost|p2a: Drednaw|def|1\n|-unboost|p2a: Drednaw|spd|1\n|-boost|p2a: Drednaw|atk|2\n|-boost|p2a: Drednaw|spa|2\n|-boost|p2a: Drednaw|spe|2\n|move|p1a: Greedent|Swords Dance|p1a: Greedent\n|-boost|p1a: Greedent|atk|2\n|\n|upkeep\n|turn|8\n|inactive|Time left: 300 sec this turn | 300 sec total\n|\n|t:|1783535298\n|move|p2a: Drednaw|Crunch|p1a: Greedent\n|-damage|p1a: Greedent|0 fnt\n|faint|p1a: Greedent\n|\n|upkeep\n|inactive|Time left: 300 sec this turn | 300 sec total | 5 sec grace\n|\n|t:|1783535299\n|switch|p1a: Vaporeon|Vaporeon, L86, F|364/364\n|turn|9\n|inactive|Time left: 300 sec this turn | 300 sec total\n|\n|t:|1783535300\n|move|p2a: Drednaw|Crunch|p1a: Vaporeon\n|-damage|p1a: Vaporeon|10/364\n|move|p1a: Vaporeon|Roar|p2a: Drednaw\n|drag|p2a: Excadrill|Excadrill, L79, M|100/100\n|-activate|p2a: Excadrill|move: Sticky Web\n|-unboost|p2a: Excadrill|spe|1\n|-ability|p2a: Excadrill|Mold Breaker\n|\n|-heal|p1a: Vaporeon|32/364|[from] item: Leftovers\n|upkeep\n|turn|10\n|inactive|Time left: 300 sec this turn | 300 sec total\n|\n|t:|1783535300\n|-terastallize|p1a: Vaporeon|Ghost\n|move|p1a: Vaporeon|Scald|p2a: Excadrill\n|-supereffective|p2a: Excadrill\n|-damage|p2a: Excadrill|45/100\n|move|p2a: Excadrill|Rapid Spin|p1a: Vaporeon\n|-immune|p1a: Vaporeon\n|\n|-heal|p1a: Vaporeon|54/364|[from] item: Leftovers\n|upkeep\n|turn|11\n|inactive|Time left: 300 sec this turn | 300 sec total\n|\n|t:|1783535301\n|switch|p2a: Alcremie|Alcremie-Rainbow-Swirl, L90, F|100/100\n|-activate|p2a: Alcremie|move: Sticky Web\n|-unboost|p2a: Alcremie|spe|1\n|move|p1a: Vaporeon|Scald|p2a: Alcremie\n|-damage|p2a: Alcremie|72/100\n|\n|-heal|p1a: Vaporeon|76/364|[from] item: Leftovers\n|-heal|p2a: Alcremie|78/100|[from] item: Leftovers\n|upkeep\n|turn|12\n|inactive|Time left: 300 sec this turn | 300 sec total\n|\n|t:|1783535303\n|move|p1a: Vaporeon|Protect|p1a: Vaporeon\n|-singleturn|p1a: Vaporeon|Protect\n|move|p2a: Alcremie|Alluring Voice|p1a: Vaporeon\n|-activate|p1a: Vaporeon|move: Protect\n|\n|-heal|p1a: Vaporeon|98/364|[from] item: Leftovers\n|-heal|p2a: Alcremie|84/100|[from] item: Leftovers\n|upkeep\n|turn|13\n|inactive|Time left: 300 sec this turn | 300 sec total\n|\n|t:|1783535304\n|move|p1a: Vaporeon|Scald|p2a: Alcremie\n|-damage|p2a: Alcremie|57/100\n|move|p2a: Alcremie|Alluring Voice|p1a: Vaporeon\n|-damage|p1a: Vaporeon|0 fnt\n|faint|p1a: Vaporeon\n|\n|-heal|p2a: Alcremie|63/100|[from] item: Leftovers\n|upkeep\n|inactive|Time left: 300 sec this turn | 300 sec total | 5 sec grace\n|\n|t:|1783535304\n|switch|p1a: Milotic|Milotic, L83, M|293/293\n|turn|14\n|inactive|Time left: 300 sec this turn | 300 sec total\n|\n|t:|1783535306\n|move|p1a: Milotic|Scald|p2a: Alcremie\n|-crit|p2a: Alcremie\n|-damage|p2a: Alcremie|27/100\n|-status|p2a: Alcremie|brn\n|move|p2a: Alcremie|Calm Mind|p2a: Alcremie\n|-boost|p2a: Alcremie|spa|1\n|-boost|p2a: Alcremie|spd|1\n|\n|-heal|p2a: Alcremie|34/100 brn|[from] item: Leftovers\n|-damage|p2a: Alcremie|27/100 brn|[from] brn\n|upkeep\n|turn|15\n|inactive|Time left: 300 sec this turn | 300 sec total\n|\n|t:|1783535307\n|move|p1a: Milotic|Scald|p2a: Alcremie\n|-damage|p2a: Alcremie|12/100 brn\n|move|p2a: Alcremie|Recover|p2a: Alcremie\n|-heal|p2a: Alcremie|62/100 brn\n|\n|-heal|p2a: Alcremie|68/100 brn|[from] item: Leftovers\n|-damage|p2a: Alcremie|62/100 brn|[from] brn\n|upkeep\n|turn|16\n|inactive|Time left: 300 sec this turn | 300 sec total\n|\n|t:|1783535308\n|move|p1a: Milotic|Scald|p2a: Alcremie\n|-damage|p2a: Alcremie|46/100 brn\n|move|p2a: Alcremie|Calm Mind|p2a: Alcremie\n|-boost|p2a: Alcremie|spa|1\n|-boost|p2a: Alcremie|spd|1\n|\n|-heal|p2a: Alcremie|52/100 brn|[from] item: Leftovers\n|-damage|p2a: Alcremie|46/100 brn|[from] brn\n|upkeep\n|turn|17\n|inactive|Time left: 300 sec this turn | 300 sec total\n|\n|t:|1783535309\n|move|p1a: Milotic|Haze|p1a: Milotic\n|-clearallboost\n|move|p2a: Alcremie|Recover|p2a: Alcremie\n|-heal|p2a: Alcremie|96/100 brn\n|\n|-heal|p2a: Alcremie|100/100 brn|[from] item: Leftovers\n|-damage|p2a: Alcremie|94/100 brn|[from] brn\n|upkeep\n|turn|18\n|inactive|Time left: 300 sec this turn | 300 sec total\n|\n|t:|1783535310\n|move|p1a: Milotic|Scald|p2a: Alcremie\n|-damage|p2a: Alcremie|70/100 brn\n|move|p2a: Alcremie|Calm Mind|p2a: Alcremie\n|-boost|p2a: Alcremie|spa|1\n|-boost|p2a: Alcremie|spd|1\n|\n|-heal|p2a: Alcremie|77/100 brn|[from] item: Leftovers\n|-damage|p2a: Alcremie|70/100 brn|[from] brn\n|upkeep\n|turn|19\n|inactive|Time left: 300 sec this turn | 300 sec total\n|\n|t:|1783535311\n|move|p1a: Milotic|Haze|p1a: Milotic\n|-clearallboost\n|move|p2a: Alcremie|Recover|p2a: Alcremie\n|-heal|p2a: Alcremie|100/100 brn\n|\n|-damage|p2a: Alcremie|94/100 brn|[from] brn\n|upkeep\n|turn|20\n|inactive|Time left: 300 sec this turn | 300 sec total\n|\n|t:|1783535312\n|move|p1a: Milotic|Scald|p2a: Alcremie\n|-damage|p2a: Alcremie|70/100 brn\n|move|p2a: Alcremie|Calm Mind|p2a: Alcremie\n|-boost|p2a: Alcremie|spa|1\n|-boost|p2a: Alcremie|spd|1\n|\n|-heal|p2a: Alcremie|77/100 brn|[from] item: Leftovers\n|-damage|p2a: Alcremie|70/100 brn|[from] brn\n|upkeep\n|turn|21\n|inactive|Time left: 300 sec this turn | 300 sec total\n|\n|t:|1783535313\n|move|p1a: Milotic|Haze|p1a: Milotic\n|-clearallboost\n|move|p2a: Alcremie|Calm Mind|p2a: Alcremie\n|-boost|p2a: Alcremie|spa|1\n|-boost|p2a: Alcremie|spd|1\n|\n|-heal|p2a: Alcremie|77/100 brn|[from] item: Leftovers\n|-damage|p2a: Alcremie|70/100 brn|[from] brn\n|upkeep\n|turn|22\n|inactive|Time left: 300 sec this turn | 300 sec total\n|\n|t:|1783535314\n|move|p1a: Milotic|Haze|p1a: Milotic\n|-clearallboost\n|move|p2a: Alcremie|Alluring Voice|p1a: Milotic\n|-damage|p1a: Milotic|208/293\n|\n|-heal|p1a: Milotic|226/293|[from] item: Leftovers\n|-heal|p2a: Alcremie|77/100 brn|[from] item: Leftovers\n|-damage|p2a: Alcremie|70/100 brn|[from] brn\n|upkeep\n|turn|23\n|inactive|Time left: 300 sec this turn | 300 sec total\n|\n|t:|1783535315\n|move|p1a: Milotic|Scald|p2a: Alcremie\n|-damage|p2a: Alcremie|45/100 brn\n|move|p2a: Alcremie|Recover|p2a: Alcremie\n|-heal|p2a: Alcremie|95/100 brn\n|\n|-heal|p1a: Milotic|244/293|[from] item: Leftovers\n|-heal|p2a: Alcremie|100/100 brn|[from] item: Leftovers\n|-damage|p2a: Alcremie|94/100 brn|[from] brn\n|upkeep\n|turn|24\n|inactive|Time left: 300 sec this turn | 300 sec total\n|\n|t:|1783535316\n|move|p1a: Milotic|Scald|p2a: Alcremie\n|-damage|p2a: Alcremie|70/100 brn\n|move|p2a: Alcremie|Calm Mind|p2a: Alcremie\n|-boost|p2a: Alcremie|spa|1\n|-boost|p2a: Alcremie|spd|1\n|\n|-heal|p1a: Milotic|262/293|[from] item: Leftovers\n|-heal|p2a: Alcremie|77/100 brn|[from] item: Leftovers\n|-damage|p2a: Alcremie|70/100 brn|[from] brn\n|upkeep\n|turn|25\n|inactive|Time left: 300 sec this turn | 300 sec total\n|\n|t:|1783535317\n|move|p1a: Milotic|Haze|p1a: Milotic\n|-clearallboost\n|move|p2a: Alcremie|Calm Mind|p2a: Alcremie\n|-boost|p2a: Alcremie|spa|1\n|-boost|p2a: Alcremie|spd|1\n|\n|-heal|p1a: Milotic|280/293|[from] item: Leftovers\n|-heal|p2a: Alcremie|77/100 brn|[from] item: Leftovers\n|-damage|p2a: Alcremie|70/100 brn|[from] brn\n|upkeep\n|turn|26\n|inactive|Time left: 300 sec this turn | 300 sec total\n|\n|t:|1783535318\n|move|p1a: Milotic|Haze|p1a: Milotic\n|-clearallboost\n|move|p2a: Alcremie|Alluring Voice|p1a: Milotic\n|-damage|p1a: Milotic|202/293\n|\n|-heal|p1a: Milotic|220/293|[from] item: Leftovers\n|-heal|p2a: Alcremie|77/100 brn|[from] item: Leftovers\n|-damage|p2a: Alcremie|70/100 brn|[from] brn\n|upkeep\n|turn|27\n|inactive|Time left: 300 sec this turn | 300 sec total\n|\n|t:|1783535319\n|move|p1a: Milotic|Scald|p2a: Alcremie\n|-damage|p2a: Alcremie|47/100 brn\n|move|p2a: Alcremie|Recover|p2a: Alcremie\n|-heal|p2a: Alcremie|97/100 brn\n|\n|-heal|p1a: Milotic|238/293|[from] item: Leftovers\n|-heal|p2a: Alcremie|100/100 brn|[from] item: Leftovers\n|-damage|p2a: Alcremie|94/100 brn|[from] brn\n|upkeep\n|turn|28\n|inactive|Time left: 300 sec this turn | 300 sec total\n|\n|t:|1783535321\n|move|p1a: Milotic|Scald|p2a: Alcremie\n|-damage|p2a: Alcremie|72/100 brn\n|move|p2a: Alcremie|Calm Mind|p2a: Alcremie\n|-boost|p2a: Alcremie|spa|1\n|-boost|p2a: Alcremie|spd|1\n|\n|-heal|p1a: Milotic|256/293|[from] item: Leftovers\n|-heal|p2a: Alcremie|78/100 brn|[from] item: Leftovers\n|-damage|p2a: Alcremie|72/100 brn|[from] brn\n|upkeep\n|turn|29\n|inactive|Time left: 300 sec this turn | 300 sec total\n|\n|t:|1783535322\n|move|p1a: Milotic|Haze|p1a: Milotic\n|-clearallboost\n|move|p2a: Alcremie|Alluring Voice|p1a: Milotic\n|-damage|p1a: Milotic|168/293\n|\n|-heal|p1a: Milotic|186/293|[from] item: Leftovers\n|-heal|p2a: Alcremie|78/100 brn|[from] item: Leftovers\n|-damage|p2a: Alcremie|72/100 brn|[from] brn\n|upkeep\n|turn|30\n|inactive|Time left: 300 sec this turn | 300 sec total\n|\n|t:|1783535323\n|move|p1a: Milotic|Scald|p2a: Alcremie\n|-damage|p2a: Alcremie|47/100 brn\n|move|p2a: Alcremie|Recover|p2a: Alcremie\n|-heal|p2a: Alcremie|97/100 brn\n|\n|-heal|p1a: Milotic|204/293|[from] item: Leftovers\n|-heal|p2a: Alcremie|100/100 brn|[from] item: Leftovers\n|-damage|p2a: Alcremie|94/100 brn|[from] brn\n|upkeep\n|turn|31\n|inactive|Time left: 300 sec this turn | 300 sec total\n|\n|t:|1783535324\n|move|p1a: Milotic|Scald|p2a: Alcremie\n|-damage|p2a: Alcremie|69/100 brn\n|move|p2a: Alcremie|Calm Mind|p2a: Alcremie\n|-boost|p2a: Alcremie|spa|1\n|-boost|p2a: Alcremie|spd|1\n|\n|-heal|p1a: Milotic|222/293|[from] item: Leftovers\n|-heal|p2a: Alcremie|75/100 brn|[from] item: Leftovers\n|-damage|p2a: Alcremie|69/100 brn|[from] brn\n|upkeep\n|turn|32\n|inactive|Time left: 300 sec this turn | 300 sec total\n|\n|t:|1783535325\n|move|p1a: Milotic|Haze|p1a: Milotic\n|-clearallboost\n|move|p2a: Alcremie|Recover|p2a: Alcremie\n|-heal|p2a: Alcremie|100/100 brn\n|\n|-heal|p1a: Milotic|240/293|[from] item: Leftovers\n|-damage|p2a: Alcremie|94/100 brn|[from] brn\n|upkeep\n|turn|33\n|inactive|Time left: 300 sec this turn | 300 sec total\n|\n|t:|1783535326\n|move|p1a: Milotic|Scald|p2a: Alcremie\n|-damage|p2a: Alcremie|70/100 brn\n|move|p2a: Alcremie|Calm Mind|p2a: Alcremie\n|-boost|p2a: Alcremie|spa|1\n|-boost|p2a: Alcremie|spd|1\n|\n|-heal|p1a: Milotic|258/293|[from] item: Leftovers\n|-heal|p2a: Alcremie|77/100 brn|[from] item: Leftovers\n|-damage|p2a: Alcremie|70/100 brn|[from] brn\n|upkeep\n|turn|34\n|inactive|Time left: 300 sec this turn | 300 sec total\n|\n|t:|1783535327\n|move|p1a: Milotic|Haze|p1a: Milotic\n|-clearallboost\n|move|p2a: Alcremie|Recover|p2a: Alcremie\n|-heal|p2a: Alcremie|100/100 brn\n|\n|-heal|p1a: Milotic|276/293|[from] item: Leftovers\n|-damage|p2a: Alcremie|94/100 brn|[from] brn\n|upkeep\n|turn|35\n|inactive|Time left: 300 sec this turn | 300 sec total\n|\n|t:|1783535328\n|move|p1a: Milotic|Scald|p2a: Alcremie\n|-crit|p2a: Alcremie\n|-damage|p2a: Alcremie|61/100 brn\n|move|p2a: Alcremie|Calm Mind|p2a: Alcremie\n|-boost|p2a: Alcremie|spa|1\n|-boost|p2a: Alcremie|spd|1\n|\n|-heal|p1a: Milotic|293/293|[from] item: Leftovers\n|-heal|p2a: Alcremie|67/100 brn|[from] item: Leftovers\n|-damage|p2a: Alcremie|61/100 brn|[from] brn\n|upkeep\n|turn|36\n|inactive|Time left: 300 sec this turn | 300 sec total\n|\n|t:|1783535329\n|move|p1a: Milotic|Haze|p1a: Milotic\n|-clearallboost\n|move|p2a: Alcremie|Calm Mind|p2a: Alcremie\n|-boost|p2a: Alcremie|spa|1\n|-boost|p2a: Alcremie|spd|1\n|\n|-heal|p2a: Alcremie|67/100 brn|[from] item: Leftovers\n|-damage|p2a: Alcremie|61/100 brn|[from] brn\n|upkeep\n|turn|37\n|inactive|Time left: 300 sec this turn | 300 sec total\n|\n|t:|1783535330\n|move|p1a: Milotic|Haze|p1a: Milotic\n|-clearallboost\n|move|p2a: Alcremie|Calm Mind|p2a: Alcremie\n|-boost|p2a: Alcremie|spa|1\n|-boost|p2a: Alcremie|spd|1\n|\n|-heal|p2a: Alcremie|67/100 brn|[from] item: Leftovers\n|-damage|p2a: Alcremie|61/100 brn|[from] brn\n|upkeep\n|turn|38\n|inactive|Time left: 300 sec this turn | 300 sec total\n|\n|t:|1783535331\n|move|p1a: Milotic|Haze|p1a: Milotic\n|-clearallboost\n|move|p2a: Alcremie|Calm Mind|p2a: Alcremie\n|-boost|p2a: Alcremie|spa|1\n|-boost|p2a: Alcremie|spd|1\n|\n|-heal|p2a: Alcremie|67/100 brn|[from] item: Leftovers\n|-damage|p2a: Alcremie|61/100 brn|[from] brn\n|upkeep\n|turn|39\n|inactive|Time left: 300 sec this turn | 300 sec total\n|\n|t:|1783535332\n|move|p1a: Milotic|Haze|p1a: Milotic\n|-clearallboost\n|move|p2a: Alcremie|Alluring Voice|p1a: Milotic\n|-damage|p1a: Milotic|206/293\n|\n|-heal|p1a: Milotic|224/293|[from] item: Leftovers\n|-heal|p2a: Alcremie|67/100 brn|[from] item: Leftovers\n|-damage|p2a: Alcremie|61/100 brn|[from] brn\n|upkeep\n|turn|40\n|inactive|Time left: 300 sec this turn | 300 sec total\n|\n|t:|1783535333\n|move|p1a: Milotic|Scald|p2a: Alcremie\n|-damage|p2a: Alcremie|38/100 brn\n|move|p2a: Alcremie|Calm Mind|p2a: Alcremie\n|-boost|p2a: Alcremie|spa|1\n|-boost|p2a: Alcremie|spd|1\n|\n|-heal|p1a: Milotic|242/293|[from] item: Leftovers\n|-heal|p2a: Alcremie|44/100 brn|[from] item: Leftovers\n|-damage|p2a: Alcremie|38/100 brn|[from] brn\n|upkeep\n|turn|41\n|inactive|Time left: 300 sec this turn | 300 sec total\n|\n|t:|1783535334\n|move|p1a: Milotic|Scald|p2a: Alcremie\n|-damage|p2a: Alcremie|23/100 brn\n|move|p2a: Alcremie|Alluring Voice|p1a: Milotic\n|-damage|p1a: Milotic|116/293\n|\n|-heal|p1a: Milotic|134/293|[from] item: Leftovers\n|-heal|p2a: Alcremie|29/100 brn|[from] item: Leftovers\n|-damage|p2a: Alcremie|23/100 brn|[from] brn\n|upkeep\n|turn|42\n|inactive|Time left: 300 sec this turn | 300 sec total\n|\n|t:|1783535335\n|move|p1a: Milotic|Recover|p1a: Milotic\n|-heal|p1a: Milotic|281/293\n|move|p2a: Alcremie|Alluring Voice|p1a: Milotic\n|-damage|p1a: Milotic|166/293\n|\n|-heal|p1a: Milotic|184/293|[from] item: Leftovers\n|-heal|p2a: Alcremie|29/100 brn|[from] item: Leftovers\n|-damage|p2a: Alcremie|23/100 brn|[from] brn\n|upkeep\n|turn|43\n|inactive|Time left: 300 sec this turn | 300 sec total\n|\n|t:|1783535336\n|move|p1a: Milotic|Scald|p2a: Alcremie\n|-damage|p2a: Alcremie|7/100 brn\n|move|p2a: Alcremie|Alluring Voice|p1a: Milotic\n|-damage|p1a: Milotic|66/293\n|\n|-heal|p1a: Milotic|84/293|[from] item: Leftovers\n|-heal|p2a: Alcremie|13/100 brn|[from] item: Leftovers\n|-damage|p2a: Alcremie|7/100 brn|[from] brn\n|upkeep\n|turn|44\n|inactive|Time left: 300 sec this turn | 300 sec total\n|\n|t:|1783535337\n|move|p1a: Milotic|Scald|p2a: Alcremie\n|-damage|p2a: Alcremie|0 fnt\n|faint|p2a: Alcremie\n|\n|-heal|p1a: Milotic|102/293|[from] item: Leftovers\n|upkeep\n|\n|t:|1783535338\n|switch|p2a: Drednaw|Drednaw, L81, M, tera:Dark|100/100\n|-activate|p2a: Drednaw|move: Sticky Web\n|-unboost|p2a: Drednaw|spe|1\n|turn|45\n|inactive|Time left: 300 sec this turn | 300 sec total\n|\n|t:|1783535338\n|move|p1a: Milotic|Ice Beam|p2a: Drednaw\n|-damage|p2a: Drednaw|70/100\n|move|p2a: Drednaw|Shell Smash|p2a: Drednaw\n|-unboost|p2a: Drednaw|def|1\n|-unboost|p2a: Drednaw|spd|1\n|-boost|p2a: Drednaw|atk|2\n|-boost|p2a: Drednaw|spa|2\n|-boost|p2a: Drednaw|spe|2\n|\n|-heal|p1a: Milotic|120/293|[from] item: Leftovers\n|upkeep\n|turn|46\n|inactive|Time left: 300 sec this turn | 300 sec total\n|\n|t:|1783535339\n|switch|p1a: Ditto|Ditto, L87|225/225\n|-transform|p1a: Ditto|p2a: Drednaw|[from] ability: Imposter\n|move|p2a: Drednaw|Crunch|p1a: Ditto\n|-damage|p1a: Ditto|0 fnt\n|faint|p1a: Ditto\n|\n|upkeep\n|inactive|Time left: 300 sec this turn | 300 sec total | 5 sec grace\n|\n|t:|1783535340\n|switch|p1a: Milotic|Milotic, L83, M|120/293\n|turn|47\n|inactive|Time left: 300 sec this turn | 300 sec total\n|\n|t:|1783535341\n|move|p2a: Drednaw|Crunch|p1a: Milotic\n|-damage|p1a: Milotic|0 fnt\n|faint|p1a: Milotic\n|\n|win|p0y176ae59", "uploadtime": 1783535341, "views": 0, "rating": 0, "private": 0, "password": null, "_winner": "p0y176ae59", "_our_name": "p0x176ccd0"}