{"id": "battle-gen9randombattle-2681", "formatid": "gen9randombattle", "format": "[Gen 9] Random Battle", "players": ["p0x26816456", "p0y26818a98"], "log": "|init|battle\n|title|p0x26816456 vs. p0y26818a98\n|j|\u2606p0x26816456\n|j|\u2606p0y26818a98\n|t:|1783569931\n|gametype|singles\n|player|p1|p0x26816456|169|\n|player|p2|p0y26818a98|266|\n|gen|9\n|tier|[Gen 9] Random Battle\n|rule|Species Clause: Limit one of each Pok\u00e9mon\n|rule|HP Percentage Mod: HP is shown in percentages\n|rule|Sleep Clause Mod: Limit one foe put to sleep\n|rule|Illusion Level Mod: Illusion disguises the Pok\u00e9mon's true level\n|\n|t:|1783569931\n|teamsize|p1|6\n|teamsize|p2|6\n|start\n|switch|p1a: Golduck|Golduck, L90, F|100/100\n|switch|p2a: Tatsugiri|Tatsugiri, L87, F|260/260\n|-ability|p1a: Golduck|Cloud Nine\n|turn|1\n|inactive|Battle timer is ON: inactive players will automatically lose when time's up. (requested by p0x26816456)\n|inactive|Time left: 300 sec this turn | 300 sec total | 60 sec grace\n|inactive|p0y26818a98 also wants the timer to be on.\n|\n|t:|1783569932\n|move|p1a: Golduck|Ice Beam|p2a: Tatsugiri\n|-damage|p2a: Tatsugiri|162/260\n|move|p2a: Tatsugiri|Nasty Plot|p2a: Tatsugiri\n|-boost|p2a: Tatsugiri|spa|2\n|\n|upkeep\n|turn|2\n|inactive|Time left: 300 sec this turn | 300 sec total\n|\n|t:|1783569933\n|move|p1a: Golduck|Ice Beam|p2a: Tatsugiri\n|-damage|p2a: Tatsugiri|62/260\n|move|p2a: Tatsugiri|Draco Meteor|p1a: Golduck|[miss]\n|-miss|p2a: Tatsugiri|p1a: Golduck\n|\n|upkeep\n|turn|3\n|inactive|Time left: 300 sec this turn | 300 sec total\n|\n|t:|1783569935\n|-terastallize|p2a: Tatsugiri|Steel\n|move|p1a: Golduck|Ice Beam|p2a: Tatsugiri\n|-resisted|p2a: Tatsugiri\n|-crit|p2a: Tatsugiri\n|-damage|p2a: Tatsugiri|0 fnt\n|faint|p2a: Tatsugiri\n|\n|upkeep\n|inactive|Time left: 300 sec this turn | 300 sec total | 5 sec grace\n|\n|t:|1783569936\n|switch|p2a: Slowking|Slowking-Galar, L85, F|300/300\n|turn|4\n|inactive|Time left: 300 sec this turn | 300 sec total\n|\n|t:|1783569937\n|switch|p1a: Araquanid|Araquanid, L82, M|100/100\n|move|p2a: Slowking|Sludge Bomb|p1a: Araquanid\n|-damage|p1a: Araquanid|65/100\n|\n|upkeep\n|turn|5\n|inactive|Time left: 300 sec this turn | 300 sec total\n|\n|t:|1783569938\n|move|p1a: Araquanid|Sticky Web|p2a: Slowking\n|-sidestart|p2: p0y26818a98|move: Sticky Web\n|move|p2a: Slowking|Psychic Noise|p1a: Araquanid\n|-damage|p1a: Araquanid|39/100\n|-start|p1a: Araquanid|move: Heal Block\n|\n|upkeep\n|turn|6\n|inactive|Time left: 300 sec this turn | 300 sec total\n|\n|t:|1783569939\n|move|p1a: Araquanid|Liquidation|p2a: Slowking\n|-damage|p2a: Slowking|167/300\n|-unboost|p2a: Slowking|def|1\n|move|p2a: Slowking|Sludge Bomb|p1a: Araquanid\n|-damage|p1a: Araquanid|5/100\n|\n|-end|p1a: Araquanid|move: Heal Block\n|upkeep\n|turn|7\n|inactive|Time left: 300 sec this turn | 300 sec total\n|\n|t:|1783569940\n|switch|p2a: Arboliva|Arboliva, L91, F|288/288\n|-activate|p2a: Arboliva|move: Sticky Web\n|-unboost|p2a: Arboliva|spe|1\n|move|p1a: Araquanid|Liquidation|p2a: Arboliva\n|-resisted|p2a: Arboliva\n|-damage|p2a: Arboliva|225/288\n|\n|upkeep\n|turn|8\n|inactive|Time left: 300 sec this turn | 300 sec total\n|\n|t:|1783569941\n|move|p1a: Araquanid|Leech Life|p2a: Arboliva\n|-supereffective|p2a: Arboliva\n|-damage|p2a: Arboliva|117/288\n|-heal|p1a: Araquanid|27/100|[from] drain|[of] p2a: Arboliva\n|-enditem|p2a: Arboliva|Sitrus Berry|[eat]\n|-heal|p2a: Arboliva|189/288|[from] item: Sitrus Berry\n|move|p2a: Arboliva|Hyper Voice|p1a: Araquanid\n|-damage|p1a: Araquanid|0 fnt\n|faint|p1a: Araquanid\n|\n|-item|p2a: Arboliva|Sitrus Berry|[from] ability: Harvest\n|upkeep\n|\n|t:|1783569942\n|switch|p1a: Kleavor|Kleavor, L78, F|100/100\n|turn|9\n|inactive|Time left: 300 sec this turn | 300 sec total\n|\n|t:|1783569943\n|move|p1a: Kleavor|Swords Dance|p1a: Kleavor\n|-boost|p1a: Kleavor|atk|2\n|move|p2a: Arboliva|Leech Seed|p1a: Kleavor\n|-start|p1a: Kleavor|move: Leech Seed\n|\n|-damage|p1a: Kleavor|88/100|[from] Leech Seed|[of] p2a: Arboliva\n|-heal|p2a: Arboliva|218/288|[silent]\n|upkeep\n|turn|10\n|inactive|Time left: 300 sec this turn | 300 sec total\n|\n|t:|1783569944\n|move|p2a: Arboliva|Protect|p2a: Arboliva\n|-singleturn|p2a: Arboliva|Protect\n|move|p1a: Kleavor|Stone Axe|p2a: Arboliva\n|-activate|p2a: Arboliva|move: Protect\n|\n|-damage|p1a: Kleavor|76/100|[from] Leech Seed|[of] p2a: Arboliva\n|-heal|p2a: Arboliva|247/288|[silent]\n|upkeep\n|turn|11\n|inactive|Time left: 300 sec this turn | 300 sec total\n|\n|t:|1783569945\n|switch|p2a: Moltres|Moltres, L81|278/278\n|move|p1a: Kleavor|X-Scissor|p2a: Moltres\n|-resisted|p2a: Moltres\n|-damage|p2a: Moltres|204/278\n|\n|-damage|p1a: Kleavor|64/100|[from] Leech Seed|[of] p2a: Moltres\n|-heal|p2a: Moltres|233/278|[silent]\n|upkeep\n|turn|12\n|inactive|Time left: 300 sec this turn | 300 sec total\n|\n|t:|1783569946\n|switch|p1a: Golduck|Golduck, L90, F|100/100\n|-ability|p1a: Golduck|Cloud Nine\n|move|p2a: Moltres|Fire Blast|p1a: Golduck\n|-resisted|p1a: Golduck\n|-damage|p1a: Golduck|78/100\n|\n|upkeep\n|turn|13\n|inactive|Time left: 300 sec this turn | 300 sec total\n|\n|t:|1783569947\n|switch|p2a: Slowking|Slowking-Galar, L85, F|267/300\n|-activate|p2a: Slowking|move: Sticky Web\n|-unboost|p2a: Slowking|spe|1\n|move|p1a: Golduck|Hydro Pump|p2a: Slowking\n|-damage|p2a: Slowking|164/300\n|\n|upkeep\n|turn|14\n|inactive|Time left: 300 sec this turn | 300 sec total\n|\n|t:|1783569948\n|move|p1a: Golduck|Hydro Pump|p2a: Slowking\n|-damage|p2a: Slowking|46/300\n|move|p2a: Slowking|Sludge Bomb|p1a: Golduck\n|-damage|p1a: Golduck|43/100\n|\n|upkeep\n|turn|15\n|inactive|Time left: 300 sec this turn | 300 sec total\n|\n|t:|1783569949\n|switch|p2a: Arboliva|Arboliva, L91, F|247/288\n|-activate|p2a: Arboliva|move: Sticky Web\n|-unboost|p2a: Arboliva|spe|1\n|move|p1a: Golduck|Hydro Pump|p2a: Arboliva\n|-resisted|p2a: Arboliva\n|-damage|p2a: Arboliva|173/288\n|\n|upkeep\n|turn|16\n|inactive|Time left: 300 sec this turn | 300 sec total\n|\n|t:|1783569950\n|switch|p1a: Brambleghast|Brambleghast, L88, M|100/100\n|move|p2a: Arboliva|Hyper Voice|p1a: Brambleghast\n|-immune|p1a: Brambleghast\n|\n|upkeep\n|turn|17\n|inactive|Time left: 300 sec this turn | 300 sec total\n|\n|t:|1783569951\n|move|p1a: Brambleghast|Strength Sap|p2a: Arboliva\n|-unboost|p2a: Arboliva|atk|1\n|move|p2a: Arboliva|Hyper Voice|p1a: Brambleghast\n|-immune|p1a: Brambleghast\n|\n|upkeep\n|turn|18\n|inactive|Time left: 300 sec this turn | 300 sec total\n|\n|t:|1783569953\n|switch|p2a: Moltres|Moltres, L81|233/278\n|move|p1a: Brambleghast|Rapid Spin|p2a: Moltres\n|-damage|p2a: Moltres|189/278\n|-boost|p1a: Brambleghast|spe|1\n|-status|p1a: Brambleghast|brn|[from] ability: Flame Body|[of] p2a: Moltres\n|\n|-damage|p1a: Brambleghast|94/100 brn|[from] brn\n|upkeep\n|turn|19\n|inactive|Time left: 300 sec this turn | 300 sec total\n|\n|t:|1783569954\n|move|p1a: Brambleghast|Strength Sap|p2a: Moltres\n|-unboost|p2a: Moltres|atk|1\n|-heal|p1a: Brambleghast|100/100 brn\n|move|p2a: Moltres|Fire Blast|p1a: Brambleghast\n|-supereffective|p1a: Brambleghast\n|-damage|p1a: Brambleghast|0 fnt\n|faint|p1a: Brambleghast\n|\n|upkeep\n|\n|t:|1783569955\n|switch|p1a: Golduck|Golduck, L90, F|43/100\n|-ability|p1a: Golduck|Cloud Nine\n|turn|20\n|inactive|Time left: 300 sec this turn | 300 sec total\n|\n|t:|1783569955\n|switch|p2a: Slowking|Slowking-Galar, L85, F|146/300\n|-activate|p2a: Slowking|move: Sticky Web\n|-unboost|p2a: Slowking|spe|1\n|move|p1a: Golduck|Hydro Pump|p2a: Slowking\n|-damage|p2a: Slowking|41/300\n|\n|upkeep\n|turn|21\n|inactive|Time left: 300 sec this turn | 300 sec total\n|\n|t:|1783569957\n|switch|p2a: Arboliva|Arboliva, L91, F|173/288\n|-activate|p2a: Arboliva|move: Sticky Web\n|-unboost|p2a: Arboliva|spe|1\n|move|p1a: Golduck|Hydro Pump|p2a: Arboliva\n|-resisted|p2a: Arboliva\n|-damage|p2a: Arboliva|91/288\n|-enditem|p2a: Arboliva|Sitrus Berry|[eat]\n|-heal|p2a: Arboliva|163/288|[from] item: Sitrus Berry\n|\n|upkeep\n|turn|22\n|inactive|Time left: 300 sec this turn | 300 sec total\n|\n|t:|1783569958\n|move|p1a: Golduck|Hydro Pump|p2a: Arboliva\n|-resisted|p2a: Arboliva\n|-damage|p2a: Arboliva|88/288\n|move|p2a: Arboliva|Hyper Voice|p1a: Golduck\n|-crit|p1a: Golduck\n|-damage|p1a: Golduck|0 fnt\n|faint|p1a: Golduck\n|\n|-item|p2a: Arboliva|Sitrus Berry|[from] ability: Harvest\n|upkeep\n|-enditem|p2a: Arboliva|Sitrus Berry|[eat]\n|-heal|p2a: Arboliva|160/288|[from] item: Sitrus Berry\n|\n|t:|1783569959\n|switch|p1a: Kleavor|Kleavor, L78, F|64/100\n|turn|23\n|inactive|Time left: 300 sec this turn | 300 sec total\n|\n|t:|1783569959\n|switch|p2a: Stonjourner|Stonjourner, L91, F|330/330\n|-activate|p2a: Stonjourner|move: Sticky Web\n|-unboost|p2a: Stonjourner|spe|1\n|move|p1a: Kleavor|Stone Axe|p2a: Stonjourner\n|-damage|p2a: Stonjourner|257/330\n|-sidestart|p2: p0y26818a98|move: Stealth Rock\n|\n|upkeep\n|turn|24\n|inactive|Time left: 300 sec this turn | 300 sec total\n|\n|t:|1783569961\n|switch|p1a: Ampharos|Ampharos, L88, F|100/100\n|move|p2a: Stonjourner|Stone Edge|p1a: Ampharos\n|-crit|p1a: Ampharos\n|-damage|p1a: Ampharos|9/100\n|-damage|p2a: Stonjourner|224/330|[from] item: Life Orb\n|\n|upkeep\n|turn|25\n|inactive|Time left: 300 sec this turn | 300 sec total\n|\n|t:|1783569962\n|switch|p2a: Slowking|Slowking-Galar, L85, F|141/300\n|-activate|p2a: Slowking|move: Sticky Web\n|-unboost|p2a: Slowking|spe|1\n|-damage|p2a: Slowking|104/300|[from] Stealth Rock\n|move|p1a: Ampharos|Thunderbolt|p2a: Slowking\n|-damage|p2a: Slowking|18/300\n|-status|p2a: Slowking|par\n|-damage|p1a: Ampharos|0 fnt|[from] item: Life Orb\n|faint|p1a: Ampharos\n|\n|upkeep\n|\n|t:|1783569963\n|switch|p1a: Kleavor|Kleavor, L78, F|64/100\n|turn|26\n|inactive|Time left: 300 sec this turn | 300 sec total\n|\n|t:|1783569964\n|move|p1a: Kleavor|Stone Axe|p2a: Slowking\n|-damage|p2a: Slowking|0 fnt\n|faint|p2a: Slowking\n|\n|upkeep\n|inactive|Time left: 300 sec this turn | 300 sec total | 5 sec grace\n|\n|t:|1783569965\n|switch|p2a: Hitmonlee|Hitmonlee, L85, M|224/224\n|-activate|p2a: Hitmonlee|move: Sticky Web\n|-unboost|p2a: Hitmonlee|spe|1\n|-damage|p2a: Hitmonlee|210/224|[from] Stealth Rock\n|-enditem|p2a: Hitmonlee|White Herb\n|-clearnegativeboost|p2a: Hitmonlee|[silent]\n|turn|27\n|inactive|Time left: 300 sec this turn | 300 sec total\n|\n|t:|1783569966\n|move|p2a: Hitmonlee|Close Combat|p1a: Kleavor\n|-damage|p1a: Kleavor|0 fnt\n|-unboost|p2a: Hitmonlee|def|1\n|-unboost|p2a: Hitmonlee|spd|1\n|faint|p1a: Kleavor\n|\n|upkeep\n|\n|t:|1783569966\n|switch|p1a: Dudunsparce|Dudunsparce, L83, M|100/100\n|turn|28\n|inactive|Time left: 300 sec this turn | 300 sec total\n|\n|t:|1783569967\n|switch|p2a: Moltres|Moltres, L81|189/278\n|-terastallize|p1a: Dudunsparce|Ghost\n|move|p1a: Dudunsparce|Earthquake|p2a: Moltres\n|-immune|p2a: Moltres\n|\n|upkeep\n|turn|29\n|inactive|Time left: 300 sec this turn | 300 sec total\n|\n|t:|1783569968\n|move|p2a: Moltres|Will-O-Wisp|p1a: Dudunsparce\n|-status|p1a: Dudunsparce|brn\n|move|p1a: Dudunsparce|Glare|p2a: Moltres\n|-status|p2a: Moltres|par\n|\n|-damage|p1a: Dudunsparce|94/100 brn|[from] brn\n|upkeep\n|turn|30\n|inactive|Time left: 300 sec this turn | 300 sec total\n|\n|t:|1783569969\n|move|p1a: Dudunsparce|Headbutt|p2a: Moltres\n|-crit|p2a: Moltres\n|-damage|p2a: Moltres|132/278 par\n|cant|p2a: Moltres|flinch\n|\n|-heal|p1a: Dudunsparce|100/100 brn|[from] item: Leftovers\n|-damage|p1a: Dudunsparce|94/100 brn|[from] brn\n|upkeep\n|turn|31\n|inactive|Time left: 300 sec this turn | 300 sec total\n|\n|t:|1783569970\n|move|p1a: Dudunsparce|Headbutt|p2a: Moltres\n|-damage|p2a: Moltres|93/278 par\n|move|p2a: Moltres|Roost|p2a: Moltres\n|-heal|p2a: Moltres|232/278 par\n|-singleturn|p2a: Moltres|move: Roost\n|\n|-heal|p1a: Dudunsparce|100/100 brn|[from] item: Leftovers\n|-damage|p1a: Dudunsparce|94/100 brn|[from] brn\n|upkeep\n|turn|32\n|inactive|Time left: 300 sec this turn | 300 sec total\n|\n|t:|1783569971\n|move|p1a: Dudunsparce|Headbutt|p2a: Moltres\n|-damage|p2a: Moltres|196/278 par\n|move|p2a: Moltres|Fire Blast|p1a: Dudunsparce|[miss]\n|-miss|p2a: Moltres|p1a: Dudunsparce\n|\n|-heal|p1a: Dudunsparce|100/100 brn|[from] item: Leftovers\n|-damage|p1a: Dudunsparce|94/100 brn|[from] brn\n|upkeep\n|turn|33\n|inactive|Time left: 300 sec this turn | 300 sec total\n|\n|t:|1783569972\n|move|p1a: Dudunsparce|Headbutt|p2a: Moltres\n|-damage|p2a: Moltres|154/278 par\n|move|p2a: Moltres|Roost|p2a: Moltres\n|-heal|p2a: Moltres|278/278 par\n|-singleturn|p2a: Moltres|move: Roost\n|\n|-heal|p1a: Dudunsparce|100/100 brn|[from] item: Leftovers\n|-damage|p1a: Dudunsparce|94/100 brn|[from] brn\n|upkeep\n|turn|34\n|inactive|Time left: 300 sec this turn | 300 sec total\n|\n|t:|1783569973\n|move|p1a: Dudunsparce|Headbutt|p2a: Moltres\n|-damage|p2a: Moltres|241/278 par\n|cant|p2a: Moltres|flinch\n|\n|-heal|p1a: Dudunsparce|100/100 brn|[from] item: Leftovers\n|-damage|p1a: Dudunsparce|94/100 brn|[from] brn\n|upkeep\n|turn|35\n|inactive|Time left: 300 sec this turn | 300 sec total\n|\n|t:|1783569974\n|move|p1a: Dudunsparce|Headbutt|p2a: Moltres\n|-damage|p2a: Moltres|203/278 par\n|cant|p2a: Moltres|par\n|\n|-heal|p1a: Dudunsparce|100/100 brn|[from] item: Leftovers\n|-damage|p1a: Dudunsparce|94/100 brn|[from] brn\n|upkeep\n|turn|36\n|inactive|Time left: 300 sec this turn | 300 sec total\n|\n|t:|1783569975\n|move|p1a: Dudunsparce|Headbutt|p2a: Moltres\n|-damage|p2a: Moltres|167/278 par\n|cant|p2a: Moltres|flinch\n|\n|-heal|p1a: Dudunsparce|100/100 brn|[from] item: Leftovers\n|-damage|p1a: Dudunsparce|94/100 brn|[from] brn\n|upkeep\n|turn|37\n|inactive|Time left: 300 sec this turn | 300 sec total\n|\n|t:|1783569976\n|move|p1a: Dudunsparce|Headbutt|p2a: Moltres\n|-damage|p2a: Moltres|128/278 par\n|cant|p2a: Moltres|flinch\n|\n|-heal|p1a: Dudunsparce|100/100 brn|[from] item: Leftovers\n|-damage|p1a: Dudunsparce|94/100 brn|[from] brn\n|upkeep\n|turn|38\n|inactive|Time left: 300 sec this turn | 300 sec total\n|\n|t:|1783569976\n|move|p1a: Dudunsparce|Headbutt|p2a: Moltres\n|-damage|p2a: Moltres|89/278 par\n|cant|p2a: Moltres|flinch\n|\n|-heal|p1a: Dudunsparce|100/100 brn|[from] item: Leftovers\n|-damage|p1a: Dudunsparce|94/100 brn|[from] brn\n|upkeep\n|turn|39\n|inactive|Time left: 300 sec this turn | 300 sec total\n|\n|t:|1783569977\n|move|p1a: Dudunsparce|Headbutt|p2a: Moltres\n|-damage|p2a: Moltres|49/278 par\n|cant|p2a: Moltres|flinch\n|\n|-heal|p1a: Dudunsparce|100/100 brn|[from] item: Leftovers\n|-damage|p1a: Dudunsparce|94/100 brn|[from] brn\n|upkeep\n|turn|40\n|inactive|Time left: 300 sec this turn | 300 sec total\n|\n|t:|1783569978\n|move|p1a: Dudunsparce|Headbutt|p2a: Moltres\n|-damage|p2a: Moltres|10/278 par\n|cant|p2a: Moltres|par\n|\n|-heal|p1a: Dudunsparce|100/100 brn|[from] item: Leftovers\n|-damage|p1a: Dudunsparce|94/100 brn|[from] brn\n|upkeep\n|turn|41\n|inactive|Time left: 300 sec this turn | 300 sec total\n|\n|t:|1783569979\n|switch|p2a: Stonjourner|Stonjourner, L91, F|224/330\n|-activate|p2a: Stonjourner|move: Sticky Web\n|-unboost|p2a: Stonjourner|spe|1\n|-damage|p2a: Stonjourner|183/330|[from] Stealth Rock\n|move|p1a: Dudunsparce|Headbutt|p2a: Stonjourner\n|-resisted|p2a: Stonjourner\n|-damage|p2a: Stonjourner|171/330\n|\n|-heal|p1a: Dudunsparce|100/100 brn|[from] item: Leftovers\n|-damage|p1a: Dudunsparce|94/100 brn|[from] brn\n|upkeep\n|turn|42\n|inactive|Time left: 300 sec this turn | 300 sec total\n|\n|t:|1783569980\n|move|p1a: Dudunsparce|Glare|p2a: Stonjourner\n|-status|p2a: Stonjourner|par\n|move|p2a: Stonjourner|Stone Edge|p1a: Dudunsparce|[miss]\n|-miss|p2a: Stonjourner|p1a: Dudunsparce\n|\n|-heal|p1a: Dudunsparce|100/100 brn|[from] item: Leftovers\n|-damage|p1a: Dudunsparce|94/100 brn|[from] brn\n|upkeep\n|turn|43\n|inactive|Time left: 300 sec this turn | 300 sec total\n|\n|t:|1783569981\n|move|p1a: Dudunsparce|Headbutt|p2a: Stonjourner\n|-resisted|p2a: Stonjourner\n|-damage|p2a: Stonjourner|159/330 par\n|cant|p2a: Stonjourner|flinch\n|\n|-heal|p1a: Dudunsparce|100/100 brn|[from] item: Leftovers\n|-damage|p1a: Dudunsparce|94/100 brn|[from] brn\n|upkeep\n|turn|44\n|inactive|Time left: 300 sec this turn | 300 sec total\n|\n|t:|1783569982\n|move|p1a: Dudunsparce|Headbutt|p2a: Stonjourner\n|-resisted|p2a: Stonjourner\n|-damage|p2a: Stonjourner|147/330 par\n|cant|p2a: Stonjourner|par\n|\n|-heal|p1a: Dudunsparce|100/100 brn|[from] item: Leftovers\n|-damage|p1a: Dudunsparce|94/100 brn|[from] brn\n|upkeep\n|turn|45\n|inactive|Time left: 300 sec this turn | 300 sec total\n|\n|t:|1783569983\n|move|p1a: Dudunsparce|Headbutt|p2a: Stonjourner\n|-resisted|p2a: Stonjourner\n|-damage|p2a: Stonjourner|136/330 par\n|cant|p2a: Stonjourner|flinch\n|\n|-heal|p1a: Dudunsparce|100/100 brn|[from] item: Leftovers\n|-damage|p1a: Dudunsparce|94/100 brn|[from] brn\n|upkeep\n|turn|46\n|inactive|Time left: 300 sec this turn | 300 sec total\n|\n|t:|1783569983\n|move|p1a: Dudunsparce|Headbutt|p2a: Stonjourner\n|-resisted|p2a: Stonjourner\n|-damage|p2a: Stonjourner|124/330 par\n|cant|p2a: Stonjourner|flinch\n|\n|-heal|p1a: Dudunsparce|100/100 brn|[from] item: Leftovers\n|-damage|p1a: Dudunsparce|94/100 brn|[from] brn\n|upkeep\n|turn|47\n|inactive|Time left: 300 sec this turn | 300 sec total\n|\n|t:|1783569984\n|move|p1a: Dudunsparce|Earthquake|p2a: Stonjourner\n|-supereffective|p2a: Stonjourner\n|-damage|p2a: Stonjourner|76/330 par\n|move|p2a: Stonjourner|Heat Crash|p1a: Dudunsparce\n|-damage|p1a: Dudunsparce|43/100 brn\n|-damage|p2a: Stonjourner|43/330 par|[from] item: Life Orb\n|\n|-heal|p1a: Dudunsparce|49/100 brn|[from] item: Leftovers\n|-damage|p1a: Dudunsparce|43/100 brn|[from] brn\n|upkeep\n|turn|48\n|inactive|Time left: 300 sec this turn | 300 sec total\n|\n|t:|1783569985\n|move|p1a: Dudunsparce|Roost|p1a: Dudunsparce\n|-heal|p1a: Dudunsparce|94/100 brn\n|cant|p2a: Stonjourner|par\n|\n|-heal|p1a: Dudunsparce|99/100 brn|[from] item: Leftovers\n|-damage|p1a: Dudunsparce|94/100 brn|[from] brn\n|upkeep\n|turn|49\n|inactive|Time left: 300 sec this turn | 300 sec total\n|\n|t:|1783569986\n|move|p1a: Dudunsparce|Earthquake|p2a: Stonjourner\n|-supereffective|p2a: Stonjourner\n|-damage|p2a: Stonjourner|0 fnt\n|faint|p2a: Stonjourner\n|\n|-heal|p1a: Dudunsparce|99/100 brn|[from] item: Leftovers\n|-damage|p1a: Dudunsparce|94/100 brn|[from] brn\n|upkeep\n|inactive|Time left: 300 sec this turn | 300 sec total | 5 sec grace\n|\n|t:|1783569987\n|switch|p2a: Hitmonlee|Hitmonlee, L85, M|210/224\n|-activate|p2a: Hitmonlee|move: Sticky Web\n|-unboost|p2a: Hitmonlee|spe|1\n|-damage|p2a: Hitmonlee|196/224|[from] Stealth Rock\n|turn|50\n|inactive|Time left: 300 sec this turn | 300 sec total\n|\n|t:|1783569988\n|move|p1a: Dudunsparce|Headbutt|p2a: Hitmonlee\n|-damage|p2a: Hitmonlee|144/224\n|cant|p2a: Hitmonlee|flinch\n|\n|-heal|p1a: Dudunsparce|99/100 brn|[from] item: Leftovers\n|-damage|p1a: Dudunsparce|94/100 brn|[from] brn\n|upkeep\n|turn|51\n|inactive|Time left: 300 sec this turn | 300 sec total\n|\n|t:|1783569989\n|move|p1a: Dudunsparce|Headbutt|p2a: Hitmonlee\n|-damage|p2a: Hitmonlee|90/224\n|move|p2a: Hitmonlee|Knock Off|p1a: Dudunsparce\n|-supereffective|p1a: Dudunsparce\n|-damage|p1a: Dudunsparce|37/100 brn\n|-enditem|p1a: Dudunsparce|Leftovers|[from] move: Knock Off|[of] p2a: Hitmonlee\n|\n|-damage|p1a: Dudunsparce|31/100 brn|[from] brn\n|upkeep\n|turn|52\n|inactive|Time left: 300 sec this turn | 300 sec total\n|\n|t:|1783569990\n|move|p1a: Dudunsparce|Roost|p1a: Dudunsparce\n|-heal|p1a: Dudunsparce|81/100 brn\n|move|p2a: Hitmonlee|Knock Off|p1a: Dudunsparce\n|-supereffective|p1a: Dudunsparce\n|-damage|p1a: Dudunsparce|45/100 brn\n|\n|-damage|p1a: Dudunsparce|39/100 brn|[from] brn\n|upkeep\n|turn|53\n|inactive|Time left: 300 sec this turn | 300 sec total\n|\n|t:|1783569991\n|move|p1a: Dudunsparce|Roost|p1a: Dudunsparce\n|-heal|p1a: Dudunsparce|89/100 brn\n|move|p2a: Hitmonlee|Swords Dance|p2a: Hitmonlee\n|-boost|p2a: Hitmonlee|atk|2\n|\n|-damage|p1a: Dudunsparce|83/100 brn|[from] brn\n|upkeep\n|turn|54\n|inactive|Time left: 300 sec this turn | 300 sec total\n|\n|t:|1783569993\n|move|p1a: Dudunsparce|Headbutt|p2a: Hitmonlee\n|-damage|p2a: Hitmonlee|41/224\n|move|p2a: Hitmonlee|Knock Off|p1a: Dudunsparce\n|-supereffective|p1a: Dudunsparce\n|-damage|p1a: Dudunsparce|9/100 brn\n|\n|-damage|p1a: Dudunsparce|3/100 brn|[from] brn\n|upkeep\n|turn|55\n|inactive|Time left: 300 sec this turn | 300 sec total\n|\n|t:|1783569993\n|move|p1a: Dudunsparce|Roost|p1a: Dudunsparce\n|-heal|p1a: Dudunsparce|53/100 brn\n|move|p2a: Hitmonlee|Knock Off|p1a: Dudunsparce\n|-supereffective|p1a: Dudunsparce\n|-damage|p1a: Dudunsparce|0 fnt\n|faint|p1a: Dudunsparce\n|\n|win|p0y26818a98", "uploadtime": 1783569993, "views": 0, "rating": 0, "private": 0, "password": null, "_winner": "p0y26818a98", "_our_name": "p0y26818a98"}