{"id": "battle-gen9randombattle-1841", "formatid": "gen9randombattle", "format": "[Gen 9] Random Battle", "players": ["p0x184101ee", "p0y1841c1f9"], "log": "|init|battle\n|title|p0x184101ee vs. p0y1841c1f9\n|j|\u2606p0x184101ee\n|j|\u2606p0y1841c1f9\n|t:|1783561310\n|gametype|singles\n|player|p1|p0x184101ee|265|\n|player|p2|p0y1841c1f9|102|\n|gen|9\n|tier|[Gen 9] Random Battle\n|rule|Species Clause: Limit one of each Pok\u00e9mon\n|rule|HP Percentage Mod: HP is shown in percentages\n|rule|Sleep Clause Mod: Limit one foe put to sleep\n|rule|Illusion Level Mod: Illusion disguises the Pok\u00e9mon's true level\n|\n|t:|1783561310\n|teamsize|p1|6\n|teamsize|p2|6\n|start\n|switch|p1a: Rhydon|Rhydon, L85, F|317/317\n|switch|p2a: Bellossom|Bellossom, L84, M|100/100\n|turn|1\n|inactive|Battle timer is ON: inactive players will automatically lose when time's up. (requested by p0x184101ee)\n|inactive|p0y1841c1f9 also wants the timer to be on.\n|\n|t:|1783561311\n|switch|p1a: Iron Leaves|Iron Leaves, L80|275/275\n|move|p2a: Bellossom|Giga Drain|p1a: Iron Leaves\n|-resisted|p1a: Iron Leaves\n|-damage|p1a: Iron Leaves|243/275\n|\n|upkeep\n|turn|2\n|inactive|Time left: 300 sec this turn | 300 sec total\n|\n|t:|1783561313\n|move|p1a: Iron Leaves|Swords Dance|p1a: Iron Leaves\n|-boost|p1a: Iron Leaves|atk|2\n|move|p2a: Bellossom|Strength Sap|p1a: Iron Leaves\n|-unboost|p1a: Iron Leaves|atk|1\n|\n|upkeep\n|turn|3\n|inactive|Time left: 300 sec this turn | 300 sec total\n|\n|t:|1783561313\n|move|p1a: Iron Leaves|Swords Dance|p1a: Iron Leaves\n|-boost|p1a: Iron Leaves|atk|2\n|move|p2a: Bellossom|Strength Sap|p1a: Iron Leaves\n|-unboost|p1a: Iron Leaves|atk|1\n|\n|upkeep\n|turn|4\n|inactive|Time left: 300 sec this turn | 300 sec total\n|\n|t:|1783561314\n|move|p1a: Iron Leaves|Swords Dance|p1a: Iron Leaves\n|-boost|p1a: Iron Leaves|atk|2\n|move|p2a: Bellossom|Strength Sap|p1a: Iron Leaves\n|-unboost|p1a: Iron Leaves|atk|1\n|\n|upkeep\n|turn|5\n|inactive|Time left: 300 sec this turn | 300 sec total\n|\n|t:|1783561315\n|switch|p2a: Mightyena|Mightyena, L96, F|100/100\n|-ability|p2a: Mightyena|Intimidate|boost\n|-unboost|p1a: Iron Leaves|atk|1\n|move|p1a: Iron Leaves|Psyblade|p2a: Mightyena\n|-immune|p2a: Mightyena\n|\n|upkeep\n|turn|6\n|inactive|Time left: 300 sec this turn | 300 sec total\n|\n|t:|1783561317\n|switch|p2a: Bellossom|Bellossom, L84, M|100/100\n|move|p1a: Iron Leaves|Leaf Blade|p2a: Bellossom\n|-resisted|p2a: Bellossom\n|-damage|p2a: Bellossom|53/100\n|-damage|p1a: Iron Leaves|216/275|[from] item: Life Orb\n|\n|-heal|p2a: Bellossom|59/100|[from] item: Leftovers\n|upkeep\n|turn|7\n|inactive|Time left: 300 sec this turn | 300 sec total\n|\n|t:|1783561318\n|move|p1a: Iron Leaves|Psyblade|p2a: Bellossom\n|-damage|p2a: Bellossom|0 fnt\n|faint|p2a: Bellossom\n|-damage|p1a: Iron Leaves|189/275|[from] item: Life Orb\n|\n|upkeep\n|\n|t:|1783561318\n|switch|p2a: Mightyena|Mightyena, L96, F|100/100\n|-ability|p2a: Mightyena|Intimidate|boost\n|-unboost|p1a: Iron Leaves|atk|1\n|turn|8\n|inactive|Time left: 300 sec this turn | 300 sec total\n|\n|t:|1783561320\n|move|p1a: Iron Leaves|Close Combat|p2a: Mightyena\n|-supereffective|p2a: Mightyena\n|-damage|p2a: Mightyena|0 fnt\n|-unboost|p1a: Iron Leaves|def|1\n|-unboost|p1a: Iron Leaves|spd|1\n|faint|p2a: Mightyena\n|-damage|p1a: Iron Leaves|162/275|[from] item: Life Orb\n|\n|upkeep\n|\n|t:|1783561321\n|switch|p2a: Misdreavus|Misdreavus, L90, M|100/100\n|turn|9\n|inactive|Time left: 300 sec this turn | 300 sec total\n|\n|t:|1783561322\n|move|p1a: Iron Leaves|Leaf Blade|p2a: Misdreavus\n|-damage|p2a: Misdreavus|34/100\n|-damage|p1a: Iron Leaves|135/275|[from] item: Life Orb\n|move|p2a: Misdreavus|Shadow Ball|p1a: Iron Leaves\n|-supereffective|p1a: Iron Leaves\n|-crit|p1a: Iron Leaves\n|-damage|p1a: Iron Leaves|0 fnt\n|faint|p1a: Iron Leaves\n|-end|p1a: Iron Leaves|Quark Drive|[silent]\n|\n|upkeep\n|inactive|Time left: 300 sec this turn | 300 sec total | 5 sec grace\n|\n|t:|1783561323\n|switch|p1a: Typhlosion|Typhlosion-Hisui, L83, F|257/257\n|turn|10\n|inactive|Time left: 300 sec this turn | 300 sec total\n|\n|t:|1783561324\n|switch|p2a: Manaphy|Manaphy, L78|100/100\n|move|p1a: Typhlosion|Shadow Ball|p2a: Manaphy\n|-crit|p2a: Manaphy\n|-damage|p2a: Manaphy|49/100\n|\n|-heal|p2a: Manaphy|55/100|[from] item: Leftovers\n|upkeep\n|turn|11\n|inactive|Time left: 300 sec this turn | 300 sec total\n|\n|t:|1783561325\n|move|p1a: Typhlosion|Calm Mind|p1a: Typhlosion\n|-boost|p1a: Typhlosion|spa|1\n|-boost|p1a: Typhlosion|spd|1\n|move|p2a: Manaphy|Hydro Pump|p1a: Typhlosion\n|-supereffective|p1a: Typhlosion\n|-damage|p1a: Typhlosion|105/257\n|\n|-heal|p2a: Manaphy|61/100|[from] item: Leftovers\n|upkeep\n|turn|12\n|inactive|Time left: 300 sec this turn | 300 sec total\n|\n|t:|1783561326\n|move|p1a: Typhlosion|Shadow Ball|p2a: Manaphy\n|-damage|p2a: Manaphy|13/100\n|move|p2a: Manaphy|Hydro Pump|p1a: Typhlosion\n|-supereffective|p1a: Typhlosion\n|-damage|p1a: Typhlosion|0 fnt\n|faint|p1a: Typhlosion\n|\n|-heal|p2a: Manaphy|19/100|[from] item: Leftovers\n|upkeep\n|inactive|Time left: 300 sec this turn | 300 sec total | 5 sec grace\n|\n|t:|1783561327\n|switch|p1a: Mesprit|Mesprit, L85|275/275\n|turn|13\n|inactive|Time left: 300 sec this turn | 300 sec total\n|\n|t:|1783561328\n|switch|p2a: Shiftry|Shiftry, L89, M|100/100\n|move|p1a: Mesprit|Psychic|p2a: Shiftry\n|-immune|p2a: Shiftry\n|\n|upkeep\n|turn|14\n|inactive|Time left: 300 sec this turn | 300 sec total\n|\n|t:|1783561329\n|switch|p1a: Hippowdon|Hippowdon, L82, M|311/311\n|-weather|Sandstorm|[from] ability: Sand Stream|[of] p1a: Hippowdon\n|move|p2a: Shiftry|Leaf Blade|p1a: Hippowdon\n|-supereffective|p1a: Hippowdon\n|-damage|p1a: Hippowdon|82/311\n|-damage|p2a: Shiftry|91/100|[from] item: Life Orb\n|\n|-weather|Sandstorm|[upkeep]\n|-damage|p2a: Shiftry|84/100|[from] Sandstorm\n|-heal|p1a: Hippowdon|101/311|[from] item: Leftovers\n|upkeep\n|turn|15\n|inactive|Time left: 300 sec this turn | 300 sec total\n|\n|t:|1783561330\n|move|p2a: Shiftry|Leaf Blade|p1a: Hippowdon\n|-supereffective|p1a: Hippowdon\n|-damage|p1a: Hippowdon|0 fnt\n|faint|p1a: Hippowdon\n|-damage|p2a: Shiftry|75/100|[from] item: Life Orb\n|\n|-weather|Sandstorm|[upkeep]\n|-damage|p2a: Shiftry|68/100|[from] Sandstorm\n|upkeep\n|inactive|Time left: 300 sec this turn | 300 sec total | 5 sec grace\n|\n|t:|1783561330\n|switch|p1a: Rhydon|Rhydon, L85, F|317/317\n|turn|16\n|inactive|Time left: 300 sec this turn | 300 sec total\n|\n|t:|1783561331\n|move|p2a: Shiftry|Leaf Blade|p1a: Rhydon\n|-supereffective|p1a: Rhydon\n|-damage|p1a: Rhydon|36/317\n|-damage|p2a: Shiftry|59/100|[from] item: Life Orb\n|move|p1a: Rhydon|Stone Edge|p2a: Shiftry\n|-damage|p2a: Shiftry|4/100\n|\n|-weather|Sandstorm|[upkeep]\n|-damage|p2a: Shiftry|0 fnt|[from] Sandstorm\n|faint|p2a: Shiftry\n|upkeep\n|\n|t:|1783561333\n|switch|p2a: Misdreavus|Misdreavus, L90, M|34/100\n|turn|17\n|inactive|Time left: 300 sec this turn | 300 sec total\n|\n|t:|1783561333\n|move|p2a: Misdreavus|Shadow Ball|p1a: Rhydon\n|-damage|p1a: Rhydon|0 fnt\n|faint|p1a: Rhydon\n|\n|-weather|Sandstorm|[upkeep]\n|-damage|p2a: Misdreavus|28/100|[from] Sandstorm\n|upkeep\n|inactive|Time left: 300 sec this turn | 300 sec total | 5 sec grace\n|\n|t:|1783561334\n|switch|p1a: Mesprit|Mesprit, L85|275/275\n|turn|18\n|inactive|Time left: 300 sec this turn | 300 sec total\n|\n|t:|1783561335\n|move|p2a: Misdreavus|Shadow Ball|p1a: Mesprit\n|-supereffective|p1a: Mesprit\n|-damage|p1a: Mesprit|113/275\n|-unboost|p1a: Mesprit|spd|1\n|move|p1a: Mesprit|Psychic|p2a: Misdreavus\n|-damage|p2a: Misdreavus|0 fnt\n|faint|p2a: Misdreavus\n|\n|-weather|none\n|upkeep\n|\n|t:|1783561337\n|switch|p2a: Manaphy|Manaphy, L78|19/100\n|turn|19\n|inactive|Time left: 300 sec this turn | 300 sec total\n|\n|t:|1783561338\n|switch|p1a: Regigigas|Regigigas, L84|322/322\n|-start|p1a: Regigigas|ability: Slow Start\n|move|p2a: Manaphy|Hydro Pump|p1a: Regigigas\n|-damage|p1a: Regigigas|238/322\n|\n|-heal|p2a: Manaphy|25/100|[from] item: Leftovers\n|-heal|p1a: Regigigas|258/322|[from] item: Leftovers\n|upkeep\n|turn|20\n|inactive|Time left: 300 sec this turn | 300 sec total\n|\n|t:|1783561339\n|move|p2a: Manaphy|Tail Glow|p2a: Manaphy\n|-boost|p2a: Manaphy|spa|3\n|move|p1a: Regigigas|Body Slam|p2a: Manaphy\n|-damage|p2a: Manaphy|2/100\n|\n|-heal|p2a: Manaphy|8/100|[from] item: Leftovers\n|-heal|p1a: Regigigas|278/322|[from] item: Leftovers\n|upkeep\n|turn|21\n|inactive|Time left: 300 sec this turn | 300 sec total\n|\n|t:|1783561340\n|move|p1a: Regigigas|Protect|p1a: Regigigas\n|-singleturn|p1a: Regigigas|Protect\n|move|p2a: Manaphy|Hydro Pump|p1a: Regigigas\n|-activate|p1a: Regigigas|move: Protect\n|\n|-heal|p2a: Manaphy|14/100|[from] item: Leftovers\n|-heal|p1a: Regigigas|298/322|[from] item: Leftovers\n|upkeep\n|turn|22\n|inactive|Time left: 300 sec this turn | 300 sec total\n|\n|t:|1783561341\n|move|p2a: Manaphy|Hydro Pump|p1a: Regigigas\n|-damage|p1a: Regigigas|69/322\n|move|p1a: Regigigas|Knock Off|p2a: Manaphy\n|-crit|p2a: Manaphy\n|-damage|p2a: Manaphy|0 fnt\n|-enditem|p2a: Manaphy|Leftovers|[from] move: Knock Off|[of] p1a: Regigigas\n|faint|p2a: Manaphy\n|\n|-heal|p1a: Regigigas|89/322|[from] item: Leftovers\n|upkeep\n|\n|t:|1783561342\n|switch|p2a: Dudunsparce|Dudunsparce-Three-Segment, L83, F|100/100\n|turn|23\n|inactive|Time left: 300 sec this turn | 300 sec total\n|\n|t:|1783561343\n|move|p1a: Regigigas|Protect|p1a: Regigigas\n|-singleturn|p1a: Regigigas|Protect\n|move|p2a: Dudunsparce|Headbutt|p1a: Regigigas\n|-activate|p1a: Regigigas|move: Protect\n|\n|-heal|p1a: Regigigas|109/322|[from] item: Leftovers\n|upkeep\n|turn|24\n|inactive|Time left: 300 sec this turn | 300 sec total\n|\n|t:|1783561344\n|move|p2a: Dudunsparce|Headbutt|p1a: Regigigas\n|-damage|p1a: Regigigas|40/322\n|cant|p1a: Regigigas|flinch\n|\n|-heal|p1a: Regigigas|60/322|[from] item: Leftovers\n|-end|p1a: Regigigas|Slow Start\n|upkeep\n|turn|25\n|inactive|Time left: 300 sec this turn | 300 sec total\n|\n|t:|1783561345\n|move|p1a: Regigigas|Knock Off|p2a: Dudunsparce\n|-damage|p2a: Dudunsparce|65/100\n|-enditem|p2a: Dudunsparce|Leftovers|[from] move: Knock Off|[of] p1a: Regigigas\n|move|p2a: Dudunsparce|Earthquake|p1a: Regigigas\n|-damage|p1a: Regigigas|0 fnt\n|faint|p1a: Regigigas\n|-end|p1a: Regigigas|Slow Start|[silent]\n|\n|upkeep\n|inactive|Time left: 300 sec this turn | 300 sec total | 5 sec grace\n|\n|t:|1783561346\n|switch|p1a: Mesprit|Mesprit, L85|113/275\n|turn|26\n|inactive|Time left: 300 sec this turn | 300 sec total\n|\n|t:|1783561347\n|-terastallize|p1a: Mesprit|Electric\n|move|p1a: Mesprit|Psychic|p2a: Dudunsparce\n|-damage|p2a: Dudunsparce|17/100\n|move|p2a: Dudunsparce|Glare|p1a: Mesprit\n|-immune|p1a: Mesprit\n|\n|upkeep\n|turn|27\n|inactive|Time left: 300 sec this turn | 300 sec total\n|\n|t:|1783561348\n|move|p1a: Mesprit|Psychic|p2a: Dudunsparce\n|-crit|p2a: Dudunsparce\n|-damage|p2a: Dudunsparce|0 fnt\n|faint|p2a: Dudunsparce\n|\n|win|p0x184101ee", "uploadtime": 1783561348, "views": 0, "rating": 0, "private": 0, "password": null, "_winner": "p0x184101ee", "_our_name": "p0x184101ee"}