{"id": "battle-gen9randombattle-1903", "formatid": "gen9randombattle", "format": "[Gen 9] Random Battle", "players": ["p0x190310b1", "p0y19036ea4"], "log": "|init|battle\n|title|p0x190310b1 vs. p0y19036ea4\n|j|\u2606p0x190310b1\n|j|\u2606p0y19036ea4\n|t:|1783561264\n|gametype|singles\n|player|p1|p0x190310b1|169|\n|player|p2|p0y19036ea4|2|\n|gen|9\n|tier|[Gen 9] Random Battle\n|rule|Species Clause: Limit one of each Pok\u00e9mon\n|rule|HP Percentage Mod: HP is shown in percentages\n|rule|Sleep Clause Mod: Limit one foe put to sleep\n|rule|Illusion Level Mod: Illusion disguises the Pok\u00e9mon's true level\n|\n|t:|1783561264\n|teamsize|p1|6\n|teamsize|p2|6\n|start\n|switch|p1a: Luvdisc|Luvdisc, M|100/100\n|switch|p2a: Slowbro|Slowbro, L85, F|300/300\n|turn|1\n|inactive|Battle timer is ON: inactive players will automatically lose when time's up. (requested by p0y19036ea4)\n|inactive|p0x190310b1 also wants the timer to be on.\n|\n|t:|1783561265\n|switch|p1a: Clefable|Clefable, L83, F|100/100\n|move|p2a: Slowbro|Scald|p1a: Clefable\n|-damage|p1a: Clefable|70/100\n|\n|upkeep\n|turn|2\n|inactive|Time left: 300 sec this turn | 300 sec total\n|\n|t:|1783561267\n|move|p1a: Clefable|Stealth Rock|p2a: Slowbro\n|-sidestart|p2: p0y19036ea4|move: Stealth Rock\n|move|p2a: Slowbro|Psychic Noise|p1a: Clefable\n|-damage|p1a: Clefable|40/100\n|-start|p1a: Clefable|move: Heal Block\n|\n|upkeep\n|turn|3\n|inactive|Time left: 300 sec this turn | 300 sec total\n|\n|t:|1783561268\n|move|p1a: Clefable|Moonblast|p2a: Slowbro\n|-damage|p2a: Slowbro|166/300\n|-unboost|p2a: Slowbro|spa|1\n|move|p2a: Slowbro|Scald|p1a: Clefable\n|-crit|p1a: Clefable\n|-damage|p1a: Clefable|0 fnt\n|faint|p1a: Clefable\n|\n|-heal|p2a: Slowbro|184/300|[from] item: Leftovers\n|upkeep\n|\n|t:|1783561269\n|switch|p1a: Raging Bolt|Raging Bolt, L78|100/100\n|turn|4\n|inactive|Time left: 300 sec this turn | 300 sec total\n|\n|t:|1783561270\n|switch|p2a: Dudunsparce|Dudunsparce, L83, F|343/343\n|-damage|p2a: Dudunsparce|301/343|[from] Stealth Rock\n|move|p1a: Raging Bolt|Thunderbolt|p2a: Dudunsparce\n|-damage|p2a: Dudunsparce|171/343\n|\n|-heal|p2a: Dudunsparce|192/343|[from] item: Leftovers\n|upkeep\n|turn|5\n|inactive|Time left: 300 sec this turn | 300 sec total\n|\n|t:|1783561272\n|move|p1a: Raging Bolt|Calm Mind|p1a: Raging Bolt\n|-boost|p1a: Raging Bolt|spa|1\n|-boost|p1a: Raging Bolt|spd|1\n|move|p2a: Dudunsparce|Roost|p2a: Dudunsparce\n|-heal|p2a: Dudunsparce|343/343\n|-singleturn|p2a: Dudunsparce|move: Roost\n|\n|upkeep\n|turn|6\n|inactive|Time left: 300 sec this turn | 300 sec total\n|\n|t:|1783561273\n|move|p1a: Raging Bolt|Calm Mind|p1a: Raging Bolt\n|-boost|p1a: Raging Bolt|spa|1\n|-boost|p1a: Raging Bolt|spd|1\n|move|p2a: Dudunsparce|Earthquake|p1a: Raging Bolt\n|-supereffective|p1a: Raging Bolt\n|-damage|p1a: Raging Bolt|58/100\n|\n|-heal|p1a: Raging Bolt|64/100|[from] item: Leftovers\n|upkeep\n|turn|7\n|inactive|Time left: 300 sec this turn | 300 sec total\n|\n|t:|1783561274\n|move|p1a: Raging Bolt|Draco Meteor|p2a: Dudunsparce\n|-damage|p2a: Dudunsparce|4/343\n|-unboost|p1a: Raging Bolt|spa|2\n|move|p2a: Dudunsparce|Earthquake|p1a: Raging Bolt\n|-supereffective|p1a: Raging Bolt\n|-damage|p1a: Raging Bolt|21/100\n|\n|-heal|p1a: Raging Bolt|27/100|[from] item: Leftovers\n|-heal|p2a: Dudunsparce|25/343|[from] item: Leftovers\n|upkeep\n|turn|8\n|inactive|Time left: 300 sec this turn | 300 sec total\n|\n|t:|1783561275\n|move|p1a: Raging Bolt|Thunderbolt|p2a: Dudunsparce\n|-damage|p2a: Dudunsparce|0 fnt\n|faint|p2a: Dudunsparce\n|\n|-heal|p1a: Raging Bolt|33/100|[from] item: Leftovers\n|upkeep\n|inactive|Time left: 300 sec this turn | 300 sec total | 5 sec grace\n|\n|t:|1783561276\n|switch|p2a: Gallade|Gallade, L80, M|240/240\n|-damage|p2a: Gallade|225/240|[from] Stealth Rock\n|turn|9\n|inactive|Time left: 300 sec this turn | 300 sec total\n|\n|t:|1783561277\n|-end|p1a: Raging Bolt|Protosynthesis|[silent]\n|switch|p1a: Granbull|Granbull, L88, M|100/100\n|-ability|p1a: Granbull|Intimidate|boost\n|-unboost|p2a: Gallade|atk|1\n|move|p2a: Gallade|Psycho Cut|p1a: Granbull\n|-damage|p1a: Granbull|60/100\n|-damage|p2a: Gallade|201/240|[from] item: Life Orb\n|\n|-heal|p1a: Granbull|66/100|[from] item: Leftovers\n|upkeep\n|turn|10\n|inactive|Time left: 300 sec this turn | 300 sec total\n|\n|t:|1783561278\n|switch|p2a: Slowbro|Slowbro, L85, F|284/300\n|-damage|p2a: Slowbro|247/300|[from] Stealth Rock\n|move|p1a: Granbull|Play Rough|p2a: Slowbro\n|-damage|p2a: Slowbro|151/300\n|\n|-heal|p1a: Granbull|72/100|[from] item: Leftovers\n|-heal|p2a: Slowbro|169/300|[from] item: Leftovers\n|upkeep\n|turn|11\n|inactive|Time left: 300 sec this turn | 300 sec total\n|\n|t:|1783561279\n|move|p1a: Granbull|Play Rough|p2a: Slowbro\n|-damage|p2a: Slowbro|57/300\n|move|p2a: Slowbro|Scald|p1a: Granbull\n|-damage|p1a: Granbull|37/100\n|\n|-heal|p1a: Granbull|43/100|[from] item: Leftovers\n|-heal|p2a: Slowbro|75/300|[from] item: Leftovers\n|upkeep\n|turn|12\n|inactive|Time left: 300 sec this turn | 300 sec total\n|\n|t:|1783561280\n|switch|p2a: Volcarona|Volcarona, L77, F|257/257\n|move|p1a: Granbull|Play Rough|p2a: Volcarona\n|-resisted|p2a: Volcarona\n|-damage|p2a: Volcarona|169/257\n|-status|p1a: Granbull|brn|[from] ability: Flame Body|[of] p2a: Volcarona\n|\n|-heal|p1a: Granbull|49/100 brn|[from] item: Leftovers\n|-damage|p1a: Granbull|43/100 brn|[from] brn\n|upkeep\n|turn|13\n|inactive|Time left: 300 sec this turn | 300 sec total\n|\n|t:|1783561281\n|move|p2a: Volcarona|Quiver Dance|p2a: Volcarona\n|-boost|p2a: Volcarona|spa|1\n|-boost|p2a: Volcarona|spd|1\n|-boost|p2a: Volcarona|spe|1\n|move|p1a: Granbull|Roar|p2a: Volcarona\n|drag|p2a: Eiscue|Eiscue, L88, M|274/274\n|-damage|p2a: Eiscue|206/274|[from] Stealth Rock\n|\n|-heal|p1a: Granbull|49/100 brn|[from] item: Leftovers\n|-damage|p1a: Granbull|43/100 brn|[from] brn\n|upkeep\n|turn|14\n|inactive|Time left: 300 sec this turn | 300 sec total\n|\n|t:|1783561282\n|move|p2a: Eiscue|Ice Spinner|p1a: Granbull\n|-damage|p1a: Granbull|16/100 brn\n|move|p1a: Granbull|Thunder Wave|p2a: Eiscue\n|-status|p2a: Eiscue|par\n|\n|-heal|p1a: Granbull|22/100 brn|[from] item: Leftovers\n|-damage|p1a: Granbull|16/100 brn|[from] brn\n|upkeep\n|turn|15\n|inactive|Time left: 300 sec this turn | 300 sec total\n|\n|t:|1783561283\n|switch|p1a: Raging Bolt|Raging Bolt, L78|33/100\n|move|p2a: Eiscue|Ice Spinner|p1a: Raging Bolt\n|-supereffective|p1a: Raging Bolt\n|-damage|p1a: Raging Bolt|0 fnt\n|faint|p1a: Raging Bolt\n|-end|p1a: Raging Bolt|Protosynthesis|[silent]\n|\n|upkeep\n|\n|t:|1783561284\n|switch|p1a: Hydrapple|Hydrapple, L83, F|100/100\n|turn|16\n|inactive|Time left: 300 sec this turn | 300 sec total\n|\n|t:|1783561285\n|move|p1a: Hydrapple|Fickle Beam|p2a: Eiscue|[anim] Fickle Beam All Out\n|-activate|p1a: Hydrapple|move: Fickle Beam\n|-damage|p2a: Eiscue|28/274 par\n|-enditem|p2a: Eiscue|Sitrus Berry|[eat]\n|-heal|p2a: Eiscue|96/274 par|[from] item: Sitrus Berry\n|move|p2a: Eiscue|Ice Spinner|p1a: Hydrapple\n|-supereffective|p1a: Hydrapple\n|-damage|p1a: Hydrapple|16/100\n|\n|upkeep\n|turn|17\n|inactive|Time left: 300 sec this turn | 300 sec total\n|\n|t:|1783561286\n|move|p1a: Hydrapple|Fickle Beam|p2a: Eiscue\n|-damage|p2a: Eiscue|11/274 par\n|cant|p2a: Eiscue|par\n|\n|upkeep\n|turn|18\n|inactive|Time left: 300 sec this turn | 300 sec total\n|\n|t:|1783561287\n|move|p1a: Hydrapple|Fickle Beam|p2a: Eiscue\n|-damage|p2a: Eiscue|0 fnt\n|faint|p2a: Eiscue\n|\n|upkeep\n|inactive|Time left: 300 sec this turn | 300 sec total | 5 sec grace\n|\n|t:|1783561287\n|switch|p2a: Volcarona|Volcarona, L77, F|169/257\n|turn|19\n|inactive|Time left: 300 sec this turn | 300 sec total\n|\n|t:|1783561288\n|switch|p1a: Granbull|Granbull, L88, M|16/100 brn\n|-ability|p1a: Granbull|Intimidate|boost\n|-unboost|p2a: Volcarona|atk|1\n|move|p2a: Volcarona|Quiver Dance|p2a: Volcarona\n|-boost|p2a: Volcarona|spa|1\n|-boost|p2a: Volcarona|spd|1\n|-boost|p2a: Volcarona|spe|1\n|\n|-heal|p1a: Granbull|22/100 brn|[from] item: Leftovers\n|-damage|p1a: Granbull|16/100 brn|[from] brn\n|upkeep\n|turn|20\n|inactive|Time left: 300 sec this turn | 300 sec total\n|\n|t:|1783561289\n|move|p2a: Volcarona|Giga Drain|p1a: Granbull\n|-damage|p1a: Granbull|0 fnt\n|-heal|p2a: Volcarona|193/257|[from] drain|[of] p1a: Granbull\n|faint|p1a: Granbull\n|\n|upkeep\n|\n|t:|1783561289\n|switch|p1a: Hydrapple|Hydrapple, L83, F|49/100\n|turn|21\n|inactive|Time left: 300 sec this turn | 300 sec total\n|\n|t:|1783561290\n|move|p2a: Volcarona|Fire Blast|p1a: Hydrapple\n|-damage|p1a: Hydrapple|7/100\n|move|p1a: Hydrapple|Dragon Tail|p2a: Volcarona\n|-damage|p2a: Volcarona|115/257\n|drag|p2a: Gallade|Gallade, L80, M|201/240\n|-damage|p2a: Gallade|186/240|[from] Stealth Rock\n|\n|upkeep\n|turn|22\n|inactive|Time left: 300 sec this turn | 300 sec total\n|\n|t:|1783561291\n|move|p2a: Gallade|Sacred Sword|p1a: Hydrapple\n|-damage|p1a: Hydrapple|0 fnt\n|faint|p1a: Hydrapple\n|-damage|p2a: Gallade|162/240|[from] item: Life Orb\n|\n|upkeep\n|\n|t:|1783561291\n|switch|p1a: Pawmot|Pawmot, L80, F|100/100\n|turn|23\n|inactive|Time left: 300 sec this turn | 300 sec total\n|\n|t:|1783561292\n|switch|p2a: Volcarona|Volcarona, L77, F|115/257\n|move|p1a: Pawmot|Double Shock|p2a: Volcarona\n|-damage|p2a: Volcarona|0 fnt\n|-start|p1a: Pawmot|typechange|???/Fighting|[from] move: Double Shock\n|faint|p2a: Volcarona\n|-damage|p1a: Pawmot|91/100|[from] item: Life Orb\n|\n|upkeep\n|inactive|Time left: 300 sec this turn | 300 sec total | 5 sec grace\n|\n|t:|1783561293\n|switch|p2a: Kleavor|Kleavor, L78, F|237/237\n|turn|24\n|inactive|Time left: 300 sec this turn | 300 sec total\n|\n|t:|1783561294\n|move|p1a: Pawmot|Ice Punch|p2a: Kleavor\n|-damage|p2a: Kleavor|146/237\n|-status|p2a: Kleavor|frz\n|-damage|p1a: Pawmot|81/100|[from] item: Life Orb\n|cant|p2a: Kleavor|frz\n|\n|upkeep\n|turn|25\n|inactive|Time left: 300 sec this turn | 300 sec total\n|\n|t:|1783561295\n|-terastallize|p1a: Pawmot|Electric\n|move|p1a: Pawmot|Double Shock|p2a: Kleavor\n|-damage|p2a: Kleavor|0 fnt\n|-start|p1a: Pawmot|typechange|Electric|[from] move: Double Shock\n|faint|p2a: Kleavor\n|-damage|p1a: Pawmot|71/100|[from] item: Life Orb\n|\n|upkeep\n|inactive|Time left: 300 sec this turn | 300 sec total | 5 sec grace\n|\n|t:|1783561296\n|switch|p2a: Slowbro|Slowbro, L85, F|175/300\n|-damage|p2a: Slowbro|138/300|[from] Stealth Rock\n|turn|26\n|inactive|Time left: 300 sec this turn | 300 sec total\n|\n|t:|1783561297\n|switch|p2a: Gallade|Gallade, L80, M|162/240\n|-damage|p2a: Gallade|147/240|[from] Stealth Rock\n|move|p1a: Pawmot|Double Shock|p2a: Gallade\n|-damage|p2a: Gallade|0 fnt\n|-start|p1a: Pawmot|typechange|Electric|[from] move: Double Shock\n|faint|p2a: Gallade\n|-damage|p1a: Pawmot|61/100|[from] item: Life Orb\n|\n|upkeep\n|inactive|Time left: 300 sec this turn | 300 sec total | 5 sec grace\n|\n|t:|1783561297\n|switch|p2a: Slowbro|Slowbro, L85, F|238/300\n|-damage|p2a: Slowbro|201/300|[from] Stealth Rock\n|turn|27\n|inactive|Time left: 300 sec this turn | 300 sec total\n|\n|t:|1783561298\n|-terastallize|p2a: Slowbro|Fairy\n|move|p1a: Pawmot|Double Shock|p2a: Slowbro\n|-damage|p2a: Slowbro|55/300\n|-start|p1a: Pawmot|typechange|Electric|[from] move: Double Shock\n|-damage|p1a: Pawmot|51/100|[from] item: Life Orb\n|move|p2a: Slowbro|Slack Off|p2a: Slowbro\n|-heal|p2a: Slowbro|205/300\n|\n|-heal|p2a: Slowbro|223/300|[from] item: Leftovers\n|upkeep\n|turn|28\n|inactive|Time left: 300 sec this turn | 300 sec total\n|\n|t:|1783561300\n|move|p1a: Pawmot|Double Shock|p2a: Slowbro\n|-damage|p2a: Slowbro|75/300\n|-start|p1a: Pawmot|typechange|Electric|[from] move: Double Shock\n|-damage|p1a: Pawmot|41/100|[from] item: Life Orb\n|move|p2a: Slowbro|Slack Off|p2a: Slowbro\n|-heal|p2a: Slowbro|225/300\n|\n|-heal|p2a: Slowbro|243/300|[from] item: Leftovers\n|upkeep\n|turn|29\n|inactive|Time left: 300 sec this turn | 300 sec total\n|\n|t:|1783561301\n|move|p1a: Pawmot|Double Shock|p2a: Slowbro\n|-damage|p2a: Slowbro|103/300\n|-start|p1a: Pawmot|typechange|Electric|[from] move: Double Shock\n|-damage|p1a: Pawmot|31/100|[from] item: Life Orb\n|move|p2a: Slowbro|Slack Off|p2a: Slowbro\n|-heal|p2a: Slowbro|253/300\n|\n|-heal|p2a: Slowbro|271/300|[from] item: Leftovers\n|upkeep\n|turn|30\n|inactive|Time left: 300 sec this turn | 300 sec total\n|\n|t:|1783561302\n|move|p1a: Pawmot|Double Shock|p2a: Slowbro\n|-damage|p2a: Slowbro|137/300\n|-start|p1a: Pawmot|typechange|Electric|[from] move: Double Shock\n|-damage|p1a: Pawmot|21/100|[from] item: Life Orb\n|move|p2a: Slowbro|Scald|p1a: Pawmot\n|-damage|p1a: Pawmot|0 fnt\n|faint|p1a: Pawmot\n|\n|-heal|p2a: Slowbro|155/300|[from] item: Leftovers\n|upkeep\n|\n|t:|1783561303\n|switch|p1a: Luvdisc|Luvdisc, M|100/100\n|turn|31\n|inactive|Time left: 300 sec this turn | 300 sec total\n|\n|t:|1783561304\n|move|p1a: Luvdisc|Whirlpool|p2a: Slowbro\n|-damage|p2a: Slowbro|125/300\n|-activate|p2a: Slowbro|move: Whirlpool|[of] p1a: Luvdisc\n|move|p2a: Slowbro|Slack Off|p2a: Slowbro\n|-heal|p2a: Slowbro|275/300\n|\n|-heal|p2a: Slowbro|293/300|[from] item: Leftovers\n|-damage|p2a: Slowbro|256/300|[from] move: Whirlpool|[partiallytrapped]\n|upkeep\n|turn|32\n|inactive|Time left: 300 sec this turn | 300 sec total\n|\n|t:|1783561305\n|move|p1a: Luvdisc|Substitute|p1a: Luvdisc\n|-start|p1a: Luvdisc|Substitute\n|-damage|p1a: Luvdisc|76/100\n|move|p2a: Slowbro|Scald|p1a: Luvdisc\n|-resisted|p1a: Luvdisc\n|-activate|p1a: Luvdisc|move: Substitute|[damage]\n|\n|-heal|p2a: Slowbro|274/300|[from] item: Leftovers\n|-damage|p2a: Slowbro|237/300|[from] move: Whirlpool|[partiallytrapped]\n|upkeep\n|turn|33\n|inactive|Time left: 300 sec this turn | 300 sec total\n|\n|t:|1783561306\n|move|p1a: Luvdisc|Surf|p2a: Slowbro\n|-crit|p2a: Slowbro\n|-damage|p2a: Slowbro|119/300\n|move|p2a: Slowbro|Slack Off|p2a: Slowbro\n|-heal|p2a: Slowbro|269/300\n|\n|-heal|p2a: Slowbro|287/300|[from] item: Leftovers\n|-damage|p2a: Slowbro|250/300|[from] move: Whirlpool|[partiallytrapped]\n|upkeep\n|turn|34\n|inactive|Time left: 300 sec this turn | 300 sec total\n|\n|t:|1783561307\n|move|p1a: Luvdisc|Endeavor|p2a: Slowbro\n|-damage|p2a: Slowbro|186/300\n|move|p2a: Slowbro|Scald|p1a: Luvdisc\n|-resisted|p1a: Luvdisc\n|-end|p1a: Luvdisc|Substitute\n|\n|-heal|p2a: Slowbro|204/300|[from] item: Leftovers\n|-damage|p2a: Slowbro|167/300|[from] move: Whirlpool|[partiallytrapped]\n|upkeep\n|turn|35\n|inactive|Time left: 300 sec this turn | 300 sec total\n|\n|t:|1783561308\n|move|p1a: Luvdisc|Surf|p2a: Slowbro\n|-damage|p2a: Slowbro|85/300\n|move|p2a: Slowbro|Slack Off|p2a: Slowbro\n|-heal|p2a: Slowbro|235/300\n|\n|-heal|p2a: Slowbro|253/300|[from] item: Leftovers\n|-end|p2a: Slowbro|Whirlpool|[partiallytrapped]\n|upkeep\n|turn|36\n|inactive|Time left: 300 sec this turn | 300 sec total\n|\n|t:|1783561310\n|move|p1a: Luvdisc|Whirlpool|p2a: Slowbro\n|-damage|p2a: Slowbro|223/300\n|-activate|p2a: Slowbro|move: Whirlpool|[of] p1a: Luvdisc\n|move|p2a: Slowbro|Scald|p1a: Luvdisc\n|-resisted|p1a: Luvdisc\n|-damage|p1a: Luvdisc|58/100\n|-status|p1a: Luvdisc|brn\n|\n|-heal|p2a: Slowbro|241/300|[from] item: Leftovers\n|-damage|p1a: Luvdisc|52/100 brn|[from] brn\n|-damage|p2a: Slowbro|204/300|[from] move: Whirlpool|[partiallytrapped]\n|upkeep\n|turn|37\n|inactive|Time left: 300 sec this turn | 300 sec total\n|\n|t:|1783561311\n|move|p1a: Luvdisc|Surf|p2a: Slowbro\n|-damage|p2a: Slowbro|126/300\n|move|p2a: Slowbro|Psychic Noise|p1a: Luvdisc\n|-crit|p1a: Luvdisc\n|-damage|p1a: Luvdisc|0 fnt\n|faint|p1a: Luvdisc\n|\n|win|p0y19036ea4", "uploadtime": 1783561311, "views": 0, "rating": 0, "private": 0, "password": null, "_winner": "p0y19036ea4", "_our_name": "p0y19036ea4"}