{"id": "battle-gen9randombattle-2692", "formatid": "gen9randombattle", "format": "[Gen 9] Random Battle", "players": ["p0x2692a8be", "p0y269275cd"], "log": "|init|battle\n|title|p0x2692a8be vs. p0y269275cd\n|j|\u2606p0x2692a8be\n|j|\u2606p0y269275cd\n|t:|1783570059\n|gametype|singles\n|player|p1|p0x2692a8be|170|\n|player|p2|p0y269275cd|2|\n|gen|9\n|tier|[Gen 9] Random Battle\n|rule|Species Clause: Limit one of each Pok\u00e9mon\n|rule|HP Percentage Mod: HP is shown in percentages\n|rule|Sleep Clause Mod: Limit one foe put to sleep\n|rule|Illusion Level Mod: Illusion disguises the Pok\u00e9mon's true level\n|\n|t:|1783570059\n|teamsize|p1|6\n|teamsize|p2|6\n|start\n|switch|p1a: Typhlosion|Typhlosion, L84, M|267/267\n|switch|p2a: Iron Valiant|Iron Valiant, L78|100/100\n|turn|1\n|inactive|Battle timer is ON: inactive players will automatically lose when time's up. (requested by p0y269275cd)\n|inactive|Time left: 300 sec this turn | 300 sec total | 60 sec grace\n|inactive|p0x2692a8be also wants the timer to be on.\n|\n|t:|1783570061\n|move|p2a: Iron Valiant|Close Combat|p1a: Typhlosion\n|-damage|p1a: Typhlosion|63/267\n|-unboost|p2a: Iron Valiant|def|1\n|-unboost|p2a: Iron Valiant|spd|1\n|-damage|p2a: Iron Valiant|91/100|[from] item: Life Orb\n|move|p1a: Typhlosion|Eruption|p2a: Iron Valiant\n|-damage|p2a: Iron Valiant|17/100\n|\n|upkeep\n|turn|2\n|inactive|Time left: 300 sec this turn | 300 sec total\n|\n|t:|1783570062\n|switch|p1a: Tornadus|Tornadus-Therian, L79, M|254/254\n|move|p2a: Iron Valiant|Moonblast|p1a: Tornadus\n|-damage|p1a: Tornadus|116/254\n|-damage|p2a: Iron Valiant|7/100|[from] item: Life Orb\n|\n|upkeep\n|turn|3\n|inactive|Time left: 300 sec this turn | 300 sec total\n|\n|t:|1783570063\n|-end|p2a: Iron Valiant|Quark Drive|[silent]\n|switch|p2a: Flygon|Flygon, L82, M|100/100\n|move|p1a: Tornadus|U-turn|p2a: Flygon\n|-damage|p2a: Flygon|81/100\n|inactive|Time left: 300 sec this turn | 300 sec total | 5 sec grace\n|\n|t:|1783570064\n|switch|p1a: Feraligatr|Feraligatr, L79, M|264/264|[from] U-turn\n|\n|upkeep\n|turn|4\n|inactive|Time left: 300 sec this turn | 300 sec total\n|\n|t:|1783570065\n|move|p2a: Flygon|Outrage|p1a: Feraligatr\n|-damage|p1a: Feraligatr|140/264\n|move|p1a: Feraligatr|Ice Punch|p2a: Flygon\n|-supereffective|p2a: Flygon\n|-damage|p2a: Flygon|0 fnt\n|faint|p2a: Flygon\n|\n|upkeep\n|\n|t:|1783570066\n|switch|p2a: Toxicroak|Toxicroak, L84, F|100/100\n|turn|5\n|inactive|Time left: 300 sec this turn | 300 sec total\n|\n|t:|1783570067\n|move|p2a: Toxicroak|Gunk Shot|p1a: Feraligatr\n|-crit|p1a: Feraligatr\n|-damage|p1a: Feraligatr|0 fnt\n|faint|p1a: Feraligatr\n|\n|upkeep\n|inactive|Time left: 300 sec this turn | 300 sec total | 5 sec grace\n|\n|t:|1783570068\n|switch|p1a: Typhlosion|Typhlosion, L84, M|63/267\n|turn|6\n|inactive|Time left: 300 sec this turn | 300 sec total\n|\n|t:|1783570069\n|switch|p2a: Garganacl|Garganacl, L80, M|100/100\n|move|p1a: Typhlosion|Fire Blast|p2a: Garganacl\n|-resisted|p2a: Garganacl\n|-damage|p2a: Garganacl|53/100\n|\n|-heal|p2a: Garganacl|59/100|[from] item: Leftovers\n|upkeep\n|turn|7\n|inactive|Time left: 300 sec this turn | 300 sec total\n|\n|t:|1783570070\n|move|p1a: Typhlosion|Fire Blast|p2a: Garganacl|[miss]\n|-miss|p1a: Typhlosion|p2a: Garganacl\n|move|p2a: Garganacl|Salt Cure|p1a: Typhlosion\n|-supereffective|p1a: Typhlosion\n|-damage|p1a: Typhlosion|0 fnt\n|faint|p1a: Typhlosion\n|\n|-heal|p2a: Garganacl|65/100|[from] item: Leftovers\n|upkeep\n|inactive|Time left: 300 sec this turn | 300 sec total | 5 sec grace\n|\n|t:|1783570070\n|switch|p1a: Tornadus|Tornadus-Therian, L79, M|200/254\n|turn|8\n|inactive|Time left: 300 sec this turn | 300 sec total\n|\n|t:|1783570071\n|move|p1a: Tornadus|Focus Blast|p2a: Garganacl\n|-supereffective|p2a: Garganacl\n|-damage|p2a: Garganacl|0 fnt\n|faint|p2a: Garganacl\n|\n|upkeep\n|\n|t:|1783570072\n|switch|p2a: Toxicroak|Toxicroak, L84, F|100/100\n|turn|9\n|inactive|Time left: 300 sec this turn | 300 sec total\n|\n|t:|1783570073\n|move|p1a: Tornadus|Focus Blast|p2a: Toxicroak|[miss]\n|-miss|p1a: Tornadus|p2a: Toxicroak\n|move|p2a: Toxicroak|Gunk Shot|p1a: Tornadus\n|-damage|p1a: Tornadus|0 fnt\n|faint|p1a: Tornadus\n|\n|upkeep\n|inactive|Time left: 300 sec this turn | 300 sec total | 5 sec grace\n|\n|t:|1783570074\n|switch|p1a: Camerupt|Camerupt, L91, F|275/275\n|turn|10\n|inactive|Time left: 300 sec this turn | 300 sec total\n|\n|t:|1783570075\n|switch|p2a: Iron Valiant|Iron Valiant, L78|7/100\n|move|p1a: Camerupt|Earthquake|p2a: Iron Valiant\n|-damage|p2a: Iron Valiant|0 fnt\n|faint|p2a: Iron Valiant\n|-end|p2a: Iron Valiant|Quark Drive|[silent]\n|\n|upkeep\n|\n|t:|1783570076\n|switch|p2a: Eiscue|Eiscue, L88, M|100/100\n|turn|11\n|inactive|Time left: 300 sec this turn | 300 sec total\n|\n|t:|1783570077\n|move|p2a: Eiscue|Liquidation|p1a: Camerupt\n|-supereffective|p1a: Camerupt\n|-damage|p1a: Camerupt|80/275\n|move|p1a: Camerupt|Overheat|p2a: Eiscue\n|-supereffective|p2a: Eiscue\n|-damage|p2a: Eiscue|0 fnt\n|-unboost|p1a: Camerupt|spa|2\n|faint|p2a: Eiscue\n|\n|-heal|p1a: Camerupt|97/275|[from] item: Leftovers\n|upkeep\n|\n|t:|1783570078\n|switch|p2a: Toxicroak|Toxicroak, L84, F|100/100\n|turn|12\n|inactive|Time left: 300 sec this turn | 300 sec total\n|\n|t:|1783570078\n|switch|p1a: Quaquaval|Quaquaval, L79, F|264/264\n|move|p2a: Toxicroak|Knock Off|p1a: Quaquaval\n|-resisted|p1a: Quaquaval\n|-damage|p1a: Quaquaval|200/264\n|-enditem|p1a: Quaquaval|Leftovers|[from] move: Knock Off|[of] p2a: Toxicroak\n|\n|upkeep\n|turn|13\n|inactive|Time left: 300 sec this turn | 300 sec total\n|\n|t:|1783570080\n|move|p2a: Toxicroak|Knock Off|p1a: Quaquaval\n|-resisted|p1a: Quaquaval\n|-damage|p1a: Quaquaval|162/264\n|move|p1a: Quaquaval|Swords Dance|p1a: Quaquaval\n|-boost|p1a: Quaquaval|atk|2\n|\n|upkeep\n|turn|14\n|inactive|Time left: 300 sec this turn | 300 sec total\n|\n|t:|1783570081\n|move|p2a: Toxicroak|Knock Off|p1a: Quaquaval\n|-resisted|p1a: Quaquaval\n|-damage|p1a: Quaquaval|122/264\n|move|p1a: Quaquaval|Close Combat|p2a: Toxicroak\n|-resisted|p2a: Toxicroak\n|-damage|p2a: Toxicroak|36/100\n|-unboost|p1a: Quaquaval|def|1\n|-unboost|p1a: Quaquaval|spd|1\n|\n|upkeep\n|turn|15\n|inactive|Time left: 300 sec this turn | 300 sec total\n|\n|t:|1783570082\n|move|p2a: Toxicroak|Knock Off|p1a: Quaquaval\n|-resisted|p1a: Quaquaval\n|-damage|p1a: Quaquaval|57/264\n|move|p1a: Quaquaval|Close Combat|p2a: Toxicroak\n|-resisted|p2a: Toxicroak\n|-damage|p2a: Toxicroak|0 fnt\n|-unboost|p1a: Quaquaval|def|1\n|-unboost|p1a: Quaquaval|spd|1\n|faint|p2a: Toxicroak\n|-ability|p1a: Quaquaval|Moxie|boost\n|-boost|p1a: Quaquaval|atk|1\n|\n|upkeep\n|\n|t:|1783570083\n|switch|p2a: Shiftry|Shiftry, L89, M|100/100\n|turn|16\n|inactive|Time left: 300 sec this turn | 300 sec total\n|\n|t:|1783570084\n|move|p2a: Shiftry|Knock Off|p1a: Quaquaval\n|-resisted|p1a: Quaquaval\n|-damage|p1a: Quaquaval|0 fnt\n|faint|p1a: Quaquaval\n|-damage|p2a: Shiftry|91/100|[from] item: Life Orb\n|\n|upkeep\n|inactive|Time left: 300 sec this turn | 300 sec total | 5 sec grace\n|\n|t:|1783570085\n|switch|p1a: Latias|Latias, L79, F|256/256\n|turn|17\n|inactive|Time left: 300 sec this turn | 300 sec total\n|\n|t:|1783570085\n|-terastallize|p1a: Latias|Steel\n|move|p1a: Latias|Calm Mind|p1a: Latias\n|-boost|p1a: Latias|spa|1\n|-boost|p1a: Latias|spd|1\n|move|p2a: Shiftry|Knock Off|p1a: Latias\n|-damage|p1a: Latias|84/256\n|-enditem|p1a: Latias|Soul Dew|[from] move: Knock Off|[of] p2a: Shiftry\n|-damage|p2a: Shiftry|81/100|[from] item: Life Orb\n|\n|upkeep\n|turn|18\n|inactive|Time left: 300 sec this turn | 300 sec total\n|\n|t:|1783570086\n|move|p1a: Latias|Draco Meteor|p2a: Shiftry\n|-damage|p2a: Shiftry|0 fnt\n|-unboost|p1a: Latias|spa|2\n|faint|p2a: Shiftry\n|\n|win|p0x2692a8be", "uploadtime": 1783570086, "views": 0, "rating": 0, "private": 0, "password": null, "_winner": "p0x2692a8be", "_our_name": "p0x2692a8be"}