{"id": "battle-gen9randombattle-432", "formatid": "gen9randombattle", "format": "[Gen 9] Random Battle", "players": ["p0x4324988", "p0y4322ed8"], "log": "|init|battle\n|title|p0x4324988 vs. p0y4322ed8\n|j|\u2606p0x4324988\n|j|\u2606p0y4322ed8\n|t:|1783544057\n|gametype|singles\n|player|p1|p0x4324988|102|\n|player|p2|p0y4322ed8|266|\n|gen|9\n|tier|[Gen 9] Random Battle\n|rule|Species Clause: Limit one of each Pok\u00e9mon\n|rule|HP Percentage Mod: HP is shown in percentages\n|rule|Sleep Clause Mod: Limit one foe put to sleep\n|rule|Illusion Level Mod: Illusion disguises the Pok\u00e9mon's true level\n|\n|t:|1783544057\n|teamsize|p1|6\n|teamsize|p2|6\n|start\n|switch|p1a: Swanna|Swanna, L89, F|278/278\n|switch|p2a: Ogerpon|Ogerpon-Hearthflame, L74, F|100/100\n|-ability|p2a: Ogerpon|Mold Breaker\n|turn|1\n|inactive|Battle timer is ON: inactive players will automatically lose when time's up. (requested by p0y4322ed8)\n|inactive|Time left: 300 sec this turn | 300 sec total | 60 sec grace\n|inactive|p0x4324988 also wants the timer to be on.\n|\n|t:|1783544059\n|switch|p2a: Lapras|Lapras, L87, M|100/100\n|move|p1a: Swanna|Brave Bird|p2a: Lapras\n|-damage|p2a: Lapras|61/100\n|-damage|p1a: Swanna|229/278|[from] Recoil\n|\n|upkeep\n|turn|2\n|inactive|Time left: 300 sec this turn | 300 sec total\n|\n|t:|1783544060\n|switch|p1a: Perrserker|Perrserker, L89, F|269/269\n|move|p2a: Lapras|Freeze-Dry|p1a: Perrserker\n|-resisted|p1a: Perrserker\n|-damage|p1a: Perrserker|223/269\n|\n|upkeep\n|turn|3\n|inactive|Time left: 300 sec this turn | 300 sec total\n|\n|t:|1783544061\n|move|p2a: Lapras|Sparkling Aria|p1a: Perrserker\n|-damage|p1a: Perrserker|106/269\n|move|p1a: Perrserker|Iron Head|p2a: Lapras\n|-damage|p2a: Lapras|10/100\n|-damage|p1a: Perrserker|80/269|[from] item: Life Orb\n|\n|upkeep\n|turn|4\n|inactive|Time left: 300 sec this turn | 300 sec total\n|\n|t:|1783544063\n|switch|p1a: Dragalge|Dragalge, L88, M|258/258\n|move|p2a: Lapras|Sparkling Aria|p1a: Dragalge\n|-resisted|p1a: Dragalge\n|-damage|p1a: Dragalge|234/258\n|\n|upkeep\n|turn|5\n|inactive|Time left: 300 sec this turn | 300 sec total\n|\n|t:|1783544064\n|move|p2a: Lapras|Rest|p2a: Lapras\n|-status|p2a: Lapras|slp|[from] move: Rest\n|-heal|p2a: Lapras|100/100 slp|[silent]\n|move|p1a: Dragalge|Sludge Wave|p2a: Lapras\n|-damage|p2a: Lapras|62/100 slp\n|\n|upkeep\n|turn|6\n|inactive|Time left: 300 sec this turn | 300 sec total\n|\n|t:|1783544065\n|switch|p2a: Gengar|Gengar, L81, M|100/100\n|move|p1a: Dragalge|Sludge Wave|p2a: Gengar\n|-resisted|p2a: Gengar\n|-damage|p2a: Gengar|81/100\n|-start|p1a: Dragalge|Disable|Sludge Wave|[from] ability: Cursed Body|[of] p2a: Gengar\n|\n|upkeep\n|turn|7\n|inactive|Time left: 300 sec this turn | 300 sec total\n|\n|t:|1783544066\n|move|p2a: Gengar|Nasty Plot|p2a: Gengar\n|-boost|p2a: Gengar|spa|2\n|move|p1a: Dragalge|Draco Meteor|p2a: Gengar\n|-damage|p2a: Gengar|0 fnt\n|-unboost|p1a: Dragalge|spa|2\n|faint|p2a: Gengar\n|\n|upkeep\n|\n|t:|1783544067\n|switch|p2a: Cloyster|Cloyster, L80, F|100/100\n|turn|8\n|inactive|Time left: 300 sec this turn | 300 sec total\n|\n|t:|1783544069\n|-terastallize|p1a: Dragalge|Fighting\n|move|p2a: Cloyster|Shell Smash|p2a: Cloyster\n|-unboost|p2a: Cloyster|def|1\n|-unboost|p2a: Cloyster|spd|1\n|-boost|p2a: Cloyster|atk|2\n|-boost|p2a: Cloyster|spa|2\n|-boost|p2a: Cloyster|spe|2\n|-enditem|p2a: Cloyster|White Herb\n|-clearnegativeboost|p2a: Cloyster|[silent]\n|move|p1a: Dragalge|Focus Blast|p2a: Cloyster|[miss]\n|-miss|p1a: Dragalge|p2a: Cloyster\n|\n|upkeep\n|turn|9\n|inactive|Time left: 300 sec this turn | 300 sec total\n|\n|t:|1783544070\n|switch|p1a: Dondozo|Dondozo, L78, M|362/362\n|move|p2a: Cloyster|Icicle Spear|p1a: Dondozo\n|-resisted|p1a: Dondozo\n|-damage|p1a: Dondozo|350/362\n|-resisted|p1a: Dondozo\n|-damage|p1a: Dondozo|339/362\n|-resisted|p1a: Dondozo\n|-damage|p1a: Dondozo|327/362\n|-resisted|p1a: Dondozo\n|-damage|p1a: Dondozo|315/362\n|-resisted|p1a: Dondozo\n|-damage|p1a: Dondozo|303/362\n|-hitcount|p1a: Dondozo|5\n|\n|-heal|p1a: Dondozo|325/362|[from] item: Leftovers\n|upkeep\n|turn|10\n|inactive|Time left: 300 sec this turn | 300 sec total\n|\n|t:|1783544071\n|move|p2a: Cloyster|Shell Smash|p2a: Cloyster\n|-unboost|p2a: Cloyster|def|1\n|-unboost|p2a: Cloyster|spd|1\n|-boost|p2a: Cloyster|atk|2\n|-boost|p2a: Cloyster|spa|2\n|-boost|p2a: Cloyster|spe|2\n|move|p1a: Dondozo|Curse|p1a: Dondozo\n|-unboost|p1a: Dondozo|spe|1\n|-boost|p1a: Dondozo|atk|1\n|-boost|p1a: Dondozo|def|1\n|\n|-heal|p1a: Dondozo|347/362|[from] item: Leftovers\n|upkeep\n|turn|11\n|inactive|Time left: 300 sec this turn | 300 sec total\n|\n|t:|1783544072\n|move|p2a: Cloyster|Icicle Spear|p1a: Dondozo\n|-resisted|p1a: Dondozo\n|-damage|p1a: Dondozo|340/362\n|-resisted|p1a: Dondozo\n|-damage|p1a: Dondozo|333/362\n|-resisted|p1a: Dondozo\n|-damage|p1a: Dondozo|325/362\n|-resisted|p1a: Dondozo\n|-damage|p1a: Dondozo|317/362\n|-resisted|p1a: Dondozo\n|-damage|p1a: Dondozo|309/362\n|-hitcount|p1a: Dondozo|5\n|move|p1a: Dondozo|Wave Crash|p2a: Cloyster\n|-resisted|p2a: Cloyster\n|-damage|p2a: Cloyster|78/100\n|-damage|p1a: Dondozo|293/362|[from] Recoil\n|\n|-heal|p1a: Dondozo|315/362|[from] item: Leftovers\n|upkeep\n|turn|12\n|inactive|Time left: 300 sec this turn | 300 sec total\n|\n|t:|1783544073\n|move|p2a: Cloyster|Drill Run|p1a: Dondozo\n|-damage|p1a: Dondozo|286/362\n|move|p1a: Dondozo|Wave Crash|p2a: Cloyster\n|-resisted|p2a: Cloyster\n|-damage|p2a: Cloyster|54/100\n|-damage|p1a: Dondozo|269/362|[from] Recoil\n|\n|-heal|p1a: Dondozo|291/362|[from] item: Leftovers\n|upkeep\n|turn|13\n|inactive|Time left: 300 sec this turn | 300 sec total\n|\n|t:|1783544074\n|move|p2a: Cloyster|Icicle Spear|p1a: Dondozo\n|-resisted|p1a: Dondozo\n|-damage|p1a: Dondozo|283/362\n|-resisted|p1a: Dondozo\n|-damage|p1a: Dondozo|276/362\n|-resisted|p1a: Dondozo\n|-damage|p1a: Dondozo|268/362\n|-resisted|p1a: Dondozo\n|-damage|p1a: Dondozo|260/362\n|-resisted|p1a: Dondozo\n|-damage|p1a: Dondozo|252/362\n|-hitcount|p1a: Dondozo|5\n|move|p1a: Dondozo|Wave Crash|p2a: Cloyster\n|-resisted|p2a: Cloyster\n|-damage|p2a: Cloyster|30/100\n|-damage|p1a: Dondozo|235/362|[from] Recoil\n|\n|-heal|p1a: Dondozo|257/362|[from] item: Leftovers\n|upkeep\n|turn|14\n|inactive|Time left: 300 sec this turn | 300 sec total\n|\n|t:|1783544075\n|move|p2a: Cloyster|Rock Blast|p1a: Dondozo\n|-damage|p1a: Dondozo|246/362\n|-damage|p1a: Dondozo|235/362\n|-damage|p1a: Dondozo|224/362\n|-damage|p1a: Dondozo|213/362\n|-damage|p1a: Dondozo|202/362\n|-hitcount|p1a: Dondozo|5\n|move|p1a: Dondozo|Wave Crash|p2a: Cloyster\n|-resisted|p2a: Cloyster\n|-damage|p2a: Cloyster|8/100\n|-damage|p1a: Dondozo|186/362|[from] Recoil\n|\n|-heal|p1a: Dondozo|208/362|[from] item: Leftovers\n|upkeep\n|turn|15\n|inactive|Time left: 300 sec this turn | 300 sec total\n|\n|t:|1783544076\n|-terastallize|p2a: Cloyster|Ground\n|move|p2a: Cloyster|Drill Run|p1a: Dondozo\n|-damage|p1a: Dondozo|165/362\n|move|p1a: Dondozo|Wave Crash|p2a: Cloyster\n|-supereffective|p2a: Cloyster\n|-damage|p2a: Cloyster|0 fnt\n|faint|p2a: Cloyster\n|-damage|p1a: Dondozo|160/362|[from] Recoil\n|\n|-heal|p1a: Dondozo|182/362|[from] item: Leftovers\n|upkeep\n|\n|t:|1783544077\n|switch|p2a: Sawsbuck|Sawsbuck-Autumn, L88, F|100/100\n|turn|16\n|inactive|Time left: 300 sec this turn | 300 sec total\n|\n|t:|1783544078\n|switch|p1a: Swanna|Swanna, L89, F|229/278\n|move|p2a: Sawsbuck|Swords Dance|p2a: Sawsbuck\n|-boost|p2a: Sawsbuck|atk|2\n|\n|upkeep\n|turn|17\n|inactive|Time left: 300 sec this turn | 300 sec total\n|\n|t:|1783544079\n|move|p1a: Swanna|Brave Bird|p2a: Sawsbuck\n|-supereffective|p2a: Sawsbuck\n|-damage|p2a: Sawsbuck|0 fnt\n|faint|p2a: Sawsbuck\n|-damage|p1a: Swanna|135/278|[from] Recoil\n|\n|upkeep\n|\n|t:|1783544079\n|switch|p2a: Lapras|Lapras, L87, M|62/100 slp\n|turn|18\n|inactive|Time left: 300 sec this turn | 300 sec total\n|\n|t:|1783544080\n|move|p1a: Swanna|Roost|p1a: Swanna\n|-heal|p1a: Swanna|274/278\n|-singleturn|p1a: Swanna|move: Roost\n|cant|p2a: Lapras|slp\n|move|p2a: Lapras|Sleep Talk|p2a: Lapras\n|move|p2a: Lapras|Sparkling Aria|p1a: Swanna|[from] move: Sleep Talk\n|-resisted|p1a: Swanna\n|-crit|p1a: Swanna\n|-damage|p1a: Swanna|190/278\n|\n|upkeep\n|turn|19\n|inactive|Time left: 300 sec this turn | 300 sec total\n|\n|t:|1783544081\n|move|p1a: Swanna|Brave Bird|p2a: Lapras\n|-damage|p2a: Lapras|25/100 slp\n|-damage|p1a: Swanna|145/278|[from] Recoil\n|cant|p2a: Lapras|slp\n|move|p2a: Lapras|Sleep Talk|p2a: Lapras\n|move|p2a: Lapras|Sparkling Aria|p1a: Swanna|[from] move: Sleep Talk\n|-resisted|p1a: Swanna\n|-damage|p1a: Swanna|91/278\n|\n|upkeep\n|turn|20\n|inactive|Time left: 300 sec this turn | 300 sec total\n|\n|t:|1783544082\n|move|p1a: Swanna|Brave Bird|p2a: Lapras\n|-damage|p2a: Lapras|0 fnt\n|faint|p2a: Lapras\n|-damage|p1a: Swanna|61/278|[from] Recoil\n|\n|upkeep\n|\n|t:|1783544082\n|switch|p2a: Infernape|Infernape, L82, M|100/100\n|turn|21\n|inactive|Time left: 300 sec this turn | 300 sec total\n|\n|t:|1783544083\n|switch|p2a: Ogerpon|Ogerpon-Hearthflame, L74, F|100/100\n|-ability|p2a: Ogerpon|Mold Breaker\n|move|p1a: Swanna|Hydro Pump|p2a: Ogerpon\n|-damage|p2a: Ogerpon|44/100\n|\n|upkeep\n|turn|22\n|inactive|Time left: 300 sec this turn | 300 sec total\n|\n|t:|1783544084\n|move|p1a: Swanna|Brave Bird|p2a: Ogerpon\n|-supereffective|p2a: Ogerpon\n|-damage|p2a: Ogerpon|0 fnt\n|faint|p2a: Ogerpon\n|-damage|p1a: Swanna|27/278|[from] Recoil\n|\n|upkeep\n|\n|t:|1783544085\n|switch|p2a: Infernape|Infernape, L82, M|100/100\n|turn|23\n|inactive|Time left: 300 sec this turn | 300 sec total\n|\n|t:|1783544086\n|move|p2a: Infernape|Mach Punch|p1a: Swanna\n|-resisted|p1a: Swanna\n|-damage|p1a: Swanna|0 fnt\n|faint|p1a: Swanna\n|-damage|p2a: Infernape|91/100|[from] item: Life Orb\n|\n|upkeep\n|inactive|Time left: 300 sec this turn | 300 sec total | 5 sec grace\n|\n|t:|1783544086\n|switch|p1a: Dondozo|Dondozo, L78, M|182/362\n|turn|24\n|inactive|Time left: 300 sec this turn | 300 sec total\n|\n|t:|1783544087\n|move|p2a: Infernape|Grass Knot|p1a: Dondozo\n|-supereffective|p1a: Dondozo\n|-damage|p1a: Dondozo|0 fnt\n|faint|p1a: Dondozo\n|-damage|p2a: Infernape|81/100|[from] item: Life Orb\n|\n|upkeep\n|inactive|Time left: 300 sec this turn | 300 sec total | 5 sec grace\n|\n|t:|1783544088\n|switch|p1a: Dragalge|Dragalge, L88, M, tera:Fighting|234/258\n|turn|25\n|inactive|Time left: 300 sec this turn | 300 sec total\n|\n|t:|1783544089\n|move|p2a: Infernape|Overheat|p1a: Dragalge\n|-damage|p1a: Dragalge|148/258\n|-unboost|p2a: Infernape|spa|2\n|-damage|p2a: Infernape|72/100|[from] item: Life Orb\n|move|p1a: Dragalge|Draco Meteor|p2a: Infernape\n|-damage|p2a: Infernape|6/100\n|-unboost|p1a: Dragalge|spa|2\n|\n|upkeep\n|turn|26\n|inactive|Time left: 300 sec this turn | 300 sec total\n|\n|t:|1783544091\n|move|p2a: Infernape|Overheat|p1a: Dragalge\n|-damage|p1a: Dragalge|104/258\n|-unboost|p2a: Infernape|spa|2\n|-damage|p2a: Infernape|0 fnt|[from] item: Life Orb\n|faint|p2a: Infernape\n|\n|win|p0x4324988", "uploadtime": 1783544091, "views": 0, "rating": 0, "private": 0, "password": null, "_winner": "p0x4324988", "_our_name": "p0x4324988"}