{"id": "battle-gen9randombattle-1762", "formatid": "gen9randombattle", "format": "[Gen 9] Random Battle", "players": ["p0x17622287", "p0y176216be"], "log": "|init|battle\n|title|p0x17622287 vs. p0y176216be\n|j|\u2606p0x17622287\n|j|\u2606p0y176216be\n|t:|1783560348\n|gametype|singles\n|player|p1|p0x17622287|266|\n|player|p2|p0y176216be|1|\n|gen|9\n|tier|[Gen 9] Random Battle\n|rule|Species Clause: Limit one of each Pok\u00e9mon\n|rule|HP Percentage Mod: HP is shown in percentages\n|rule|Sleep Clause Mod: Limit one foe put to sleep\n|rule|Illusion Level Mod: Illusion disguises the Pok\u00e9mon's true level\n|\n|t:|1783560348\n|teamsize|p1|6\n|teamsize|p2|6\n|start\n|switch|p1a: Dachsbun|Dachsbun, L92, M|100/100\n|switch|p2a: Ambipom|Ambipom, L84, F|263/263\n|turn|1\n|inactive|Battle timer is ON: inactive players will automatically lose when time's up. (requested by p0y176216be)\n|\n|t:|1783560349\n|move|p2a: Ambipom|Triple Axel|p1a: Dachsbun\n|-damage|p1a: Dachsbun|91/100\n|-damage|p1a: Dachsbun|71/100\n|-damage|p1a: Dachsbun|41/100\n|-hitcount|p1a: Dachsbun|3\n|move|p1a: Dachsbun|Play Rough|p2a: Ambipom|[miss]\n|-miss|p1a: Dachsbun|p2a: Ambipom\n|\n|-heal|p1a: Dachsbun|47/100|[from] item: Leftovers\n|upkeep\n|turn|2\n|inactive|Time left: 300 sec this turn | 300 sec total\n|inactive|p0x17622287 also wants the timer to be on.\n|\n|t:|1783560351\n|switch|p1a: Blaziken|Blaziken, L76, M|100/100\n|move|p2a: Ambipom|Triple Axel|p1a: Blaziken\n|-resisted|p1a: Blaziken\n|-damage|p1a: Blaziken|92/100\n|-resisted|p1a: Blaziken\n|-damage|p1a: Blaziken|75/100\n|-resisted|p1a: Blaziken\n|-damage|p1a: Blaziken|49/100\n|-hitcount|p1a: Blaziken|3\n|\n|upkeep\n|turn|3\n|inactive|Time left: 300 sec this turn | 300 sec total\n|\n|t:|1783560352\n|switch|p1a: Empoleon|Empoleon, L84, F|100/100\n|move|p2a: Ambipom|Triple Axel|p1a: Empoleon\n|-resisted|p1a: Empoleon\n|-damage|p1a: Empoleon|98/100\n|-resisted|p1a: Empoleon\n|-damage|p1a: Empoleon|92/100\n|-resisted|p1a: Empoleon\n|-damage|p1a: Empoleon|84/100\n|-hitcount|p1a: Empoleon|3\n|\n|-heal|p1a: Empoleon|90/100|[from] item: Leftovers\n|upkeep\n|turn|4\n|inactive|Time left: 300 sec this turn | 300 sec total\n|\n|t:|1783560353\n|move|p2a: Ambipom|Triple Axel|p1a: Empoleon\n|-resisted|p1a: Empoleon\n|-damage|p1a: Empoleon|87/100\n|-resisted|p1a: Empoleon\n|-damage|p1a: Empoleon|81/100\n|-resisted|p1a: Empoleon\n|-damage|p1a: Empoleon|72/100\n|-hitcount|p1a: Empoleon|3\n|move|p1a: Empoleon|Surf|p2a: Ambipom\n|-damage|p2a: Ambipom|139/263\n|\n|-heal|p1a: Empoleon|79/100|[from] item: Leftovers\n|upkeep\n|turn|5\n|inactive|Time left: 300 sec this turn | 300 sec total\n|\n|t:|1783560354\n|move|p2a: Ambipom|Triple Axel|p1a: Empoleon\n|-resisted|p1a: Empoleon\n|-damage|p1a: Empoleon|76/100\n|-resisted|p1a: Empoleon\n|-damage|p1a: Empoleon|70/100\n|-resisted|p1a: Empoleon\n|-damage|p1a: Empoleon|61/100\n|-hitcount|p1a: Empoleon|3\n|move|p1a: Empoleon|Surf|p2a: Ambipom\n|-damage|p2a: Ambipom|13/263\n|\n|-heal|p1a: Empoleon|67/100|[from] item: Leftovers\n|upkeep\n|turn|6\n|inactive|Time left: 300 sec this turn | 300 sec total\n|\n|t:|1783560355\n|move|p2a: Ambipom|Triple Axel|p1a: Empoleon|[miss]\n|-miss|p2a: Ambipom|p1a: Empoleon\n|move|p1a: Empoleon|Surf|p2a: Ambipom\n|-damage|p2a: Ambipom|0 fnt\n|faint|p2a: Ambipom\n|\n|-heal|p1a: Empoleon|74/100|[from] item: Leftovers\n|upkeep\n|inactive|Time left: 300 sec this turn | 300 sec total | 5 sec grace\n|\n|t:|1783560356\n|switch|p2a: Mabosstiff|Mabosstiff, L86, F|278/278\n|turn|7\n|inactive|Time left: 300 sec this turn | 300 sec total\n|\n|t:|1783560357\n|move|p2a: Mabosstiff|Wild Charge|p1a: Empoleon\n|-supereffective|p1a: Empoleon\n|-damage|p1a: Empoleon|0 fnt\n|faint|p1a: Empoleon\n|-damage|p2a: Mabosstiff|227/278|[from] Recoil\n|\n|upkeep\n|\n|t:|1783560358\n|switch|p1a: Shaymin|Shaymin-Sky, L73|100/100\n|turn|8\n|inactive|Time left: 300 sec this turn | 300 sec total\n|\n|t:|1783560359\n|move|p1a: Shaymin|Seed Flare|p2a: Mabosstiff\n|-damage|p2a: Mabosstiff|10/278\n|-unboost|p2a: Mabosstiff|spd|2\n|move|p2a: Mabosstiff|Wild Charge|p1a: Shaymin\n|-crit|p1a: Shaymin\n|-damage|p1a: Shaymin|9/100\n|-damage|p2a: Mabosstiff|0 fnt|[from] Recoil\n|faint|p2a: Mabosstiff\n|\n|upkeep\n|inactive|Time left: 300 sec this turn | 300 sec total | 5 sec grace\n|\n|t:|1783560360\n|switch|p2a: Zacian|Zacian-Crowned, L64|225/225\n|-ability|p2a: Zacian|Intrepid Sword|boost\n|-boost|p2a: Zacian|atk|1\n|turn|9\n|inactive|Time left: 300 sec this turn | 300 sec total\n|\n|t:|1783560361\n|move|p1a: Shaymin|Seed Flare|p2a: Zacian\n|-resisted|p2a: Zacian\n|-damage|p2a: Zacian|134/225\n|-unboost|p2a: Zacian|spd|2\n|move|p2a: Zacian|Behemoth Blade|p1a: Shaymin\n|-damage|p1a: Shaymin|0 fnt\n|faint|p1a: Shaymin\n|\n|upkeep\n|\n|t:|1783560362\n|switch|p1a: Dachsbun|Dachsbun, L92, M|47/100\n|turn|10\n|inactive|Time left: 300 sec this turn | 300 sec total\n|\n|t:|1783560363\n|switch|p1a: Blaziken|Blaziken, L76, M|49/100\n|move|p2a: Zacian|Behemoth Blade|p1a: Blaziken\n|-resisted|p1a: Blaziken\n|-damage|p1a: Blaziken|12/100\n|\n|upkeep\n|turn|11\n|inactive|Time left: 300 sec this turn | 300 sec total\n|\n|t:|1783560364\n|move|p2a: Zacian|Behemoth Blade|p1a: Blaziken\n|-resisted|p1a: Blaziken\n|-damage|p1a: Blaziken|0 fnt\n|faint|p1a: Blaziken\n|\n|upkeep\n|\n|t:|1783560364\n|switch|p1a: Klefki|Klefki, L84, M|100/100\n|turn|12\n|inactive|Time left: 300 sec this turn | 300 sec total\n|\n|t:|1783560365\n|move|p2a: Zacian|Behemoth Blade|p1a: Klefki\n|-damage|p1a: Klefki|43/100\n|move|p1a: Klefki|Dazzling Gleam|p2a: Zacian\n|-resisted|p2a: Zacian\n|-damage|p2a: Zacian|53/225\n|\n|-heal|p1a: Klefki|49/100|[from] item: Leftovers\n|upkeep\n|turn|13\n|inactive|Time left: 300 sec this turn | 300 sec total\n|\n|t:|1783560366\n|move|p1a: Klefki|Thunder Wave|p2a: Zacian\n|-status|p2a: Zacian|par\n|move|p2a: Zacian|Behemoth Blade|p1a: Klefki\n|-damage|p1a: Klefki|0 fnt\n|faint|p1a: Klefki\n|\n|upkeep\n|\n|t:|1783560367\n|switch|p1a: Dachsbun|Dachsbun, L92, M|47/100\n|turn|14\n|inactive|Time left: 300 sec this turn | 300 sec total\n|\n|t:|1783560368\n|move|p1a: Dachsbun|Body Press|p2a: Zacian\n|-damage|p2a: Zacian|0 fnt\n|faint|p2a: Zacian\n|\n|-heal|p1a: Dachsbun|52/100|[from] item: Leftovers\n|upkeep\n|inactive|Time left: 300 sec this turn | 300 sec total | 5 sec grace\n|\n|t:|1783560369\n|switch|p2a: Bellossom|Bellossom, L84, F|263/263\n|turn|15\n|inactive|Time left: 300 sec this turn | 300 sec total\n|\n|t:|1783560370\n|move|p1a: Dachsbun|Wish|p1a: Dachsbun\n|move|p2a: Bellossom|Quiver Dance|p2a: Bellossom\n|-boost|p2a: Bellossom|spa|1\n|-boost|p2a: Bellossom|spd|1\n|-boost|p2a: Bellossom|spe|1\n|\n|-heal|p1a: Dachsbun|58/100|[from] item: Leftovers\n|upkeep\n|turn|16\n|inactive|Time left: 300 sec this turn | 300 sec total\n|\n|t:|1783560370\n|move|p1a: Dachsbun|Play Rough|p2a: Bellossom\n|-damage|p2a: Bellossom|173/263\n|move|p2a: Bellossom|Quiver Dance|p2a: Bellossom\n|-boost|p2a: Bellossom|spa|1\n|-boost|p2a: Bellossom|spd|1\n|-boost|p2a: Bellossom|spe|1\n|\n|-heal|p1a: Dachsbun|100/100|[from] move: Wish|[wisher] Dachsbun\n|-heal|p2a: Bellossom|189/263|[from] item: Leftovers\n|upkeep\n|turn|17\n|inactive|Time left: 300 sec this turn | 300 sec total\n|\n|t:|1783560371\n|-terastallize|p1a: Dachsbun|Steel\n|move|p2a: Bellossom|Giga Drain|p1a: Dachsbun\n|-resisted|p1a: Dachsbun\n|-damage|p1a: Dachsbun|72/100\n|-heal|p2a: Bellossom|225/263|[from] drain|[of] p1a: Dachsbun\n|move|p1a: Dachsbun|Body Press|p2a: Bellossom\n|-damage|p2a: Bellossom|151/263\n|\n|-heal|p2a: Bellossom|167/263|[from] item: Leftovers\n|-heal|p1a: Dachsbun|78/100|[from] item: Leftovers\n|upkeep\n|turn|18\n|inactive|Time left: 300 sec this turn | 300 sec total\n|\n|t:|1783560372\n|move|p2a: Bellossom|Strength Sap|p1a: Dachsbun\n|-unboost|p1a: Dachsbun|atk|1\n|-heal|p2a: Bellossom|263/263\n|move|p1a: Dachsbun|Body Press|p2a: Bellossom\n|-damage|p2a: Bellossom|191/263\n|\n|-heal|p2a: Bellossom|207/263|[from] item: Leftovers\n|-heal|p1a: Dachsbun|84/100|[from] item: Leftovers\n|upkeep\n|turn|19\n|inactive|Time left: 300 sec this turn | 300 sec total\n|\n|t:|1783560373\n|move|p2a: Bellossom|Quiver Dance|p2a: Bellossom\n|-boost|p2a: Bellossom|spa|1\n|-boost|p2a: Bellossom|spd|1\n|-boost|p2a: Bellossom|spe|1\n|move|p1a: Dachsbun|Play Rough|p2a: Bellossom\n|-damage|p2a: Bellossom|143/263\n|\n|-heal|p2a: Bellossom|159/263|[from] item: Leftovers\n|-heal|p1a: Dachsbun|90/100|[from] item: Leftovers\n|upkeep\n|turn|20\n|inactive|Time left: 300 sec this turn | 300 sec total\n|\n|t:|1783560374\n|move|p1a: Dachsbun|Protect|p1a: Dachsbun\n|-singleturn|p1a: Dachsbun|Protect\n|move|p2a: Bellossom|Giga Drain|p1a: Dachsbun\n|-activate|p1a: Dachsbun|move: Protect\n|\n|-heal|p2a: Bellossom|175/263|[from] item: Leftovers\n|-heal|p1a: Dachsbun|96/100|[from] item: Leftovers\n|upkeep\n|turn|21\n|inactive|Time left: 300 sec this turn | 300 sec total\n|\n|t:|1783560375\n|move|p2a: Bellossom|Strength Sap|p1a: Dachsbun\n|-unboost|p1a: Dachsbun|atk|1\n|-heal|p2a: Bellossom|263/263\n|move|p1a: Dachsbun|Body Press|p2a: Bellossom\n|-damage|p2a: Bellossom|189/263\n|\n|-heal|p2a: Bellossom|205/263|[from] item: Leftovers\n|-heal|p1a: Dachsbun|100/100|[from] item: Leftovers\n|upkeep\n|turn|22\n|inactive|Time left: 300 sec this turn | 300 sec total\n|\n|t:|1783560375\n|move|p2a: Bellossom|Giga Drain|p1a: Dachsbun\n|-resisted|p1a: Dachsbun\n|-damage|p1a: Dachsbun|63/100\n|-heal|p2a: Bellossom|252/263|[from] drain|[of] p1a: Dachsbun\n|move|p1a: Dachsbun|Wish|p1a: Dachsbun\n|\n|-heal|p2a: Bellossom|263/263|[from] item: Leftovers\n|-heal|p1a: Dachsbun|69/100|[from] item: Leftovers\n|upkeep\n|turn|23\n|inactive|Time left: 300 sec this turn | 300 sec total\n|\n|t:|1783560376\n|move|p2a: Bellossom|Quiver Dance|p2a: Bellossom\n|-boost|p2a: Bellossom|spa|1\n|-boost|p2a: Bellossom|spd|1\n|-boost|p2a: Bellossom|spe|1\n|move|p1a: Dachsbun|Play Rough|p2a: Bellossom\n|-damage|p2a: Bellossom|214/263\n|\n|-heal|p1a: Dachsbun|100/100|[from] move: Wish|[wisher] Dachsbun\n|-heal|p2a: Bellossom|230/263|[from] item: Leftovers\n|upkeep\n|turn|24\n|inactive|Time left: 300 sec this turn | 300 sec total\n|\n|t:|1783560377\n|move|p2a: Bellossom|Giga Drain|p1a: Dachsbun\n|-resisted|p1a: Dachsbun\n|-damage|p1a: Dachsbun|59/100\n|-heal|p2a: Bellossom|263/263|[from] drain|[of] p1a: Dachsbun\n|move|p1a: Dachsbun|Wish|p1a: Dachsbun\n|\n|-heal|p1a: Dachsbun|65/100|[from] item: Leftovers\n|upkeep\n|turn|25\n|inactive|Time left: 300 sec this turn | 300 sec total\n|\n|t:|1783560378\n|move|p2a: Bellossom|Giga Drain|p1a: Dachsbun\n|-resisted|p1a: Dachsbun\n|-damage|p1a: Dachsbun|25/100\n|move|p1a: Dachsbun|Body Press|p2a: Bellossom\n|-damage|p2a: Bellossom|196/263\n|\n|-heal|p1a: Dachsbun|75/100|[from] move: Wish|[wisher] Dachsbun\n|-heal|p2a: Bellossom|212/263|[from] item: Leftovers\n|-heal|p1a: Dachsbun|81/100|[from] item: Leftovers\n|upkeep\n|turn|26\n|inactive|Time left: 300 sec this turn | 300 sec total\n|\n|t:|1783560379\n|move|p1a: Dachsbun|Protect|p1a: Dachsbun\n|-singleturn|p1a: Dachsbun|Protect\n|move|p2a: Bellossom|Giga Drain|p1a: Dachsbun\n|-activate|p1a: Dachsbun|move: Protect\n|\n|-heal|p2a: Bellossom|228/263|[from] item: Leftovers\n|-heal|p1a: Dachsbun|87/100|[from] item: Leftovers\n|upkeep\n|turn|27\n|inactive|Time left: 300 sec this turn | 300 sec total\n|\n|t:|1783560380\n|move|p2a: Bellossom|Giga Drain|p1a: Dachsbun\n|-resisted|p1a: Dachsbun\n|-crit|p1a: Dachsbun\n|-damage|p1a: Dachsbun|24/100\n|-heal|p2a: Bellossom|263/263|[from] drain|[of] p1a: Dachsbun\n|move|p1a: Dachsbun|Wish|p1a: Dachsbun\n|\n|-heal|p1a: Dachsbun|30/100|[from] item: Leftovers\n|upkeep\n|turn|28\n|inactive|Time left: 300 sec this turn | 300 sec total\n|\n|t:|1783560381\n|move|p1a: Dachsbun|Protect|p1a: Dachsbun\n|-singleturn|p1a: Dachsbun|Protect\n|move|p2a: Bellossom|Giga Drain|p1a: Dachsbun\n|-activate|p1a: Dachsbun|move: Protect\n|\n|-heal|p1a: Dachsbun|80/100|[from] move: Wish|[wisher] Dachsbun\n|-heal|p1a: Dachsbun|86/100|[from] item: Leftovers\n|upkeep\n|turn|29\n|inactive|Time left: 300 sec this turn | 300 sec total\n|\n|t:|1783560382\n|move|p2a: Bellossom|Giga Drain|p1a: Dachsbun\n|-resisted|p1a: Dachsbun\n|-damage|p1a: Dachsbun|41/100\n|move|p1a: Dachsbun|Wish|p1a: Dachsbun\n|\n|-heal|p1a: Dachsbun|47/100|[from] item: Leftovers\n|upkeep\n|turn|30\n|inactive|Time left: 300 sec this turn | 300 sec total\n|\n|t:|1783560383\n|move|p1a: Dachsbun|Protect|p1a: Dachsbun\n|-singleturn|p1a: Dachsbun|Protect\n|move|p2a: Bellossom|Giga Drain|p1a: Dachsbun\n|-activate|p1a: Dachsbun|move: Protect\n|\n|-heal|p1a: Dachsbun|97/100|[from] move: Wish|[wisher] Dachsbun\n|-heal|p1a: Dachsbun|100/100|[from] item: Leftovers\n|upkeep\n|turn|31\n|inactive|Time left: 300 sec this turn | 300 sec total\n|\n|t:|1783560384\n|move|p2a: Bellossom|Giga Drain|p1a: Dachsbun\n|-resisted|p1a: Dachsbun\n|-damage|p1a: Dachsbun|54/100\n|move|p1a: Dachsbun|Wish|p1a: Dachsbun\n|\n|-heal|p1a: Dachsbun|60/100|[from] item: Leftovers\n|upkeep\n|turn|32\n|inactive|Time left: 300 sec this turn | 300 sec total\n|\n|t:|1783560384\n|move|p1a: Dachsbun|Protect|p1a: Dachsbun\n|-singleturn|p1a: Dachsbun|Protect\n|move|p2a: Bellossom|Giga Drain|p1a: Dachsbun\n|-activate|p1a: Dachsbun|move: Protect\n|\n|-heal|p1a: Dachsbun|100/100|[from] move: Wish|[wisher] Dachsbun\n|upkeep\n|turn|33\n|inactive|Time left: 300 sec this turn | 300 sec total\n|\n|t:|1783560385\n|move|p2a: Bellossom|Giga Drain|p1a: Dachsbun\n|-resisted|p1a: Dachsbun\n|-damage|p1a: Dachsbun|58/100\n|move|p1a: Dachsbun|Wish|p1a: Dachsbun\n|\n|-heal|p1a: Dachsbun|63/100|[from] item: Leftovers\n|upkeep\n|turn|34\n|inactive|Time left: 300 sec this turn | 300 sec total\n|\n|t:|1783560386\n|move|p1a: Dachsbun|Protect|p1a: Dachsbun\n|-singleturn|p1a: Dachsbun|Protect\n|move|p2a: Bellossom|Quiver Dance|p2a: Bellossom\n|-boost|p2a: Bellossom|spa|1\n|-boost|p2a: Bellossom|spd|1\n|-boost|p2a: Bellossom|spe|1\n|\n|-heal|p1a: Dachsbun|100/100|[from] move: Wish|[wisher] Dachsbun\n|upkeep\n|turn|35\n|inactive|Time left: 300 sec this turn | 300 sec total\n|\n|t:|1783560387\n|move|p2a: Bellossom|Giga Drain|p1a: Dachsbun\n|-resisted|p1a: Dachsbun\n|-damage|p1a: Dachsbun|52/100\n|move|p1a: Dachsbun|Wish|p1a: Dachsbun\n|\n|-heal|p1a: Dachsbun|58/100|[from] item: Leftovers\n|upkeep\n|turn|36\n|inactive|Time left: 300 sec this turn | 300 sec total\n|\n|t:|1783560388\n|move|p1a: Dachsbun|Protect|p1a: Dachsbun\n|-singleturn|p1a: Dachsbun|Protect\n|move|p2a: Bellossom|Giga Drain|p1a: Dachsbun\n|-activate|p1a: Dachsbun|move: Protect\n|\n|-heal|p1a: Dachsbun|100/100|[from] move: Wish|[wisher] Dachsbun\n|upkeep\n|turn|37\n|inactive|Time left: 300 sec this turn | 300 sec total\n|\n|t:|1783560389\n|move|p2a: Bellossom|Giga Drain|p1a: Dachsbun\n|-resisted|p1a: Dachsbun\n|-damage|p1a: Dachsbun|49/100\n|move|p1a: Dachsbun|Wish|p1a: Dachsbun\n|\n|-heal|p1a: Dachsbun|54/100|[from] item: Leftovers\n|upkeep\n|turn|38\n|inactive|Time left: 300 sec this turn | 300 sec total\n|\n|t:|1783560390\n|move|p1a: Dachsbun|Protect|p1a: Dachsbun\n|-singleturn|p1a: Dachsbun|Protect\n|move|p2a: Bellossom|Strength Sap|p1a: Dachsbun\n|-activate|p1a: Dachsbun|move: Protect\n|\n|-heal|p1a: Dachsbun|100/100|[from] move: Wish|[wisher] Dachsbun\n|upkeep\n|turn|39\n|inactive|Time left: 300 sec this turn | 300 sec total\n|\n|t:|1783560391\n|move|p2a: Bellossom|Quiver Dance|p2a: Bellossom\n|-boost|p2a: Bellossom|spa|1\n|-boost|p2a: Bellossom|spd|1\n|-boost|p2a: Bellossom|spe|1\n|move|p1a: Dachsbun|Wish|p1a: Dachsbun\n|\n|upkeep\n|turn|40\n|inactive|Time left: 300 sec this turn | 300 sec total\n|\n|t:|1783560392\n|move|p1a: Dachsbun|Protect|p1a: Dachsbun\n|-singleturn|p1a: Dachsbun|Protect\n|move|p2a: Bellossom|Strength Sap|p1a: Dachsbun\n|-activate|p1a: Dachsbun|move: Protect\n|\n|upkeep\n|turn|41\n|inactive|Time left: 300 sec this turn | 300 sec total\n|\n|t:|1783560393\n|move|p2a: Bellossom|Sludge Bomb|p1a: Dachsbun\n|-immune|p1a: Dachsbun\n|move|p1a: Dachsbun|Body Press|p2a: Bellossom\n|-damage|p2a: Bellossom|190/263\n|\n|-heal|p2a: Bellossom|206/263|[from] item: Leftovers\n|upkeep\n|turn|42\n|inactive|Time left: 300 sec this turn | 300 sec total\n|\n|t:|1783560394\n|move|p2a: Bellossom|Strength Sap|p1a: Dachsbun\n|-unboost|p1a: Dachsbun|atk|1\n|-heal|p2a: Bellossom|263/263\n|move|p1a: Dachsbun|Body Press|p2a: Bellossom\n|-crit|p2a: Bellossom\n|-damage|p2a: Bellossom|145/263\n|\n|-heal|p2a: Bellossom|161/263|[from] item: Leftovers\n|upkeep\n|turn|43\n|inactive|Time left: 300 sec this turn | 300 sec total\n|\n|t:|1783560395\n|move|p2a: Bellossom|Strength Sap|p1a: Dachsbun\n|-unboost|p1a: Dachsbun|atk|1\n|-heal|p2a: Bellossom|241/263\n|move|p1a: Dachsbun|Body Press|p2a: Bellossom\n|-damage|p2a: Bellossom|172/263\n|\n|-heal|p2a: Bellossom|188/263|[from] item: Leftovers\n|upkeep\n|turn|44\n|inactive|Time left: 300 sec this turn | 300 sec total\n|\n|t:|1783560395\n|move|p2a: Bellossom|Sludge Bomb|p1a: Dachsbun\n|-immune|p1a: Dachsbun\n|move|p1a: Dachsbun|Body Press|p2a: Bellossom\n|-damage|p2a: Bellossom|117/263\n|\n|-heal|p2a: Bellossom|133/263|[from] item: Leftovers\n|upkeep\n|turn|45\n|inactive|Time left: 300 sec this turn | 300 sec total\n|\n|t:|1783560396\n|move|p2a: Bellossom|Strength Sap|p1a: Dachsbun\n|-unboost|p1a: Dachsbun|atk|1\n|-heal|p2a: Bellossom|199/263\n|move|p1a: Dachsbun|Body Press|p2a: Bellossom\n|-damage|p2a: Bellossom|120/263\n|\n|-heal|p2a: Bellossom|136/263|[from] item: Leftovers\n|upkeep\n|turn|46\n|inactive|Time left: 300 sec this turn | 300 sec total\n|\n|t:|1783560397\n|move|p2a: Bellossom|Strength Sap|p1a: Dachsbun\n|-unboost|p1a: Dachsbun|atk|1\n|-heal|p2a: Bellossom|193/263\n|move|p1a: Dachsbun|Body Press|p2a: Bellossom\n|-damage|p2a: Bellossom|116/263\n|\n|-heal|p2a: Bellossom|132/263|[from] item: Leftovers\n|upkeep\n|turn|47\n|inactive|Time left: 300 sec this turn | 300 sec total\n|\n|t:|1783560398\n|move|p2a: Bellossom|Strength Sap||[still]\n|-fail|p2a: Bellossom\n|move|p1a: Dachsbun|Body Press|p2a: Bellossom\n|-damage|p2a: Bellossom|53/263\n|\n|-heal|p2a: Bellossom|69/263|[from] item: Leftovers\n|upkeep\n|turn|48\n|inactive|Time left: 300 sec this turn | 300 sec total\n|\n|t:|1783560399\n|-terastallize|p2a: Bellossom|Poison\n|move|p2a: Bellossom|Quiver Dance|p2a: Bellossom\n|-boost|p2a: Bellossom|spa|0\n|-boost|p2a: Bellossom|spd|0\n|-boost|p2a: Bellossom|spe|0\n|move|p1a: Dachsbun|Body Press|p2a: Bellossom\n|-resisted|p2a: Bellossom\n|-crit|p2a: Bellossom\n|-damage|p2a: Bellossom|15/263\n|\n|-heal|p2a: Bellossom|31/263|[from] item: Leftovers\n|upkeep\n|turn|49\n|inactive|Time left: 300 sec this turn | 300 sec total\n|\n|t:|1783560400\n|move|p2a: Bellossom|Quiver Dance|p2a: Bellossom\n|-boost|p2a: Bellossom|spa|0\n|-boost|p2a: Bellossom|spd|0\n|-boost|p2a: Bellossom|spe|0\n|move|p1a: Dachsbun|Body Press|p2a: Bellossom\n|-resisted|p2a: Bellossom\n|-damage|p2a: Bellossom|0 fnt\n|faint|p2a: Bellossom\n|\n|upkeep\n|inactive|Time left: 300 sec this turn | 300 sec total | 5 sec grace\n|\n|t:|1783560401\n|switch|p2a: Persian|Persian-Alola, L86, M|252/252\n|turn|50\n|inactive|Time left: 300 sec this turn | 300 sec total\n|\n|t:|1783560401\n|move|p2a: Persian|Nasty Plot|p2a: Persian\n|-boost|p2a: Persian|spa|2\n|move|p1a: Dachsbun|Body Press|p2a: Persian\n|-supereffective|p2a: Persian\n|-damage|p2a: Persian|156/252\n|\n|upkeep\n|turn|51\n|inactive|Time left: 300 sec this turn | 300 sec total\n|\n|t:|1783560402\n|move|p2a: Persian|Nasty Plot|p2a: Persian\n|-boost|p2a: Persian|spa|2\n|move|p1a: Dachsbun|Body Press|p2a: Persian\n|-supereffective|p2a: Persian\n|-damage|p2a: Persian|64/252\n|\n|upkeep\n|turn|52\n|inactive|Time left: 300 sec this turn | 300 sec total\n|\n|t:|1783560403\n|move|p1a: Dachsbun|Protect|p1a: Dachsbun\n|-singleturn|p1a: Dachsbun|Protect\n|move|p2a: Persian|Dark Pulse|p1a: Dachsbun\n|-activate|p1a: Dachsbun|move: Protect\n|\n|upkeep\n|turn|53\n|inactive|Time left: 300 sec this turn | 300 sec total\n|\n|t:|1783560404\n|move|p1a: Dachsbun|Protect||[still]\n|-fail|p1a: Dachsbun\n|move|p2a: Persian|Dark Pulse|p1a: Dachsbun\n|-crit|p1a: Dachsbun\n|-damage|p1a: Dachsbun|0 fnt\n|faint|p1a: Dachsbun\n|-damage|p2a: Persian|39/252|[from] item: Life Orb\n|\n|upkeep\n|\n|t:|1783560404\n|switch|p1a: Ambipom|Ambipom, L84, M|100/100\n|turn|54\n|inactive|Time left: 300 sec this turn | 300 sec total\n|\n|t:|1783560405\n|move|p1a: Ambipom|Fake Out|p2a: Persian\n|-damage|p2a: Persian|0 fnt\n|faint|p2a: Persian\n|\n|upkeep\n|inactive|Time left: 300 sec this turn | 300 sec total | 5 sec grace\n|\n|t:|1783560406\n|switch|p2a: Slowbro|Slowbro-Galar, L87, F|307/307\n|turn|55\n|inactive|Time left: 300 sec this turn | 300 sec total\n|\n|t:|1783560406\n|move|p1a: Ambipom|Double-Edge|p2a: Slowbro\n|-damage|p2a: Slowbro|153/307\n|-damage|p1a: Ambipom|81/100|[from] Recoil\n|move|p2a: Slowbro|Shell Side Arm|p1a: Ambipom|[anim] Shell Side Arm Special\n|-damage|p1a: Ambipom|35/100\n|-hint|Special Shell Side Arm\n|\n|-heal|p2a: Slowbro|172/307|[from] item: Leftovers\n|upkeep\n|turn|56\n|inactive|Time left: 300 sec this turn | 300 sec total\n|\n|t:|1783560407\n|move|p1a: Ambipom|Knock Off|p2a: Slowbro\n|-supereffective|p2a: Slowbro\n|-damage|p2a: Slowbro|54/307\n|-enditem|p2a: Slowbro|Leftovers|[from] move: Knock Off|[of] p1a: Ambipom\n|move|p2a: Slowbro|Shell Side Arm|p1a: Ambipom|[anim] Shell Side Arm Physical\n|-damage|p1a: Ambipom|0 fnt\n|-hint|Physical Shell Side Arm\n|faint|p1a: Ambipom\n|\n|win|p0y176216be", "uploadtime": 1783560407, "views": 0, "rating": 0, "private": 0, "password": null, "_winner": "p0y176216be", "_our_name": "p0y176216be"}