{"id": "battle-gen9randombattle-67", "formatid": "gen9randombattle", "format": "[Gen 9] Random Battle", "players": ["p0x0676a7b", "p0y06797bf"], "log": "|init|battle\n|title|p0x0676a7b vs. p0y06797bf\n|j|\u2606p0x0676a7b\n|j|\u2606p0y06797bf\n|t:|1783534015\n|gametype|singles\n|player|p1|p0x0676a7b|2|\n|player|p2|p0y06797bf|265|\n|gen|9\n|tier|[Gen 9] Random Battle\n|rule|Species Clause: Limit one of each Pok\u00e9mon\n|rule|HP Percentage Mod: HP is shown in percentages\n|rule|Sleep Clause Mod: Limit one foe put to sleep\n|rule|Illusion Level Mod: Illusion disguises the Pok\u00e9mon's true level\n|\n|t:|1783534015\n|teamsize|p1|6\n|teamsize|p2|6\n|start\n|switch|p1a: Wigglytuff|Wigglytuff, L96, M|424/424\n|switch|p2a: Chansey|Chansey, L85, F|100/100\n|turn|1\n|inactive|Battle timer is ON: inactive players will automatically lose when time's up. (requested by p0x0676a7b)\n|inactive|p0y06797bf also wants the timer to be on.\n|\n|t:|1783534016\n|move|p1a: Wigglytuff|Alluring Voice|p2a: Chansey\n|-damage|p2a: Chansey|91/100\n|move|p2a: Chansey|Stealth Rock|p1a: Wigglytuff\n|-sidestart|p1: p0x0676a7b|move: Stealth Rock\n|\n|upkeep\n|turn|2\n|inactive|Time left: 300 sec this turn | 300 sec total\n|\n|t:|1783534018\n|move|p1a: Wigglytuff|Alluring Voice|p2a: Chansey\n|-damage|p2a: Chansey|81/100\n|move|p2a: Chansey|Seismic Toss|p1a: Wigglytuff\n|-damage|p1a: Wigglytuff|339/424\n|\n|-heal|p1a: Wigglytuff|365/424|[from] item: Leftovers\n|upkeep\n|turn|3\n|inactive|Time left: 300 sec this turn | 300 sec total\n|\n|t:|1783534019\n|move|p1a: Wigglytuff|Alluring Voice|p2a: Chansey\n|-damage|p2a: Chansey|70/100\n|move|p2a: Chansey|Thunder Wave|p1a: Wigglytuff\n|-status|p1a: Wigglytuff|par\n|\n|-heal|p1a: Wigglytuff|391/424 par|[from] item: Leftovers\n|upkeep\n|turn|4\n|inactive|Time left: 300 sec this turn | 300 sec total\n|\n|t:|1783534020\n|move|p2a: Chansey|Soft-Boiled|p2a: Chansey\n|-heal|p2a: Chansey|100/100\n|move|p1a: Wigglytuff|Alluring Voice|p2a: Chansey\n|-damage|p2a: Chansey|91/100\n|\n|-heal|p1a: Wigglytuff|417/424 par|[from] item: Leftovers\n|upkeep\n|turn|5\n|inactive|Time left: 300 sec this turn | 300 sec total\n|\n|t:|1783534021\n|switch|p2a: Fezandipiti|Fezandipiti, L82, M|100/100\n|move|p1a: Wigglytuff|Thunder Wave|p2a: Fezandipiti\n|-status|p2a: Fezandipiti|par\n|\n|-heal|p1a: Wigglytuff|424/424 par|[from] item: Leftovers\n|upkeep\n|turn|6\n|inactive|Time left: 300 sec this turn | 300 sec total\n|\n|t:|1783534022\n|move|p2a: Fezandipiti|Swords Dance|p2a: Fezandipiti\n|-boost|p2a: Fezandipiti|atk|2\n|move|p1a: Wigglytuff|Wish|p1a: Wigglytuff\n|\n|upkeep\n|turn|7\n|inactive|Time left: 300 sec this turn | 300 sec total\n|\n|t:|1783534023\n|switch|p1a: Muk|Muk, L86, M|321/321\n|-damage|p1a: Muk|281/321|[from] Stealth Rock\n|cant|p2a: Fezandipiti|par\n|\n|-heal|p1a: Muk|321/321|[from] move: Wish|[wisher] Wigglytuff\n|upkeep\n|turn|8\n|inactive|Time left: 300 sec this turn | 300 sec total\n|\n|t:|1783534024\n|move|p1a: Muk|Haze|p1a: Muk\n|-clearallboost\n|move|p2a: Fezandipiti|Gunk Shot|p1a: Muk\n|-resisted|p1a: Muk\n|-damage|p1a: Muk|260/321\n|\n|-heal|p1a: Muk|280/321|[from] item: Leftovers\n|upkeep\n|turn|9\n|inactive|Time left: 300 sec this turn | 300 sec total\n|\n|t:|1783534024\n|move|p1a: Muk|Knock Off|p2a: Fezandipiti\n|-resisted|p2a: Fezandipiti\n|-damage|p2a: Fezandipiti|86/100 par\n|-enditem|p2a: Fezandipiti|Leftovers|[from] move: Knock Off|[of] p1a: Muk\n|move|p2a: Fezandipiti|Swords Dance|p2a: Fezandipiti\n|-boost|p2a: Fezandipiti|atk|2\n|\n|-heal|p1a: Muk|300/321|[from] item: Leftovers\n|upkeep\n|turn|10\n|inactive|Time left: 300 sec this turn | 300 sec total\n|\n|t:|1783534025\n|move|p1a: Muk|Haze|p1a: Muk\n|-clearallboost\n|move|p2a: Fezandipiti|Gunk Shot|p1a: Muk|[miss]\n|-miss|p2a: Fezandipiti|p1a: Muk\n|\n|-heal|p1a: Muk|320/321|[from] item: Leftovers\n|upkeep\n|turn|11\n|inactive|Time left: 300 sec this turn | 300 sec total\n|\n|t:|1783534026\n|move|p1a: Muk|Poison Jab|p2a: Fezandipiti\n|-damage|p2a: Fezandipiti|47/100 par\n|move|p2a: Fezandipiti|Swords Dance|p2a: Fezandipiti\n|-boost|p2a: Fezandipiti|atk|2\n|\n|-heal|p1a: Muk|321/321|[from] item: Leftovers\n|upkeep\n|turn|12\n|inactive|Time left: 300 sec this turn | 300 sec total\n|\n|t:|1783534027\n|move|p1a: Muk|Ice Punch|p2a: Fezandipiti\n|-damage|p2a: Fezandipiti|22/100 par\n|move|p2a: Fezandipiti|Play Rough|p1a: Muk\n|-resisted|p1a: Muk\n|-damage|p1a: Muk|221/321\n|\n|-heal|p1a: Muk|241/321|[from] item: Leftovers\n|upkeep\n|turn|13\n|inactive|Time left: 300 sec this turn | 300 sec total\n|\n|t:|1783534028\n|move|p1a: Muk|Ice Punch|p2a: Fezandipiti\n|-damage|p2a: Fezandipiti|0 fnt\n|faint|p2a: Fezandipiti\n|\n|-heal|p1a: Muk|261/321|[from] item: Leftovers\n|upkeep\n|\n|t:|1783534029\n|switch|p2a: Falinks|Falinks, L84|100/100\n|turn|14\n|inactive|Time left: 300 sec this turn | 300 sec total\n|\n|t:|1783534030\n|move|p2a: Falinks|No Retreat|p2a: Falinks\n|-boost|p2a: Falinks|atk|1\n|-boost|p2a: Falinks|def|1\n|-boost|p2a: Falinks|spa|1\n|-boost|p2a: Falinks|spd|1\n|-boost|p2a: Falinks|spe|1\n|-start|p2a: Falinks|move: No Retreat\n|move|p1a: Muk|Haze|p1a: Muk\n|-clearallboost\n|\n|-heal|p1a: Muk|281/321|[from] item: Leftovers\n|upkeep\n|turn|15\n|inactive|Time left: 300 sec this turn | 300 sec total\n|\n|t:|1783534031\n|move|p2a: Falinks|Knock Off|p1a: Muk\n|-damage|p1a: Muk|178/321\n|-enditem|p1a: Muk|Leftovers|[from] move: Knock Off|[of] p2a: Falinks\n|-damage|p2a: Falinks|91/100|[from] item: Life Orb\n|move|p1a: Muk|Poison Jab|p2a: Falinks\n|-damage|p2a: Falinks|53/100\n|\n|upkeep\n|turn|16\n|inactive|Time left: 300 sec this turn | 300 sec total\n|\n|t:|1783534032\n|move|p2a: Falinks|Iron Head|p1a: Muk\n|-damage|p1a: Muk|101/321\n|-damage|p2a: Falinks|43/100|[from] item: Life Orb\n|move|p1a: Muk|Poison Jab|p2a: Falinks\n|-damage|p2a: Falinks|8/100\n|\n|upkeep\n|turn|17\n|inactive|Time left: 300 sec this turn | 300 sec total\n|\n|t:|1783534033\n|move|p2a: Falinks|Close Combat|p1a: Muk\n|-resisted|p1a: Muk\n|-damage|p1a: Muk|6/321\n|-unboost|p2a: Falinks|def|1\n|-unboost|p2a: Falinks|spd|1\n|-damage|p2a: Falinks|0 fnt|[from] item: Life Orb\n|faint|p2a: Falinks\n|move|p1a: Muk|Ice Punch|p2: Falinks|[notarget]\n|-fail|p1a: Muk\n|\n|upkeep\n|\n|t:|1783534034\n|switch|p2a: Koraidon|Koraidon, L64|100/100\n|-weather|SunnyDay|[from] ability: Orichalcum Pulse|[of] p2a: Koraidon\n|-activate|p2a: Koraidon|Orichalcum Pulse|[source]\n|turn|18\n|inactive|Time left: 300 sec this turn | 300 sec total\n|\n|t:|1783534035\n|move|p2a: Koraidon|Flare Blitz|p1a: Muk\n|-damage|p1a: Muk|0 fnt\n|faint|p1a: Muk\n|-damage|p2a: Koraidon|99/100|[from] Recoil\n|\n|-weather|SunnyDay|[upkeep]\n|upkeep\n|inactive|Time left: 300 sec this turn | 300 sec total | 5 sec grace\n|\n|t:|1783534036\n|switch|p1a: Inteleon|Inteleon, L81, M|246/246\n|-damage|p1a: Inteleon|216/246|[from] Stealth Rock\n|turn|19\n|inactive|Time left: 300 sec this turn | 300 sec total\n|\n|t:|1783534037\n|switch|p2a: Stantler|Stantler, L92, M|100/100\n|-ability|p2a: Stantler|Intimidate|boost\n|-unboost|p1a: Inteleon|atk|1\n|move|p1a: Inteleon|Ice Beam|p2a: Stantler\n|-damage|p2a: Stantler|72/100\n|\n|-weather|SunnyDay|[upkeep]\n|upkeep\n|turn|20\n|inactive|Time left: 300 sec this turn | 300 sec total\n|\n|t:|1783534038\n|move|p1a: Inteleon|Ice Beam|p2a: Stantler\n|-damage|p2a: Stantler|45/100\n|move|p2a: Stantler|Body Slam|p1a: Inteleon\n|-damage|p1a: Inteleon|74/246\n|\n|-weather|SunnyDay|[upkeep]\n|upkeep\n|turn|21\n|inactive|Time left: 300 sec this turn | 300 sec total\n|\n|t:|1783534040\n|move|p1a: Inteleon|Ice Beam|p2a: Stantler\n|-damage|p2a: Stantler|17/100\n|move|p2a: Stantler|Body Slam|p1a: Inteleon\n|-damage|p1a: Inteleon|0 fnt\n|faint|p1a: Inteleon\n|\n|-weather|SunnyDay|[upkeep]\n|upkeep\n|inactive|Time left: 300 sec this turn | 300 sec total | 5 sec grace\n|\n|t:|1783534041\n|switch|p1a: Baxcalibur|Baxcalibur, L75, F|295/295\n|-damage|p1a: Baxcalibur|222/295|[from] Stealth Rock\n|turn|22\n|inactive|Time left: 300 sec this turn | 300 sec total\n|\n|t:|1783534042\n|move|p1a: Baxcalibur|Ice Shard|p2a: Stantler\n|-damage|p2a: Stantler|0 fnt\n|faint|p2a: Stantler\n|\n|-weather|none\n|upkeep\n|\n|t:|1783534043\n|switch|p2a: Koraidon|Koraidon, L64|99/100\n|-weather|SunnyDay|[from] ability: Orichalcum Pulse|[of] p2a: Koraidon\n|-activate|p2a: Koraidon|Orichalcum Pulse|[source]\n|turn|23\n|inactive|Time left: 300 sec this turn | 300 sec total\n|\n|t:|1783534044\n|move|p1a: Baxcalibur|Ice Shard|p2a: Koraidon\n|-supereffective|p2a: Koraidon\n|-damage|p2a: Koraidon|28/100\n|move|p2a: Koraidon|Close Combat|p1a: Baxcalibur\n|-supereffective|p1a: Baxcalibur\n|-damage|p1a: Baxcalibur|0 fnt\n|-unboost|p2a: Koraidon|def|1\n|-unboost|p2a: Koraidon|spd|1\n|faint|p1a: Baxcalibur\n|\n|-weather|SunnyDay|[upkeep]\n|upkeep\n|inactive|Time left: 300 sec this turn | 300 sec total | 5 sec grace\n|\n|t:|1783534045\n|switch|p1a: Meganium|Meganium, L90, F|290/290\n|-damage|p1a: Meganium|254/290|[from] Stealth Rock\n|turn|24\n|inactive|Time left: 300 sec this turn | 300 sec total\n|\n|t:|1783534046\n|move|p2a: Koraidon|Close Combat|p1a: Meganium\n|-damage|p1a: Meganium|74/290\n|-unboost|p2a: Koraidon|def|1\n|-unboost|p2a: Koraidon|spd|1\n|move|p1a: Meganium|Knock Off|p2a: Koraidon\n|-resisted|p2a: Koraidon\n|-damage|p2a: Koraidon|0 fnt\n|-enditem|p2a: Koraidon|Choice Band|[from] move: Knock Off|[of] p1a: Meganium\n|faint|p2a: Koraidon\n|\n|-weather|SunnyDay|[upkeep]\n|-heal|p1a: Meganium|92/290|[from] item: Leftovers\n|upkeep\n|\n|t:|1783534047\n|switch|p2a: Jumpluff|Jumpluff, L87, F|100/100\n|turn|25\n|inactive|Time left: 300 sec this turn | 300 sec total\n|\n|t:|1783534048\n|-terastallize|p1a: Meganium|Steel\n|move|p2a: Jumpluff|Acrobatics|p1a: Meganium\n|-resisted|p1a: Meganium\n|-damage|p1a: Meganium|56/290\n|move|p1a: Meganium|Synthesis|p1a: Meganium\n|-heal|p1a: Meganium|249/290\n|\n|-weather|SunnyDay|[upkeep]\n|-heal|p1a: Meganium|267/290|[from] item: Leftovers\n|upkeep\n|turn|26\n|inactive|Time left: 300 sec this turn | 300 sec total\n|\n|t:|1783534049\n|move|p2a: Jumpluff|Leech Seed|p1a: Meganium\n|-start|p1a: Meganium|move: Leech Seed\n|move|p1a: Meganium|Knock Off|p2a: Jumpluff\n|-damage|p2a: Jumpluff|82/100\n|\n|-weather|SunnyDay|[upkeep]\n|-heal|p1a: Meganium|285/290|[from] item: Leftovers\n|-damage|p1a: Meganium|249/290|[from] Leech Seed|[of] p2a: Jumpluff\n|-heal|p2a: Jumpluff|95/100|[silent]\n|upkeep\n|turn|27\n|inactive|Time left: 300 sec this turn | 300 sec total\n|\n|t:|1783534051\n|switch|p1a: Wigglytuff|Wigglytuff, L96, M|424/424 par\n|-damage|p1a: Wigglytuff|371/424 par|[from] Stealth Rock\n|move|p2a: Jumpluff|Acrobatics|p1a: Wigglytuff\n|-damage|p1a: Wigglytuff|257/424 par\n|\n|-weather|none\n|-heal|p1a: Wigglytuff|283/424 par|[from] item: Leftovers\n|upkeep\n|turn|28\n|inactive|Time left: 300 sec this turn | 300 sec total\n|\n|t:|1783534052\n|move|p1a: Wigglytuff|Protect|p1a: Wigglytuff\n|-singleturn|p1a: Wigglytuff|Protect\n|move|p2a: Jumpluff|Leech Seed|p1a: Wigglytuff\n|-activate|p1a: Wigglytuff|move: Protect\n|\n|-heal|p1a: Wigglytuff|309/424 par|[from] item: Leftovers\n|upkeep\n|turn|29\n|inactive|Time left: 300 sec this turn | 300 sec total\n|\n|t:|1783534053\n|move|p2a: Jumpluff|Leech Seed|p1a: Wigglytuff\n|-start|p1a: Wigglytuff|move: Leech Seed\n|cant|p1a: Wigglytuff|par\n|\n|-heal|p1a: Wigglytuff|335/424 par|[from] item: Leftovers\n|-damage|p1a: Wigglytuff|282/424 par|[from] Leech Seed|[of] p2a: Jumpluff\n|-heal|p2a: Jumpluff|100/100|[silent]\n|upkeep\n|turn|30\n|inactive|Time left: 300 sec this turn | 300 sec total\n|\n|t:|1783534053\n|switch|p1a: Meganium|Meganium, L90, F, tera:Steel|249/290\n|-damage|p1a: Meganium|231/290|[from] Stealth Rock\n|move|p2a: Jumpluff|Substitute|p2a: Jumpluff\n|-start|p2a: Jumpluff|Substitute\n|-damage|p2a: Jumpluff|76/100\n|\n|-heal|p1a: Meganium|249/290|[from] item: Leftovers\n|upkeep\n|turn|31\n|inactive|Time left: 300 sec this turn | 300 sec total\n|\n|t:|1783534054\n|move|p2a: Jumpluff|Leech Seed|p1a: Meganium\n|-start|p1a: Meganium|move: Leech Seed\n|move|p1a: Meganium|Encore|p2a: Jumpluff\n|-start|p2a: Jumpluff|Encore\n|\n|-heal|p1a: Meganium|267/290|[from] item: Leftovers\n|-damage|p1a: Meganium|231/290|[from] Leech Seed|[of] p2a: Jumpluff\n|-heal|p2a: Jumpluff|89/100|[silent]\n|upkeep\n|turn|32\n|inactive|Time left: 300 sec this turn | 300 sec total\n|\n|t:|1783534055\n|move|p2a: Jumpluff|Leech Seed||[still]\n|-fail|p2a: Jumpluff\n|move|p1a: Meganium|Knock Off|p2a: Jumpluff\n|-activate|p2a: Jumpluff|move: Substitute|[damage]\n|\n|-heal|p1a: Meganium|249/290|[from] item: Leftovers\n|-damage|p1a: Meganium|213/290|[from] Leech Seed|[of] p2a: Jumpluff\n|-heal|p2a: Jumpluff|100/100|[silent]\n|upkeep\n|turn|33\n|inactive|Time left: 300 sec this turn | 300 sec total\n|\n|t:|1783534057\n|move|p2a: Jumpluff|Leech Seed||[still]\n|-fail|p2a: Jumpluff\n|move|p1a: Meganium|Synthesis|p1a: Meganium\n|-heal|p1a: Meganium|290/290\n|\n|-damage|p1a: Meganium|254/290|[from] Leech Seed|[of] p2a: Jumpluff\n|upkeep\n|turn|34\n|inactive|Time left: 300 sec this turn | 300 sec total\n|\n|t:|1783534058\n|move|p2a: Jumpluff|Leech Seed||[still]\n|-fail|p2a: Jumpluff\n|move|p1a: Meganium|Knock Off|p2a: Jumpluff\n|-end|p2a: Jumpluff|Substitute\n|\n|-heal|p1a: Meganium|272/290|[from] item: Leftovers\n|-damage|p1a: Meganium|236/290|[from] Leech Seed|[of] p2a: Jumpluff\n|-end|p2a: Jumpluff|Encore\n|upkeep\n|turn|35\n|inactive|Time left: 300 sec this turn | 300 sec total\n|\n|t:|1783534059\n|switch|p1a: Wigglytuff|Wigglytuff, L96, M|282/424 par\n|-damage|p1a: Wigglytuff|229/424 par|[from] Stealth Rock\n|move|p2a: Jumpluff|Acrobatics|p1a: Wigglytuff\n|-damage|p1a: Wigglytuff|108/424 par\n|\n|-heal|p1a: Wigglytuff|134/424 par|[from] item: Leftovers\n|upkeep\n|turn|36\n|inactive|Time left: 300 sec this turn | 300 sec total\n|\n|t:|1783534060\n|move|p2a: Jumpluff|Leech Seed|p1a: Wigglytuff\n|-start|p1a: Wigglytuff|move: Leech Seed\n|move|p1a: Wigglytuff|Wish|p1a: Wigglytuff\n|\n|-heal|p1a: Wigglytuff|160/424 par|[from] item: Leftovers\n|-damage|p1a: Wigglytuff|107/424 par|[from] Leech Seed|[of] p2a: Jumpluff\n|upkeep\n|turn|37\n|inactive|Time left: 300 sec this turn | 300 sec total\n|\n|t:|1783534061\n|move|p1a: Wigglytuff|Protect|p1a: Wigglytuff\n|-singleturn|p1a: Wigglytuff|Protect\n|move|p2a: Jumpluff|Substitute|p2a: Jumpluff\n|-start|p2a: Jumpluff|Substitute\n|-damage|p2a: Jumpluff|76/100\n|\n|-heal|p1a: Wigglytuff|319/424 par|[from] move: Wish|[wisher] Wigglytuff\n|-heal|p1a: Wigglytuff|345/424 par|[from] item: Leftovers\n|-damage|p1a: Wigglytuff|292/424 par|[from] Leech Seed|[of] p2a: Jumpluff\n|-heal|p2a: Jumpluff|95/100|[silent]\n|upkeep\n|turn|38\n|inactive|Time left: 300 sec this turn | 300 sec total\n|\n|t:|1783534062\n|switch|p1a: Meganium|Meganium, L90, F, tera:Steel|236/290\n|-damage|p1a: Meganium|218/290|[from] Stealth Rock\n|move|p2a: Jumpluff|Acrobatics|p1a: Meganium\n|-resisted|p1a: Meganium\n|-damage|p1a: Meganium|182/290\n|\n|-heal|p1a: Meganium|200/290|[from] item: Leftovers\n|upkeep\n|turn|39\n|inactive|Time left: 300 sec this turn | 300 sec total\n|\n|t:|1783534063\n|move|p2a: Jumpluff|Leech Seed|p1a: Meganium\n|-start|p1a: Meganium|move: Leech Seed\n|move|p1a: Meganium|Encore|p2a: Jumpluff\n|-start|p2a: Jumpluff|Encore\n|\n|-heal|p1a: Meganium|218/290|[from] item: Leftovers\n|-damage|p1a: Meganium|182/290|[from] Leech Seed|[of] p2a: Jumpluff\n|-heal|p2a: Jumpluff|100/100|[silent]\n|upkeep\n|turn|40\n|inactive|Time left: 300 sec this turn | 300 sec total\n|\n|t:|1783534064\n|move|p2a: Jumpluff|Leech Seed||[still]\n|-fail|p2a: Jumpluff\n|move|p1a: Meganium|Synthesis|p1a: Meganium\n|-heal|p1a: Meganium|290/290\n|\n|-damage|p1a: Meganium|254/290|[from] Leech Seed|[of] p2a: Jumpluff\n|upkeep\n|turn|41\n|inactive|Time left: 300 sec this turn | 300 sec total\n|\n|t:|1783534065\n|move|p2a: Jumpluff|Leech Seed||[still]\n|-fail|p2a: Jumpluff\n|move|p1a: Meganium|Knock Off|p2a: Jumpluff\n|-activate|p2a: Jumpluff|move: Substitute|[damage]\n|\n|-heal|p1a: Meganium|272/290|[from] item: Leftovers\n|-damage|p1a: Meganium|236/290|[from] Leech Seed|[of] p2a: Jumpluff\n|upkeep\n|turn|42\n|inactive|Time left: 300 sec this turn | 300 sec total\n|\n|t:|1783534066\n|move|p2a: Jumpluff|Leech Seed||[still]\n|-fail|p2a: Jumpluff\n|move|p1a: Meganium|Knock Off|p2a: Jumpluff\n|-end|p2a: Jumpluff|Substitute\n|\n|-heal|p1a: Meganium|254/290|[from] item: Leftovers\n|-damage|p1a: Meganium|218/290|[from] Leech Seed|[of] p2a: Jumpluff\n|-end|p2a: Jumpluff|Encore\n|upkeep\n|turn|43\n|inactive|Time left: 300 sec this turn | 300 sec total\n|\n|t:|1783534066\n|switch|p1a: Wigglytuff|Wigglytuff, L96, M|292/424 par\n|-damage|p1a: Wigglytuff|239/424 par|[from] Stealth Rock\n|move|p2a: Jumpluff|Leech Seed|p1a: Wigglytuff\n|-start|p1a: Wigglytuff|move: Leech Seed\n|\n|-heal|p1a: Wigglytuff|265/424 par|[from] item: Leftovers\n|-damage|p1a: Wigglytuff|212/424 par|[from] Leech Seed|[of] p2a: Jumpluff\n|upkeep\n|turn|44\n|inactive|Time left: 300 sec this turn | 300 sec total\n|\n|t:|1783534067\n|switch|p1a: Meganium|Meganium, L90, F, tera:Steel|218/290\n|-damage|p1a: Meganium|200/290|[from] Stealth Rock\n|move|p2a: Jumpluff|Substitute|p2a: Jumpluff\n|-start|p2a: Jumpluff|Substitute\n|-damage|p2a: Jumpluff|76/100\n|\n|-heal|p1a: Meganium|218/290|[from] item: Leftovers\n|upkeep\n|turn|45\n|inactive|Time left: 300 sec this turn | 300 sec total\n|\n|t:|1783534068\n|move|p2a: Jumpluff|Leech Seed|p1a: Meganium\n|-start|p1a: Meganium|move: Leech Seed\n|move|p1a: Meganium|Encore|p2a: Jumpluff\n|-start|p2a: Jumpluff|Encore\n|\n|-heal|p1a: Meganium|236/290|[from] item: Leftovers\n|-damage|p1a: Meganium|200/290|[from] Leech Seed|[of] p2a: Jumpluff\n|-heal|p2a: Jumpluff|89/100|[silent]\n|upkeep\n|turn|46\n|inactive|Time left: 300 sec this turn | 300 sec total\n|\n|t:|1783534069\n|move|p2a: Jumpluff|Leech Seed||[still]\n|-fail|p2a: Jumpluff\n|move|p1a: Meganium|Synthesis|p1a: Meganium\n|-heal|p1a: Meganium|290/290\n|\n|-damage|p1a: Meganium|254/290|[from] Leech Seed|[of] p2a: Jumpluff\n|-heal|p2a: Jumpluff|100/100|[silent]\n|upkeep\n|turn|47\n|inactive|Time left: 300 sec this turn | 300 sec total\n|\n|t:|1783534070\n|move|p2a: Jumpluff|Leech Seed||[still]\n|-fail|p2a: Jumpluff\n|move|p1a: Meganium|Knock Off|p2a: Jumpluff\n|-activate|p2a: Jumpluff|move: Substitute|[damage]\n|\n|-heal|p1a: Meganium|272/290|[from] item: Leftovers\n|-damage|p1a: Meganium|236/290|[from] Leech Seed|[of] p2a: Jumpluff\n|-end|p2a: Jumpluff|Encore\n|upkeep\n|turn|48\n|inactive|Time left: 300 sec this turn | 300 sec total\n|\n|t:|1783534071\n|switch|p1a: Wigglytuff|Wigglytuff, L96, M|212/424 par\n|-damage|p1a: Wigglytuff|159/424 par|[from] Stealth Rock\n|move|p2a: Jumpluff|Acrobatics|p1a: Wigglytuff\n|-damage|p1a: Wigglytuff|38/424 par\n|\n|-heal|p1a: Wigglytuff|64/424 par|[from] item: Leftovers\n|upkeep\n|turn|49\n|inactive|Time left: 300 sec this turn | 300 sec total\n|\n|t:|1783534073\n|cant|p1a: Wigglytuff|par\n|move|p2a: Jumpluff|Acrobatics|p1a: Wigglytuff\n|-damage|p1a: Wigglytuff|0 fnt\n|faint|p1a: Wigglytuff\n|\n|upkeep\n|inactive|Time left: 300 sec this turn | 300 sec total | 5 sec grace\n|\n|t:|1783534073\n|switch|p1a: Meganium|Meganium, L90, F, tera:Steel|236/290\n|-damage|p1a: Meganium|218/290|[from] Stealth Rock\n|turn|50\n|inactive|Time left: 300 sec this turn | 300 sec total\n|\n|t:|1783534074\n|move|p2a: Jumpluff|Strength Sap|p1a: Meganium\n|-unboost|p1a: Meganium|atk|1\n|move|p1a: Meganium|Synthesis|p1a: Meganium\n|-heal|p1a: Meganium|290/290\n|\n|upkeep\n|turn|51\n|inactive|Time left: 300 sec this turn | 300 sec total\n|\n|t:|1783534075\n|move|p2a: Jumpluff|Strength Sap|p1a: Meganium\n|-unboost|p1a: Meganium|atk|1\n|move|p1a: Meganium|Encore|p2a: Jumpluff\n|-start|p2a: Jumpluff|Encore\n|\n|upkeep\n|turn|52\n|inactive|Time left: 300 sec this turn | 300 sec total\n|\n|t:|1783534077\n|switch|p1a: Snorlax|Snorlax, L82, F|397/397\n|-damage|p1a: Snorlax|348/397|[from] Stealth Rock\n|move|p2a: Jumpluff|Strength Sap|p1a: Snorlax\n|-unboost|p1a: Snorlax|atk|1\n|\n|-heal|p1a: Snorlax|372/397|[from] item: Leftovers\n|upkeep\n|turn|53\n|inactive|Time left: 300 sec this turn | 300 sec total\n|\n|t:|1783534078\n|move|p2a: Jumpluff|Strength Sap|p1a: Snorlax\n|-unboost|p1a: Snorlax|atk|1\n|move|p1a: Snorlax|Body Slam|p2a: Jumpluff\n|-end|p2a: Jumpluff|Substitute\n|\n|-heal|p1a: Snorlax|396/397|[from] item: Leftovers\n|upkeep\n|turn|54\n|inactive|Time left: 300 sec this turn | 300 sec total\n|\n|t:|1783534079\n|switch|p1a: Meganium|Meganium, L90, F, tera:Steel|290/290\n|-damage|p1a: Meganium|272/290|[from] Stealth Rock\n|move|p2a: Jumpluff|Strength Sap|p1a: Meganium\n|-unboost|p1a: Meganium|atk|1\n|\n|-heal|p1a: Meganium|290/290|[from] item: Leftovers\n|-end|p2a: Jumpluff|Encore\n|upkeep\n|turn|55\n|inactive|Time left: 300 sec this turn | 300 sec total\n|\n|t:|1783534080\n|switch|p1a: Snorlax|Snorlax, L82, F|396/397\n|-damage|p1a: Snorlax|347/397|[from] Stealth Rock\n|move|p2a: Jumpluff|Strength Sap|p1a: Snorlax\n|-unboost|p1a: Snorlax|atk|1\n|\n|-heal|p1a: Snorlax|371/397|[from] item: Leftovers\n|upkeep\n|turn|56\n|inactive|Time left: 300 sec this turn | 300 sec total\n|\n|t:|1783534081\n|move|p2a: Jumpluff|Strength Sap|p1a: Snorlax\n|-unboost|p1a: Snorlax|atk|1\n|move|p1a: Snorlax|Body Slam|p2a: Jumpluff\n|-damage|p2a: Jumpluff|82/100\n|\n|-heal|p1a: Snorlax|395/397|[from] item: Leftovers\n|upkeep\n|turn|57\n|inactive|Time left: 300 sec this turn | 300 sec total\n|\n|t:|1783534082\n|switch|p1a: Meganium|Meganium, L90, F, tera:Steel|290/290\n|-damage|p1a: Meganium|272/290|[from] Stealth Rock\n|move|p2a: Jumpluff|Strength Sap|p1a: Meganium\n|-unboost|p1a: Meganium|atk|1\n|-heal|p2a: Jumpluff|100/100\n|\n|-heal|p1a: Meganium|290/290|[from] item: Leftovers\n|upkeep\n|turn|58\n|inactive|Time left: 300 sec this turn | 300 sec total\n|\n|t:|1783534083\n|switch|p1a: Snorlax|Snorlax, L82, F|395/397\n|-damage|p1a: Snorlax|346/397|[from] Stealth Rock\n|move|p2a: Jumpluff|Strength Sap|p1a: Snorlax\n|-unboost|p1a: Snorlax|atk|1\n|\n|-heal|p1a: Snorlax|370/397|[from] item: Leftovers\n|upkeep\n|turn|59\n|inactive|Time left: 300 sec this turn | 300 sec total\n|\n|t:|1783534083\n|move|p2a: Jumpluff|Strength Sap|p1a: Snorlax\n|-unboost|p1a: Snorlax|atk|1\n|move|p1a: Snorlax|Body Slam|p2a: Jumpluff\n|-damage|p2a: Jumpluff|78/100\n|\n|-heal|p1a: Snorlax|394/397|[from] item: Leftovers\n|upkeep\n|turn|60\n|inactive|Time left: 300 sec this turn | 300 sec total\n|\n|t:|1783534084\n|switch|p1a: Meganium|Meganium, L90, F, tera:Steel|290/290\n|-damage|p1a: Meganium|272/290|[from] Stealth Rock\n|move|p2a: Jumpluff|Strength Sap|p1a: Meganium\n|-unboost|p1a: Meganium|atk|1\n|-heal|p2a: Jumpluff|100/100\n|\n|-heal|p1a: Meganium|290/290|[from] item: Leftovers\n|upkeep\n|turn|61\n|inactive|Time left: 300 sec this turn | 300 sec total\n|\n|t:|1783534085\n|switch|p1a: Snorlax|Snorlax, L82, F|394/397\n|-damage|p1a: Snorlax|345/397|[from] Stealth Rock\n|move|p2a: Jumpluff|Strength Sap|p1a: Snorlax\n|-unboost|p1a: Snorlax|atk|1\n|\n|-heal|p1a: Snorlax|369/397|[from] item: Leftovers\n|upkeep\n|turn|62\n|inactive|Time left: 300 sec this turn | 300 sec total\n|\n|t:|1783534086\n|move|p2a: Jumpluff|Strength Sap|p1a: Snorlax\n|-unboost|p1a: Snorlax|atk|1\n|move|p1a: Snorlax|Body Slam|p2a: Jumpluff\n|-damage|p2a: Jumpluff|82/100\n|-status|p2a: Jumpluff|par\n|\n|-heal|p1a: Snorlax|393/397|[from] item: Leftovers\n|upkeep\n|turn|63\n|inactive|Time left: 300 sec this turn | 300 sec total\n|\n|t:|1783534087\n|switch|p1a: Meganium|Meganium, L90, F, tera:Steel|290/290\n|-damage|p1a: Meganium|272/290|[from] Stealth Rock\n|move|p2a: Jumpluff|Strength Sap|p1a: Meganium\n|-unboost|p1a: Meganium|atk|1\n|-heal|p2a: Jumpluff|100/100 par\n|\n|-heal|p1a: Meganium|290/290|[from] item: Leftovers\n|upkeep\n|turn|64\n|inactive|Time left: 300 sec this turn | 300 sec total\n|\n|t:|1783534088\n|switch|p1a: Snorlax|Snorlax, L82, F|393/397\n|-damage|p1a: Snorlax|344/397|[from] Stealth Rock\n|move|p2a: Jumpluff|Strength Sap|p1a: Snorlax\n|-unboost|p1a: Snorlax|atk|1\n|\n|-heal|p1a: Snorlax|368/397|[from] item: Leftovers\n|upkeep\n|turn|65\n|inactive|Time left: 300 sec this turn | 300 sec total\n|\n|t:|1783534089\n|move|p2a: Jumpluff|Acrobatics|p1a: Snorlax\n|-damage|p1a: Snorlax|257/397\n|move|p1a: Snorlax|Body Slam|p2a: Jumpluff\n|-damage|p2a: Jumpluff|76/100 par\n|\n|-heal|p1a: Snorlax|281/397|[from] item: Leftovers\n|upkeep\n|turn|66\n|inactive|Time left: 300 sec this turn | 300 sec total\n|\n|t:|1783534090\n|move|p2a: Jumpluff|Strength Sap|p1a: Snorlax\n|-unboost|p1a: Snorlax|atk|1\n|-heal|p2a: Jumpluff|100/100 par\n|move|p1a: Snorlax|Body Slam|p2a: Jumpluff\n|-damage|p2a: Jumpluff|82/100 par\n|\n|-heal|p1a: Snorlax|305/397|[from] item: Leftovers\n|upkeep\n|turn|67\n|inactive|Time left: 300 sec this turn | 300 sec total\n|\n|t:|1783534091\n|switch|p2a: Chansey|Chansey, L85, F|91/100\n|switch|p1a: Meganium|Meganium, L90, F, tera:Steel|290/290\n|-damage|p1a: Meganium|272/290|[from] Stealth Rock\n|\n|-heal|p1a: Meganium|290/290|[from] item: Leftovers\n|upkeep\n|turn|68\n|inactive|Time left: 300 sec this turn | 300 sec total\n|\n|t:|1783534092\n|move|p1a: Meganium|Knock Off|p2a: Chansey\n|-damage|p2a: Chansey|65/100\n|-enditem|p2a: Chansey|Eviolite|[from] move: Knock Off|[of] p1a: Meganium\n|move|p2a: Chansey|Seismic Toss|p1a: Meganium\n|-damage|p1a: Meganium|205/290\n|\n|-heal|p1a: Meganium|223/290|[from] item: Leftovers\n|upkeep\n|turn|69\n|inactive|Time left: 300 sec this turn | 300 sec total\n|\n|t:|1783534093\n|move|p1a: Meganium|Knock Off|p2a: Chansey\n|-crit|p2a: Chansey\n|-damage|p2a: Chansey|25/100\n|move|p2a: Chansey|Soft-Boiled|p2a: Chansey\n|-heal|p2a: Chansey|75/100\n|\n|-heal|p1a: Meganium|241/290|[from] item: Leftovers\n|upkeep\n|turn|70\n|inactive|Time left: 300 sec this turn | 300 sec total\n|\n|t:|1783534094\n|move|p1a: Meganium|Knock Off|p2a: Chansey\n|-damage|p2a: Chansey|48/100\n|move|p2a: Chansey|Soft-Boiled|p2a: Chansey\n|-heal|p2a: Chansey|98/100\n|\n|-heal|p1a: Meganium|259/290|[from] item: Leftovers\n|upkeep\n|turn|71\n|inactive|Time left: 300 sec this turn | 300 sec total\n|\n|t:|1783534096\n|move|p1a: Meganium|Knock Off|p2a: Chansey\n|-damage|p2a: Chansey|70/100\n|move|p2a: Chansey|Thunder Wave|p1a: Meganium\n|-status|p1a: Meganium|par\n|\n|-heal|p1a: Meganium|277/290 par|[from] item: Leftovers\n|upkeep\n|turn|72\n|inactive|Time left: 300 sec this turn | 300 sec total\n|\n|t:|1783534097\n|move|p2a: Chansey|Soft-Boiled|p2a: Chansey\n|-heal|p2a: Chansey|100/100\n|move|p1a: Meganium|Knock Off|p2a: Chansey\n|-damage|p2a: Chansey|73/100\n|\n|-heal|p1a: Meganium|290/290 par|[from] item: Leftovers\n|upkeep\n|turn|73\n|inactive|Time left: 300 sec this turn | 300 sec total\n|\n|t:|1783534098\n|move|p2a: Chansey|Seismic Toss|p1a: Meganium\n|-damage|p1a: Meganium|205/290 par\n|cant|p1a: Meganium|par\n|\n|-heal|p1a: Meganium|223/290 par|[from] item: Leftovers\n|upkeep\n|turn|74\n|inactive|Time left: 300 sec this turn | 300 sec total\n|\n|t:|1783534099\n|move|p2a: Chansey|Soft-Boiled|p2a: Chansey\n|-heal|p2a: Chansey|100/100\n|move|p1a: Meganium|Knock Off|p2a: Chansey\n|-damage|p2a: Chansey|74/100\n|\n|-heal|p1a: Meganium|241/290 par|[from] item: Leftovers\n|upkeep\n|turn|75\n|inactive|Time left: 300 sec this turn | 300 sec total\n|\n|t:|1783534100\n|move|p2a: Chansey|Soft-Boiled|p2a: Chansey\n|-heal|p2a: Chansey|100/100\n|cant|p1a: Meganium|par\n|\n|-heal|p1a: Meganium|259/290 par|[from] item: Leftovers\n|upkeep\n|turn|76\n|inactive|Time left: 300 sec this turn | 300 sec total\n|\n|t:|1783534101\n|move|p2a: Chansey|Seismic Toss|p1a: Meganium\n|-damage|p1a: Meganium|174/290 par\n|move|p1a: Meganium|Knock Off|p2a: Chansey\n|-damage|p2a: Chansey|70/100\n|\n|-heal|p1a: Meganium|192/290 par|[from] item: Leftovers\n|upkeep\n|turn|77\n|inactive|Time left: 300 sec this turn | 300 sec total\n|\n|t:|1783534102\n|move|p2a: Chansey|Seismic Toss|p1a: Meganium\n|-damage|p1a: Meganium|107/290 par\n|move|p1a: Meganium|Synthesis|p1a: Meganium\n|-heal|p1a: Meganium|252/290 par\n|\n|-heal|p1a: Meganium|270/290 par|[from] item: Leftovers\n|upkeep\n|turn|78\n|inactive|Time left: 300 sec this turn | 300 sec total\n|\n|t:|1783534103\n|move|p2a: Chansey|Soft-Boiled|p2a: Chansey\n|-heal|p2a: Chansey|100/100\n|move|p1a: Meganium|Knock Off|p2a: Chansey\n|-damage|p2a: Chansey|72/100\n|\n|-heal|p1a: Meganium|288/290 par|[from] item: Leftovers\n|upkeep\n|turn|79\n|inactive|Time left: 300 sec this turn | 300 sec total\n|\n|t:|1783534104\n|move|p2a: Chansey|Soft-Boiled|p2a: Chansey\n|-heal|p2a: Chansey|100/100\n|move|p1a: Meganium|Knock Off|p2a: Chansey\n|-damage|p2a: Chansey|72/100\n|\n|-heal|p1a: Meganium|290/290 par|[from] item: Leftovers\n|upkeep\n|turn|80\n|inactive|Time left: 300 sec this turn | 300 sec total\n|\n|t:|1783534105\n|move|p2a: Chansey|Seismic Toss|p1a: Meganium\n|-damage|p1a: Meganium|205/290 par\n|cant|p1a: Meganium|par\n|\n|-heal|p1a: Meganium|223/290 par|[from] item: Leftovers\n|upkeep\n|turn|81\n|inactive|Time left: 300 sec this turn | 300 sec total\n|\n|t:|1783534106\n|move|p2a: Chansey|Seismic Toss|p1a: Meganium\n|-damage|p1a: Meganium|138/290 par\n|move|p1a: Meganium|Knock Off|p2a: Chansey\n|-damage|p2a: Chansey|44/100\n|\n|-heal|p1a: Meganium|156/290 par|[from] item: Leftovers\n|upkeep\n|turn|82\n|inactive|Time left: 300 sec this turn | 300 sec total\n|\n|t:|1783534107\n|move|p2a: Chansey|Seismic Toss|p1a: Meganium\n|-damage|p1a: Meganium|71/290 par\n|cant|p1a: Meganium|par\n|\n|-heal|p1a: Meganium|89/290 par|[from] item: Leftovers\n|upkeep\n|turn|83\n|inactive|Time left: 300 sec this turn | 300 sec total\n|\n|t:|1783534108\n|move|p2a: Chansey|Seismic Toss|p1a: Meganium\n|-damage|p1a: Meganium|4/290 par\n|move|p1a: Meganium|Synthesis|p1a: Meganium\n|-heal|p1a: Meganium|149/290 par\n|\n|-heal|p1a: Meganium|167/290 par|[from] item: Leftovers\n|upkeep\n|turn|84\n|inactive|Time left: 300 sec this turn | 300 sec total\n|\n|t:|1783534109\n|move|p2a: Chansey|Seismic Toss|p1a: Meganium\n|-damage|p1a: Meganium|82/290 par\n|move|p1a: Meganium|Synthesis|p1a: Meganium\n|-heal|p1a: Meganium|227/290 par\n|\n|-heal|p1a: Meganium|245/290 par|[from] item: Leftovers\n|upkeep\n|turn|85\n|inactive|Time left: 300 sec this turn | 300 sec total\n|\n|t:|1783534110\n|move|p2a: Chansey|Seismic Toss|p1a: Meganium\n|-damage|p1a: Meganium|160/290 par\n|move|p1a: Meganium|Knock Off|p2a: Chansey\n|-damage|p2a: Chansey|17/100\n|\n|-heal|p1a: Meganium|178/290 par|[from] item: Leftovers\n|upkeep\n|turn|86\n|inactive|Time left: 300 sec this turn | 300 sec total\n|\n|t:|1783534111\n|move|p2a: Chansey|Seismic Toss|p1a: Meganium\n|-damage|p1a: Meganium|93/290 par\n|move|p1a: Meganium|Knock Off|p2a: Chansey\n|-damage|p2a: Chansey|0 fnt\n|faint|p2a: Chansey\n|\n|-heal|p1a: Meganium|111/290 par|[from] item: Leftovers\n|upkeep\n|\n|t:|1783534112\n|switch|p2a: Jumpluff|Jumpluff, L87, F|82/100 par\n|turn|87\n|inactive|Time left: 300 sec this turn | 300 sec total\n|\n|t:|1783534113\n|cant|p2a: Jumpluff|par\n|move|p1a: Meganium|Knock Off|p2a: Jumpluff\n|-damage|p2a: Jumpluff|62/100 par\n|\n|-heal|p1a: Meganium|129/290 par|[from] item: Leftovers\n|upkeep\n|turn|88\n|inactive|Time left: 300 sec this turn | 300 sec total\n|\n|t:|1783534115\n|cant|p2a: Jumpluff|par\n|move|p1a: Meganium|Knock Off|p2a: Jumpluff\n|-damage|p2a: Jumpluff|44/100 par\n|\n|-heal|p1a: Meganium|147/290 par|[from] item: Leftovers\n|upkeep\n|turn|89\n|inactive|Time left: 300 sec this turn | 300 sec total\n|\n|t:|1783534116\n|move|p2a: Jumpluff|Substitute|p2a: Jumpluff\n|-start|p2a: Jumpluff|Substitute\n|-damage|p2a: Jumpluff|19/100 par\n|move|p1a: Meganium|Knock Off|p2a: Jumpluff\n|-activate|p2a: Jumpluff|move: Substitute|[damage]\n|\n|-heal|p1a: Meganium|165/290 par|[from] item: Leftovers\n|upkeep\n|turn|90\n|inactive|Time left: 300 sec this turn | 300 sec total\n|\n|t:|1783534117\n|move|p2a: Jumpluff|Acrobatics|p1a: Meganium\n|-resisted|p1a: Meganium\n|-damage|p1a: Meganium|131/290 par\n|move|p1a: Meganium|Knock Off|p2a: Jumpluff\n|-end|p2a: Jumpluff|Substitute\n|\n|-heal|p1a: Meganium|149/290 par|[from] item: Leftovers\n|upkeep\n|turn|91\n|inactive|Time left: 300 sec this turn | 300 sec total\n|\n|t:|1783534118\n|move|p2a: Jumpluff|Acrobatics|p1a: Meganium\n|-resisted|p1a: Meganium\n|-damage|p1a: Meganium|115/290 par\n|cant|p1a: Meganium|par\n|\n|-heal|p1a: Meganium|133/290 par|[from] item: Leftovers\n|upkeep\n|turn|92\n|inactive|Time left: 300 sec this turn | 300 sec total\n|\n|t:|1783534119\n|cant|p2a: Jumpluff|par\n|move|p1a: Meganium|Knock Off|p2a: Jumpluff\n|-damage|p2a: Jumpluff|0 fnt\n|faint|p2a: Jumpluff\n|\n|win|p0x0676a7b", "uploadtime": 1783534119, "views": 0, "rating": 0, "private": 0, "password": null, "_winner": "p0x0676a7b", "_our_name": "p0x0676a7b"}