{"id": "battle-gen9randombattle-2767", "formatid": "gen9randombattle", "format": "[Gen 9] Random Battle", "players": ["p0x2767994a", "p0y2767b56e"], "log": "|init|battle\n|title|p0x2767994a vs. p0y2767b56e\n|j|\u2606p0x2767994a\n|j|\u2606p0y2767b56e\n|t:|1783571897\n|gametype|singles\n|player|p1|p0x2767994a|265|\n|player|p2|p0y2767b56e|170|\n|gen|9\n|tier|[Gen 9] Random Battle\n|rule|Species Clause: Limit one of each Pok\u00e9mon\n|rule|HP Percentage Mod: HP is shown in percentages\n|rule|Sleep Clause Mod: Limit one foe put to sleep\n|rule|Illusion Level Mod: Illusion disguises the Pok\u00e9mon's true level\n|\n|t:|1783571897\n|teamsize|p1|6\n|teamsize|p2|6\n|start\n|switch|p1a: Lilligant|Lilligant, L86, F|100/100\n|switch|p2a: Jolteon|Jolteon, L84, M|246/246\n|turn|1\n|inactive|Battle timer is ON: inactive players will automatically lose when time's up. (requested by p0y2767b56e)\n|inactive|p0x2767994a also wants the timer to be on.\n|\n|t:|1783571898\n|move|p2a: Jolteon|Volt Switch|p1a: Lilligant\n|-resisted|p1a: Lilligant\n|-damage|p1a: Lilligant|84/100\n|inactive|Time left: 300 sec this turn | 300 sec total | 65 sec grace\n|\n|t:|1783571899\n|switch|p2a: Appletun|Appletun, L92, F|352/352|[from] Volt Switch\n|move|p1a: Lilligant|Quiver Dance|p1a: Lilligant\n|-boost|p1a: Lilligant|spa|1\n|-boost|p1a: Lilligant|spd|1\n|-boost|p1a: Lilligant|spe|1\n|\n|upkeep\n|turn|2\n|inactive|Time left: 300 sec this turn | 300 sec total\n|\n|t:|1783571900\n|move|p1a: Lilligant|Quiver Dance|p1a: Lilligant\n|-boost|p1a: Lilligant|spa|1\n|-boost|p1a: Lilligant|spd|1\n|-boost|p1a: Lilligant|spe|1\n|move|p2a: Appletun|Dragon Tail|p1a: Lilligant|[miss]\n|-miss|p2a: Appletun|p1a: Lilligant\n|\n|upkeep\n|turn|3\n|inactive|Time left: 300 sec this turn | 300 sec total\n|\n|t:|1783571900\n|-terastallize|p1a: Lilligant|Fairy\n|move|p1a: Lilligant|Alluring Voice|p2a: Appletun\n|-supereffective|p2a: Appletun\n|-damage|p2a: Appletun|0 fnt\n|faint|p2a: Appletun\n|-damage|p1a: Lilligant|74/100|[from] item: Life Orb\n|\n|upkeep\n|inactive|Time left: 300 sec this turn | 300 sec total | 5 sec grace\n|\n|t:|1783571901\n|switch|p2a: Houndstone|Houndstone, L86, M|264/264\n|turn|4\n|inactive|Time left: 300 sec this turn | 300 sec total\n|\n|t:|1783571902\n|move|p1a: Lilligant|Sleep Powder|p2a: Houndstone|[miss]\n|-miss|p1a: Lilligant|p2a: Houndstone\n|move|p2a: Houndstone|Poltergeist|p1a: Lilligant\n|-activate|p1a: Lilligant|move: Poltergeist|Life Orb\n|-damage|p1a: Lilligant|19/100\n|\n|upkeep\n|turn|5\n|inactive|Time left: 300 sec this turn | 300 sec total\n|\n|t:|1783571903\n|move|p1a: Lilligant|Sleep Powder|p2a: Houndstone\n|-status|p2a: Houndstone|slp|[from] move: Sleep Powder\n|cant|p2a: Houndstone|slp\n|\n|upkeep\n|turn|6\n|inactive|Time left: 300 sec this turn | 300 sec total\n|\n|t:|1783571904\n|switch|p2a: Skarmory|Skarmory, L80, M|235/235\n|move|p1a: Lilligant|Quiver Dance|p1a: Lilligant\n|-boost|p1a: Lilligant|spa|1\n|-boost|p1a: Lilligant|spd|1\n|-boost|p1a: Lilligant|spe|1\n|\n|upkeep\n|turn|7\n|inactive|Time left: 300 sec this turn | 300 sec total\n|\n|t:|1783571905\n|move|p1a: Lilligant|Alluring Voice|p2a: Skarmory\n|-resisted|p2a: Skarmory\n|-damage|p2a: Skarmory|53/235\n|-damage|p1a: Lilligant|9/100|[from] item: Life Orb\n|move|p2a: Skarmory|Brave Bird|p1a: Lilligant\n|-damage|p1a: Lilligant|0 fnt\n|faint|p1a: Lilligant\n|-damage|p2a: Skarmory|46/235|[from] Recoil\n|\n|-heal|p2a: Skarmory|60/235|[from] item: Leftovers\n|upkeep\n|\n|t:|1783571906\n|switch|p1a: Iron Jugulis|Iron Jugulis, L77|100/100\n|turn|8\n|inactive|Time left: 300 sec this turn | 300 sec total\n|\n|t:|1783571907\n|switch|p2a: Suicune|Suicune, L82|298/298\n|-ability|p2a: Suicune|Pressure\n|move|p1a: Iron Jugulis|Dark Pulse|p2a: Suicune\n|-damage|p2a: Suicune|187/298\n|\n|-heal|p2a: Suicune|205/298|[from] item: Leftovers\n|upkeep\n|turn|9\n|inactive|Time left: 300 sec this turn | 300 sec total\n|\n|t:|1783571908\n|move|p1a: Iron Jugulis|Dark Pulse|p2a: Suicune\n|-damage|p2a: Suicune|100/298\n|cant|p2a: Suicune|flinch\n|\n|-heal|p2a: Suicune|118/298|[from] item: Leftovers\n|upkeep\n|turn|10\n|inactive|Time left: 300 sec this turn | 300 sec total\n|\n|t:|1783571909\n|move|p2a: Suicune|Protect|p2a: Suicune\n|-singleturn|p2a: Suicune|Protect\n|move|p1a: Iron Jugulis|Dark Pulse|p2a: Suicune\n|-activate|p2a: Suicune|move: Protect\n|\n|-heal|p2a: Suicune|136/298|[from] item: Leftovers\n|upkeep\n|turn|11\n|inactive|Time left: 300 sec this turn | 300 sec total\n|\n|t:|1783571910\n|move|p1a: Iron Jugulis|Dark Pulse|p2a: Suicune\n|-damage|p2a: Suicune|31/298\n|cant|p2a: Suicune|flinch\n|\n|-heal|p2a: Suicune|49/298|[from] item: Leftovers\n|upkeep\n|turn|12\n|inactive|Time left: 300 sec this turn | 300 sec total\n|\n|t:|1783571911\n|switch|p2a: Jolteon|Jolteon, L84, M|246/246\n|move|p1a: Iron Jugulis|Dark Pulse|p2a: Jolteon\n|-damage|p2a: Jolteon|135/246\n|\n|upkeep\n|turn|13\n|inactive|Time left: 300 sec this turn | 300 sec total\n|\n|t:|1783571912\n|-end|p1a: Iron Jugulis|Quark Drive|[silent]\n|switch|p1a: Pincurchin|Pincurchin, M|100/100\n|-fieldstart|move: Electric Terrain|[from] ability: Electric Surge|[of] p1a: Pincurchin\n|move|p2a: Jolteon|Thunderbolt|p1a: Pincurchin\n|-resisted|p1a: Pincurchin\n|-damage|p1a: Pincurchin|80/100\n|\n|-heal|p1a: Pincurchin|86/100|[from] item: Leftovers\n|upkeep\n|turn|14\n|inactive|Time left: 300 sec this turn | 300 sec total\n|\n|t:|1783571913\n|move|p2a: Jolteon|Calm Mind|p2a: Jolteon\n|-boost|p2a: Jolteon|spa|1\n|-boost|p2a: Jolteon|spd|1\n|move|p1a: Pincurchin|Scald|p2a: Jolteon\n|-damage|p2a: Jolteon|85/246\n|\n|-heal|p1a: Pincurchin|92/100|[from] item: Leftovers\n|upkeep\n|turn|15\n|inactive|Time left: 300 sec this turn | 300 sec total\n|\n|t:|1783571914\n|move|p2a: Jolteon|Calm Mind|p2a: Jolteon\n|-boost|p2a: Jolteon|spa|1\n|-boost|p2a: Jolteon|spd|1\n|move|p1a: Pincurchin|Discharge|p2a: Jolteon\n|-heal|p2a: Jolteon|146/246|[from] ability: Volt Absorb|[of] p1a: Pincurchin\n|\n|-heal|p1a: Pincurchin|98/100|[from] item: Leftovers\n|upkeep\n|turn|16\n|inactive|Time left: 300 sec this turn | 300 sec total\n|\n|t:|1783571915\n|move|p2a: Jolteon|Calm Mind|p2a: Jolteon\n|-boost|p2a: Jolteon|spa|1\n|-boost|p2a: Jolteon|spd|1\n|move|p1a: Pincurchin|Toxic Spikes|p2a: Jolteon\n|-sidestart|p2: p0y2767b56e|move: Toxic Spikes\n|\n|-heal|p1a: Pincurchin|100/100|[from] item: Leftovers\n|upkeep\n|turn|17\n|inactive|Time left: 300 sec this turn | 300 sec total\n|\n|t:|1783571916\n|switch|p1a: Dipplin|Dipplin, L88, M|100/100\n|move|p2a: Jolteon|Thunderbolt|p1a: Dipplin\n|-resisted|p1a: Dipplin\n|-damage|p1a: Dipplin|79/100\n|\n|-fieldend|move: Electric Terrain\n|upkeep\n|turn|18\n|inactive|Time left: 300 sec this turn | 300 sec total\n|\n|t:|1783571917\n|move|p2a: Jolteon|Alluring Voice|p1a: Dipplin\n|-supereffective|p1a: Dipplin\n|-damage|p1a: Dipplin|6/100\n|move|p1a: Dipplin|Recover|p1a: Dipplin\n|-heal|p1a: Dipplin|56/100\n|\n|upkeep\n|turn|19\n|inactive|Time left: 300 sec this turn | 300 sec total\n|\n|t:|1783571918\n|move|p1a: Dipplin|Sucker Punch|p2a: Jolteon\n|-damage|p2a: Jolteon|80/246\n|move|p2a: Jolteon|Alluring Voice|p1a: Dipplin\n|-supereffective|p1a: Dipplin\n|-damage|p1a: Dipplin|0 fnt\n|faint|p1a: Dipplin\n|\n|upkeep\n|\n|t:|1783571919\n|switch|p1a: Scream Tail|Scream Tail, L84|100/100\n|turn|20\n|inactive|Time left: 300 sec this turn | 300 sec total\n|\n|t:|1783571920\n|move|p2a: Jolteon|Thunderbolt|p1a: Scream Tail\n|-damage|p1a: Scream Tail|33/100\n|move|p1a: Scream Tail|Play Rough|p2a: Jolteon\n|-damage|p2a: Jolteon|0 fnt\n|faint|p2a: Jolteon\n|\n|-heal|p1a: Scream Tail|39/100|[from] item: Leftovers\n|upkeep\n|inactive|Time left: 300 sec this turn | 300 sec total | 5 sec grace\n|\n|t:|1783571921\n|switch|p2a: Houndstone|Houndstone, L86, M|264/264 slp\n|turn|21\n|inactive|Time left: 300 sec this turn | 300 sec total\n|\n|t:|1783571922\n|move|p1a: Scream Tail|Wish|p1a: Scream Tail\n|-curestatus|p2a: Houndstone|slp|[msg]\n|move|p2a: Houndstone|Sleep Talk||[still]\n|-fail|p2a: Houndstone\n|\n|-heal|p1a: Scream Tail|45/100|[from] item: Leftovers\n|upkeep\n|turn|22\n|inactive|Time left: 300 sec this turn | 300 sec total\n|\n|t:|1783571923\n|move|p1a: Scream Tail|Protect|p1a: Scream Tail\n|-singleturn|p1a: Scream Tail|Protect\n|move|p2a: Houndstone|Poltergeist|p1a: Scream Tail\n|-activate|p1a: Scream Tail|move: Protect\n|\n|-heal|p1a: Scream Tail|95/100|[from] move: Wish|[wisher] Scream Tail\n|-heal|p1a: Scream Tail|100/100|[from] item: Leftovers\n|upkeep\n|turn|23\n|inactive|Time left: 300 sec this turn | 300 sec total\n|\n|t:|1783571924\n|-end|p1a: Scream Tail|Protosynthesis|[silent]\n|switch|p1a: Iron Jugulis|Iron Jugulis, L77|100/100\n|move|p2a: Houndstone|Poltergeist|p1a: Iron Jugulis|[miss]\n|-miss|p2a: Houndstone|p1a: Iron Jugulis\n|\n|upkeep\n|turn|24\n|inactive|Time left: 300 sec this turn | 300 sec total\n|\n|t:|1783571925\n|move|p1a: Iron Jugulis|Dark Pulse|p2a: Houndstone\n|-supereffective|p2a: Houndstone\n|-crit|p2a: Houndstone\n|-damage|p2a: Houndstone|0 fnt\n|faint|p2a: Houndstone\n|\n|upkeep\n|inactive|Time left: 300 sec this turn | 300 sec total | 5 sec grace\n|\n|t:|1783571926\n|switch|p2a: Regirock|Regirock, L83|268/268\n|-status|p2a: Regirock|psn\n|turn|25\n|inactive|Time left: 300 sec this turn | 300 sec total\n|\n|t:|1783571927\n|move|p1a: Iron Jugulis|Dark Pulse|p2a: Regirock\n|-damage|p2a: Regirock|150/268 psn\n|cant|p2a: Regirock|flinch\n|\n|-heal|p2a: Regirock|166/268 psn|[from] item: Leftovers\n|-damage|p2a: Regirock|133/268 psn|[from] psn\n|upkeep\n|turn|26\n|inactive|Time left: 300 sec this turn | 300 sec total\n|\n|t:|1783571928\n|-terastallize|p2a: Regirock|Fighting\n|move|p1a: Iron Jugulis|Dark Pulse|p2a: Regirock\n|-resisted|p2a: Regirock\n|-damage|p2a: Regirock|77/268 psn\n|move|p2a: Regirock|Stone Edge|p1a: Iron Jugulis\n|-supereffective|p1a: Iron Jugulis\n|-damage|p1a: Iron Jugulis|10/100\n|\n|-heal|p2a: Regirock|93/268 psn|[from] item: Leftovers\n|-damage|p2a: Regirock|60/268 psn|[from] psn\n|upkeep\n|turn|27\n|inactive|Time left: 300 sec this turn | 300 sec total\n|\n|t:|1783571928\n|move|p1a: Iron Jugulis|Dark Pulse|p2a: Regirock\n|-resisted|p2a: Regirock\n|-damage|p2a: Regirock|6/268 psn\n|move|p2a: Regirock|Stone Edge|p1a: Iron Jugulis\n|-supereffective|p1a: Iron Jugulis\n|-damage|p1a: Iron Jugulis|0 fnt\n|faint|p1a: Iron Jugulis\n|-end|p1a: Iron Jugulis|Quark Drive|[silent]\n|\n|-heal|p2a: Regirock|22/268 psn|[from] item: Leftovers\n|-damage|p2a: Regirock|0 fnt|[from] psn\n|faint|p2a: Regirock\n|upkeep\n|inactive|Time left: 300 sec this turn | 300 sec total | 5 sec grace\n|\n|t:|1783571929\n|switch|p1a: Mienshao|Mienshao, L83, F|100/100\n|switch|p2a: Suicune|Suicune, L82|49/298\n|-status|p2a: Suicune|psn\n|-ability|p2a: Suicune|Pressure\n|turn|28\n|inactive|Time left: 300 sec this turn | 300 sec total\n|\n|t:|1783571930\n|move|p2a: Suicune|Protect|p2a: Suicune\n|-singleturn|p2a: Suicune|Protect\n|move|p1a: Mienshao|Close Combat|p2a: Suicune\n|-activate|p2a: Suicune|move: Protect\n|\n|-heal|p2a: Suicune|67/298 psn|[from] item: Leftovers\n|-damage|p2a: Suicune|30/298 psn|[from] psn\n|upkeep\n|turn|29\n|inactive|Time left: 300 sec this turn | 300 sec total\n|\n|t:|1783571931\n|move|p2a: Suicune|Protect||[still]\n|-fail|p2a: Suicune\n|move|p1a: Mienshao|Close Combat|p2a: Suicune\n|-damage|p2a: Suicune|0 fnt\n|-unboost|p1a: Mienshao|def|1\n|-unboost|p1a: Mienshao|spd|1\n|faint|p2a: Suicune\n|\n|upkeep\n|inactive|Time left: 300 sec this turn | 300 sec total | 5 sec grace\n|\n|t:|1783571932\n|switch|p2a: Skarmory|Skarmory, L80, M|60/235\n|turn|30\n|inactive|Time left: 300 sec this turn | 300 sec total\n|\n|t:|1783571932\n|move|p1a: Mienshao|Close Combat|p2a: Skarmory\n|-damage|p2a: Skarmory|0 fnt\n|-unboost|p1a: Mienshao|def|1\n|-unboost|p1a: Mienshao|spd|1\n|faint|p2a: Skarmory\n|\n|win|p0x2767994a", "uploadtime": 1783571932, "views": 0, "rating": 0, "private": 0, "password": null, "_winner": "p0x2767994a", "_our_name": "p0y2767b56e"}