{"id": "battle-gen9randombattle-2648", "formatid": "gen9randombattle", "format": "[Gen 9] Random Battle", "players": ["p0x26483b9d", "p0y2648e91f"], "log": "|init|battle\n|title|p0x26483b9d vs. p0y2648e91f\n|j|\u2606p0x26483b9d\n|j|\u2606p0y2648e91f\n|t:|1783569554\n|gametype|singles\n|player|p1|p0x26483b9d|101|\n|player|p2|p0y2648e91f|266|\n|gen|9\n|tier|[Gen 9] Random Battle\n|rule|Species Clause: Limit one of each Pok\u00e9mon\n|rule|HP Percentage Mod: HP is shown in percentages\n|rule|Sleep Clause Mod: Limit one foe put to sleep\n|rule|Illusion Level Mod: Illusion disguises the Pok\u00e9mon's true level\n|\n|t:|1783569554\n|teamsize|p1|6\n|teamsize|p2|6\n|start\n|switch|p1a: Incineroar|Incineroar, L82, F|100/100\n|switch|p2a: Regirock|Regirock, L83|268/268\n|-ability|p1a: Incineroar|Intimidate|boost\n|-fail|p2a: Regirock|unboost|[from] ability: Clear Body|[of] p2a: Regirock\n|turn|1\n|inactive|Battle timer is ON: inactive players will automatically lose when time's up. (requested by p0x26483b9d)\n|inactive|Time left: 300 sec this turn | 300 sec total | 60 sec grace\n|inactive|p0y2648e91f also wants the timer to be on.\n|\n|t:|1783569556\n|move|p1a: Incineroar|Will-O-Wisp|p2a: Regirock\n|-status|p2a: Regirock|brn\n|move|p2a: Regirock|Body Press|p1a: Incineroar\n|-supereffective|p1a: Incineroar\n|-damage|p1a: Incineroar|68/100\n|\n|-damage|p2a: Regirock|252/268 brn|[from] brn\n|upkeep\n|turn|2\n|inactive|Time left: 300 sec this turn | 300 sec total\n|\n|t:|1783569557\n|move|p1a: Incineroar|Knock Off|p2a: Regirock\n|-damage|p2a: Regirock|198/268 brn\n|-enditem|p2a: Regirock|Leftovers|[from] move: Knock Off|[of] p1a: Incineroar\n|move|p2a: Regirock|Iron Defense|p2a: Regirock\n|-boost|p2a: Regirock|def|2\n|\n|-damage|p2a: Regirock|182/268 brn|[from] brn\n|upkeep\n|turn|3\n|inactive|Time left: 300 sec this turn | 300 sec total\n|\n|t:|1783569558\n|switch|p1a: Manaphy|Manaphy, L78|100/100\n|move|p2a: Regirock|Body Press|p1a: Manaphy\n|-damage|p1a: Manaphy|63/100\n|\n|-heal|p1a: Manaphy|69/100|[from] item: Leftovers\n|-damage|p2a: Regirock|166/268 brn|[from] brn\n|upkeep\n|turn|4\n|inactive|Time left: 300 sec this turn | 300 sec total\n|\n|t:|1783569559\n|switch|p2a: Squawkabilly|Squawkabilly, L85, M|278/278\n|move|p1a: Manaphy|Tail Glow|p1a: Manaphy\n|-boost|p1a: Manaphy|spa|3\n|\n|-heal|p1a: Manaphy|75/100|[from] item: Leftovers\n|-status|p2a: Squawkabilly|brn|[from] item: Flame Orb\n|upkeep\n|turn|5\n|inactive|Time left: 300 sec this turn | 300 sec total\n|\n|t:|1783569560\n|-terastallize|p2a: Squawkabilly|Normal\n|move|p2a: Squawkabilly|Facade|p1a: Manaphy\n|-damage|p1a: Manaphy|0 fnt\n|faint|p1a: Manaphy\n|\n|-damage|p2a: Squawkabilly|261/278 brn|[from] brn\n|upkeep\n|\n|t:|1783569561\n|switch|p1a: Hoopa|Hoopa, L85|100/100\n|turn|6\n|inactive|Time left: 300 sec this turn | 300 sec total\n|\n|t:|1783569562\n|move|p1a: Hoopa|Psyshock|p2a: Squawkabilly\n|-damage|p2a: Squawkabilly|75/278 brn\n|move|p2a: Squawkabilly|U-turn|p1a: Hoopa\n|-damage|p1a: Hoopa|67/100\n|inactive|Time left: 300 sec this turn | 300 sec total | 5 sec grace\n|\n|t:|1783569563\n|switch|p2a: Samurott|Samurott-Hisui, L77, M|265/265|[from] U-turn\n|\n|upkeep\n|turn|7\n|inactive|Time left: 300 sec this turn | 300 sec total\n|\n|t:|1783569564\n|switch|p1a: Serperior|Serperior, L79, F|100/100\n|move|p2a: Samurott|Razor Shell|p1a: Serperior\n|-resisted|p1a: Serperior\n|-damage|p1a: Serperior|70/100\n|-boost|p1a: Serperior|def|1\n|\n|upkeep\n|turn|8\n|inactive|Time left: 300 sec this turn | 300 sec total\n|\n|t:|1783569565\n|switch|p2a: Frosmoth|Frosmoth, L82, F|249/249\n|move|p1a: Serperior|Leaf Storm|p2a: Frosmoth\n|-resisted|p2a: Frosmoth\n|-damage|p2a: Frosmoth|218/249\n|-boost|p1a: Serperior|spa|2\n|-damage|p1a: Serperior|61/100|[from] item: Life Orb\n|\n|upkeep\n|turn|9\n|inactive|Time left: 300 sec this turn | 300 sec total\n|\n|t:|1783569566\n|move|p1a: Serperior|Glare|p2a: Frosmoth\n|-status|p2a: Frosmoth|par\n|move|p2a: Frosmoth|Ice Beam|p1a: Serperior\n|-supereffective|p1a: Serperior\n|-crit|p1a: Serperior\n|-damage|p1a: Serperior|0 fnt\n|faint|p1a: Serperior\n|\n|upkeep\n|\n|t:|1783569567\n|switch|p1a: Gumshoos|Gumshoos, L95, F|100/100\n|turn|10\n|inactive|Time left: 300 sec this turn | 300 sec total\n|\n|t:|1783569568\n|switch|p2a: Regirock|Regirock, L83|166/268 brn\n|move|p1a: Gumshoos|Double-Edge|p2a: Regirock\n|-resisted|p2a: Regirock\n|-damage|p2a: Regirock|77/268 brn\n|-damage|p1a: Gumshoos|91/100|[from] Recoil\n|\n|-damage|p2a: Regirock|61/268 brn|[from] brn\n|upkeep\n|turn|11\n|inactive|Time left: 300 sec this turn | 300 sec total\n|\n|t:|1783569569\n|move|p1a: Gumshoos|Double-Edge|p2a: Regirock\n|-resisted|p2a: Regirock\n|-damage|p2a: Regirock|0 fnt\n|faint|p2a: Regirock\n|-damage|p1a: Gumshoos|85/100|[from] Recoil\n|\n|upkeep\n|inactive|Time left: 300 sec this turn | 300 sec total | 5 sec grace\n|\n|t:|1783569570\n|switch|p2a: Squawkabilly|Squawkabilly, L85, M, tera:Normal|75/278 brn\n|turn|12\n|inactive|Time left: 300 sec this turn | 300 sec total\n|\n|t:|1783569571\n|switch|p1a: Hoopa|Hoopa, L85|67/100\n|move|p2a: Squawkabilly|Facade|p1a: Hoopa\n|-immune|p1a: Hoopa\n|\n|-damage|p2a: Squawkabilly|58/278 brn|[from] brn\n|upkeep\n|turn|13\n|inactive|Time left: 300 sec this turn | 300 sec total\n|\n|t:|1783569572\n|switch|p2a: Wyrdeer|Wyrdeer, L87, M|321/321\n|-ability|p2a: Wyrdeer|Intimidate|boost\n|-unboost|p1a: Hoopa|atk|1\n|move|p1a: Hoopa|Focus Blast|p2a: Wyrdeer\n|-damage|p2a: Wyrdeer|236/321\n|\n|upkeep\n|turn|14\n|inactive|Time left: 300 sec this turn | 300 sec total\n|\n|t:|1783569573\n|move|p1a: Hoopa|Focus Blast|p2a: Wyrdeer\n|-damage|p2a: Wyrdeer|138/321\n|move|p2a: Wyrdeer|Body Slam|p1a: Hoopa\n|-immune|p1a: Hoopa\n|\n|upkeep\n|turn|15\n|inactive|Time left: 300 sec this turn | 300 sec total\n|\n|t:|1783569574\n|switch|p1a: Gumshoos|Gumshoos, L95, F|85/100\n|move|p2a: Wyrdeer|Earthquake|p1a: Gumshoos\n|-damage|p1a: Gumshoos|57/100\n|\n|upkeep\n|turn|16\n|inactive|Time left: 300 sec this turn | 300 sec total\n|\n|t:|1783569574\n|move|p2a: Wyrdeer|Body Slam|p1a: Gumshoos\n|-damage|p1a: Gumshoos|17/100\n|-status|p1a: Gumshoos|par\n|move|p1a: Gumshoos|U-turn|p2a: Wyrdeer\n|-supereffective|p2a: Wyrdeer\n|-damage|p2a: Wyrdeer|0 fnt\n|faint|p2a: Wyrdeer\n|\n|t:|1783569575\n|switch|p1a: Maushold|Maushold, L76|100/100|[from] U-turn\n|\n|upkeep\n|inactive|Time left: 300 sec this turn | 300 sec total | 10 sec grace\n|\n|t:|1783569576\n|switch|p2a: Samurott|Samurott-Hisui, L77, M|265/265\n|turn|17\n|inactive|Time left: 300 sec this turn | 300 sec total\n|\n|t:|1783569577\n|-terastallize|p1a: Maushold|Normal\n|move|p1a: Maushold|Population Bomb|p2a: Samurott\n|-damage|p2a: Samurott|227/265\n|-damage|p2a: Samurott|191/265\n|-crit|p2a: Samurott\n|-damage|p2a: Samurott|141/265\n|-damage|p2a: Samurott|107/265\n|-damage|p2a: Samurott|69/265\n|-damage|p2a: Samurott|31/265\n|-damage|p2a: Samurott|0 fnt\n|faint|p2a: Samurott\n|-hitcount|p2: Samurott|7\n|\n|upkeep\n|inactive|Time left: 300 sec this turn | 300 sec total | 5 sec grace\n|\n|t:|1783569578\n|switch|p2a: Frosmoth|Frosmoth, L82, F|218/249 par\n|turn|18\n|inactive|Time left: 300 sec this turn | 300 sec total\n|\n|t:|1783569579\n|move|p1a: Maushold|Population Bomb|p2a: Frosmoth\n|-damage|p2a: Frosmoth|178/249 par\n|-damage|p2a: Frosmoth|136/249 par\n|-damage|p2a: Frosmoth|94/249 par\n|-damage|p2a: Frosmoth|54/249 par\n|-damage|p2a: Frosmoth|10/249 par\n|-damage|p2a: Frosmoth|0 fnt\n|faint|p2a: Frosmoth\n|-hitcount|p2: Frosmoth|6\n|\n|upkeep\n|inactive|Time left: 300 sec this turn | 300 sec total | 5 sec grace\n|\n|t:|1783569580\n|switch|p2a: Squawkabilly|Squawkabilly, L85, M, tera:Normal|58/278 brn\n|turn|19\n|inactive|Time left: 300 sec this turn | 300 sec total\n|\n|t:|1783569580\n|move|p1a: Maushold|Population Bomb|p2a: Squawkabilly\n|-damage|p2a: Squawkabilly|12/278 brn\n|-damage|p2a: Squawkabilly|0 fnt\n|faint|p2a: Squawkabilly\n|-hitcount|p2: Squawkabilly|2\n|\n|upkeep\n|inactive|Time left: 300 sec this turn | 300 sec total | 5 sec grace\n|\n|t:|1783569581\n|switch|p2a: Sylveon|Sylveon, L85, M|300/300\n|turn|20\n|inactive|Time left: 300 sec this turn | 300 sec total\n|\n|t:|1783569582\n|move|p2a: Sylveon|Protect|p2a: Sylveon\n|-singleturn|p2a: Sylveon|Protect\n|move|p1a: Maushold|Population Bomb|p2a: Sylveon\n|-activate|p2a: Sylveon|move: Protect\n|\n|upkeep\n|turn|21\n|inactive|Time left: 300 sec this turn | 300 sec total\n|\n|t:|1783569583\n|move|p2a: Sylveon|Protect||[still]\n|-fail|p2a: Sylveon\n|move|p1a: Maushold|Population Bomb|p2a: Sylveon\n|-damage|p2a: Sylveon|264/300\n|-damage|p2a: Sylveon|226/300\n|-damage|p2a: Sylveon|190/300\n|-damage|p2a: Sylveon|154/300\n|-damage|p2a: Sylveon|114/300\n|-damage|p2a: Sylveon|78/300\n|-crit|p2a: Sylveon\n|-damage|p2a: Sylveon|26/300\n|-damage|p2a: Sylveon|0 fnt\n|faint|p2a: Sylveon\n|-hitcount|p2: Sylveon|8\n|\n|win|p0x26483b9d", "uploadtime": 1783569583, "views": 0, "rating": 0, "private": 0, "password": null, "_winner": "p0x26483b9d", "_our_name": "p0y2648e91f"}