{"id": "battle-gen9randombattle-99", "formatid": "gen9randombattle", "format": "[Gen 9] Random Battle", "players": ["p0x099092c", "p0y09918b0"], "log": "|init|battle\n|title|p0x099092c vs. p0y09918b0\n|j|\u2606p0x099092c\n|j|\u2606p0y09918b0\n|t:|1783534397\n|gametype|singles\n|player|p1|p0x099092c|170|\n|player|p2|p0y09918b0|265|\n|gen|9\n|tier|[Gen 9] Random Battle\n|rule|Species Clause: Limit one of each Pok\u00e9mon\n|rule|HP Percentage Mod: HP is shown in percentages\n|rule|Sleep Clause Mod: Limit one foe put to sleep\n|rule|Illusion Level Mod: Illusion disguises the Pok\u00e9mon's true level\n|\n|t:|1783534397\n|teamsize|p1|6\n|teamsize|p2|6\n|start\n|switch|p1a: Gastrodon|Gastrodon-East, L86, F|100/100\n|switch|p2a: Sceptile|Sceptile, L87, M|264/264\n|turn|1\n|inactive|Battle timer is ON: inactive players will automatically lose when time's up. (requested by p0y09918b0)\n|inactive|p0x099092c also wants the timer to be on.\n|\n|t:|1783534399\n|switch|p1a: Wyrdeer|Wyrdeer, L87, F|100/100\n|-ability|p1a: Wyrdeer|Intimidate|boost\n|-unboost|p2a: Sceptile|atk|1\n|move|p2a: Sceptile|Leaf Blade|p1a: Wyrdeer\n|-damage|p1a: Wyrdeer|74/100\n|-damage|p2a: Sceptile|238/264|[from] item: Life Orb\n|\n|upkeep\n|turn|2\n|inactive|Time left: 300 sec this turn | 300 sec total\n|\n|t:|1783534400\n|switch|p2a: Archaludon|Archaludon, L78, M|268/268\n|move|p1a: Wyrdeer|Megahorn|p2a: Archaludon\n|-resisted|p2a: Archaludon\n|-damage|p2a: Archaludon|231/268\n|-ability|p2a: Archaludon|Stamina|boost\n|-boost|p2a: Archaludon|def|1\n|\n|upkeep\n|turn|3\n|inactive|Time left: 300 sec this turn | 300 sec total\n|\n|t:|1783534401\n|switch|p1a: Iron Hands|Iron Hands, L79|100/100\n|move|p2a: Archaludon|Swords Dance|p2a: Archaludon\n|-boost|p2a: Archaludon|atk|2\n|\n|upkeep\n|turn|4\n|inactive|Time left: 300 sec this turn | 300 sec total\n|\n|t:|1783534402\n|-terastallize|p1a: Iron Hands|Fighting\n|move|p2a: Archaludon|Outrage|p1a: Iron Hands\n|-damage|p1a: Iron Hands|46/100\n|move|p1a: Iron Hands|Drain Punch|p2a: Archaludon\n|-supereffective|p2a: Archaludon\n|-damage|p2a: Archaludon|103/268\n|-heal|p1a: Iron Hands|63/100|[from] drain|[of] p2a: Archaludon\n|-ability|p2a: Archaludon|Stamina|boost\n|-boost|p2a: Archaludon|def|1\n|\n|-heal|p1a: Iron Hands|69/100|[from] item: Leftovers\n|upkeep\n|turn|5\n|inactive|Time left: 300 sec this turn | 300 sec total\n|\n|t:|1783534403\n|move|p2a: Archaludon|Outrage|p1a: Iron Hands|[from] lockedmove\n|-damage|p1a: Iron Hands|14/100\n|-start|p2a: Archaludon|confusion|[fatigue]\n|-enditem|p2a: Archaludon|Lum Berry|[eat]\n|-end|p2a: Archaludon|confusion\n|move|p1a: Iron Hands|Drain Punch|p2a: Archaludon\n|-supereffective|p2a: Archaludon\n|-damage|p2a: Archaludon|0 fnt\n|-heal|p1a: Iron Hands|28/100|[from] drain|[of] p2a: Archaludon\n|faint|p2a: Archaludon\n|\n|-heal|p1a: Iron Hands|34/100|[from] item: Leftovers\n|upkeep\n|inactive|Time left: 300 sec this turn | 300 sec total | 5 sec grace\n|\n|t:|1783534405\n|switch|p2a: Blaziken|Blaziken, L76, M|247/247\n|turn|6\n|inactive|Time left: 300 sec this turn | 300 sec total\n|\n|t:|1783534406\n|move|p2a: Blaziken|Close Combat|p1a: Iron Hands\n|-damage|p1a: Iron Hands|0 fnt\n|-unboost|p2a: Blaziken|def|1\n|-unboost|p2a: Blaziken|spd|1\n|faint|p1a: Iron Hands\n|-end|p1a: Iron Hands|Quark Drive|[silent]\n|-damage|p2a: Blaziken|223/247|[from] item: Life Orb\n|\n|-ability|p2a: Blaziken|Speed Boost|boost\n|-boost|p2a: Blaziken|spe|1\n|upkeep\n|\n|t:|1783534407\n|switch|p1a: Dragapult|Dragapult, L77, M|100/100\n|turn|7\n|inactive|Time left: 300 sec this turn | 300 sec total\n|\n|t:|1783534408\n|switch|p2a: Lunala|Lunala, L70|308/308\n|move|p1a: Dragapult|Dragon Darts|p2a: Lunala\n|-crit|p2a: Lunala\n|-damage|p2a: Lunala|244/308\n|-anim|p1a: Dragapult|Dragon Darts|p2a: Lunala\n|-damage|p2a: Lunala|166/308\n|-damage|p1a: Dragapult|91/100|[from] item: Life Orb\n|\n|-heal|p2a: Lunala|185/308|[from] item: Leftovers\n|upkeep\n|turn|8\n|inactive|Time left: 300 sec this turn | 300 sec total\n|\n|t:|1783534409\n|switch|p1a: Wyrdeer|Wyrdeer, L87, F|74/100\n|-ability|p1a: Wyrdeer|Intimidate|boost\n|-unboost|p2a: Lunala|atk|1\n|move|p2a: Lunala|Moongeist Beam|p1a: Wyrdeer\n|-immune|p1a: Wyrdeer\n|\n|-heal|p2a: Lunala|204/308|[from] item: Leftovers\n|upkeep\n|turn|9\n|inactive|Time left: 300 sec this turn | 300 sec total\n|\n|t:|1783534410\n|move|p2a: Lunala|Moonlight|p2a: Lunala\n|-heal|p2a: Lunala|308/308\n|move|p1a: Wyrdeer|Earthquake|p2a: Lunala\n|-damage|p2a: Lunala|261/308\n|\n|-heal|p2a: Lunala|280/308|[from] item: Leftovers\n|upkeep\n|turn|10\n|inactive|Time left: 300 sec this turn | 300 sec total\n|\n|t:|1783534411\n|move|p2a: Lunala|Calm Mind|p2a: Lunala\n|-boost|p2a: Lunala|spa|1\n|-boost|p2a: Lunala|spd|1\n|move|p1a: Wyrdeer|Psychic Noise|p2a: Lunala\n|-resisted|p2a: Lunala\n|-damage|p2a: Lunala|248/308\n|-start|p2a: Lunala|move: Heal Block\n|\n|upkeep\n|turn|11\n|inactive|Time left: 300 sec this turn | 300 sec total\n|\n|t:|1783534413\n|move|p2a: Lunala|Psyshock|p1a: Wyrdeer\n|-resisted|p1a: Wyrdeer\n|-damage|p1a: Wyrdeer|54/100\n|move|p1a: Wyrdeer|Earthquake|p2a: Lunala\n|-damage|p2a: Lunala|151/308\n|\n|-end|p2a: Lunala|move: Heal Block\n|upkeep\n|turn|12\n|inactive|Time left: 300 sec this turn | 300 sec total\n|\n|t:|1783534414\n|move|p2a: Lunala|Moonlight|p2a: Lunala\n|-heal|p2a: Lunala|305/308\n|move|p1a: Wyrdeer|Megahorn|p2a: Lunala\n|-damage|p2a: Lunala|199/308\n|\n|-heal|p2a: Lunala|218/308|[from] item: Leftovers\n|upkeep\n|turn|13\n|inactive|Time left: 300 sec this turn | 300 sec total\n|\n|t:|1783534415\n|move|p2a: Lunala|Calm Mind|p2a: Lunala\n|-boost|p2a: Lunala|spa|1\n|-boost|p2a: Lunala|spd|1\n|move|p1a: Wyrdeer|Earthquake|p2a: Lunala\n|-damage|p2a: Lunala|120/308\n|\n|-heal|p2a: Lunala|139/308|[from] item: Leftovers\n|upkeep\n|turn|14\n|inactive|Time left: 300 sec this turn | 300 sec total\n|\n|t:|1783534416\n|move|p2a: Lunala|Moonlight|p2a: Lunala\n|-heal|p2a: Lunala|293/308\n|move|p1a: Wyrdeer|Earthquake|p2a: Lunala\n|-damage|p2a: Lunala|204/308\n|\n|-heal|p2a: Lunala|223/308|[from] item: Leftovers\n|upkeep\n|turn|15\n|inactive|Time left: 300 sec this turn | 300 sec total\n|\n|t:|1783534417\n|move|p2a: Lunala|Psyshock|p1a: Wyrdeer\n|-resisted|p1a: Wyrdeer\n|-damage|p1a: Wyrdeer|25/100\n|move|p1a: Wyrdeer|Earthquake|p2a: Lunala\n|-damage|p2a: Lunala|123/308\n|\n|-heal|p2a: Lunala|142/308|[from] item: Leftovers\n|upkeep\n|turn|16\n|inactive|Time left: 300 sec this turn | 300 sec total\n|\n|t:|1783534418\n|move|p2a: Lunala|Psyshock|p1a: Wyrdeer\n|-resisted|p1a: Wyrdeer\n|-crit|p1a: Wyrdeer\n|-damage|p1a: Wyrdeer|0 fnt\n|faint|p1a: Wyrdeer\n|\n|-heal|p2a: Lunala|161/308|[from] item: Leftovers\n|upkeep\n|\n|t:|1783534419\n|switch|p1a: Cinccino|Cinccino, L83, F|100/100\n|turn|17\n|inactive|Time left: 300 sec this turn | 300 sec total\n|\n|t:|1783534420\n|move|p1a: Cinccino|Tidy Up|p1a: Cinccino\n|-boost|p1a: Cinccino|atk|1\n|-boost|p1a: Cinccino|spe|1\n|move|p2a: Lunala|Moonlight|p2a: Lunala\n|-heal|p2a: Lunala|308/308\n|\n|upkeep\n|turn|18\n|inactive|Time left: 300 sec this turn | 300 sec total\n|\n|t:|1783534421\n|move|p1a: Cinccino|Triple Axel|p2a: Lunala\n|-damage|p2a: Lunala|289/308\n|-damage|p2a: Lunala|218/308\n|-crit|p2a: Lunala\n|-damage|p2a: Lunala|68/308\n|-hitcount|p2a: Lunala|3\n|move|p2a: Lunala|Psyshock|p1a: Cinccino\n|-damage|p1a: Cinccino|25/100\n|\n|-heal|p2a: Lunala|87/308|[from] item: Leftovers\n|upkeep\n|turn|19\n|inactive|Time left: 300 sec this turn | 300 sec total\n|\n|t:|1783534422\n|move|p1a: Cinccino|Bullet Seed|p2a: Lunala\n|-damage|p2a: Lunala|46/308\n|-damage|p2a: Lunala|5/308\n|-damage|p2a: Lunala|0 fnt\n|faint|p2a: Lunala\n|-hitcount|p2: Lunala|3\n|\n|upkeep\n|inactive|Time left: 300 sec this turn | 300 sec total | 5 sec grace\n|\n|t:|1783534423\n|switch|p2a: Hippowdon|Hippowdon, L82, M|311/311\n|-weather|Sandstorm|[from] ability: Sand Stream|[of] p2a: Hippowdon\n|turn|20\n|inactive|Time left: 300 sec this turn | 300 sec total\n|\n|t:|1783534424\n|move|p1a: Cinccino|Triple Axel|p2a: Hippowdon\n|-supereffective|p2a: Hippowdon\n|-damage|p2a: Hippowdon|255/311\n|-damage|p1a: Cinccino|9/100|[from] item: Rocky Helmet|[of] p2a: Hippowdon\n|-supereffective|p2a: Hippowdon\n|-damage|p2a: Hippowdon|163/311\n|-damage|p1a: Cinccino|0 fnt|[from] item: Rocky Helmet|[of] p2a: Hippowdon\n|faint|p1a: Cinccino\n|-hitcount|p2a: Hippowdon|2\n|move|p2a: Hippowdon|Earthquake|p1: Cinccino|[notarget]\n|-fail|p2a: Hippowdon\n|\n|-weather|Sandstorm|[upkeep]\n|upkeep\n|\n|t:|1783534425\n|switch|p1a: Gastrodon|Gastrodon-East, L86, F|100/100\n|turn|21\n|inactive|Time left: 300 sec this turn | 300 sec total\n|\n|t:|1783534426\n|move|p2a: Hippowdon|Slack Off|p2a: Hippowdon\n|-heal|p2a: Hippowdon|311/311\n|move|p1a: Gastrodon|Surf|p2a: Hippowdon\n|-supereffective|p2a: Hippowdon\n|-damage|p2a: Hippowdon|75/311\n|\n|-weather|Sandstorm|[upkeep]\n|upkeep\n|turn|22\n|inactive|Time left: 300 sec this turn | 300 sec total\n|\n|t:|1783534427\n|move|p2a: Hippowdon|Slack Off|p2a: Hippowdon\n|-heal|p2a: Hippowdon|231/311\n|move|p1a: Gastrodon|Surf|p2a: Hippowdon\n|-supereffective|p2a: Hippowdon\n|-damage|p2a: Hippowdon|13/311\n|\n|-weather|Sandstorm|[upkeep]\n|upkeep\n|turn|23\n|inactive|Time left: 300 sec this turn | 300 sec total\n|\n|t:|1783534429\n|move|p2a: Hippowdon|Earthquake|p1a: Gastrodon\n|-damage|p1a: Gastrodon|59/100\n|move|p1a: Gastrodon|Surf|p2a: Hippowdon\n|-supereffective|p2a: Hippowdon\n|-damage|p2a: Hippowdon|0 fnt\n|faint|p2a: Hippowdon\n|\n|-weather|Sandstorm|[upkeep]\n|-heal|p1a: Gastrodon|65/100|[from] item: Leftovers\n|upkeep\n|inactive|Time left: 300 sec this turn | 300 sec total | 5 sec grace\n|\n|t:|1783534430\n|switch|p2a: Sceptile|Sceptile, L87, M|238/264\n|turn|24\n|inactive|Time left: 300 sec this turn | 300 sec total\n|\n|t:|1783534431\n|move|p2a: Sceptile|Swords Dance|p2a: Sceptile\n|-boost|p2a: Sceptile|atk|2\n|move|p1a: Gastrodon|Clear Smog|p2a: Sceptile\n|-supereffective|p2a: Sceptile\n|-damage|p2a: Sceptile|170/264\n|-clearboost|p2a: Sceptile\n|\n|-weather|none\n|-heal|p1a: Gastrodon|71/100|[from] item: Leftovers\n|upkeep\n|turn|25\n|inactive|Time left: 300 sec this turn | 300 sec total\n|\n|t:|1783534432\n|switch|p1a: Dragapult|Dragapult, L77, M|91/100\n|move|p2a: Sceptile|Leaf Blade|p1a: Dragapult\n|-resisted|p1a: Dragapult\n|-damage|p1a: Dragapult|65/100\n|-damage|p2a: Sceptile|144/264|[from] item: Life Orb\n|\n|upkeep\n|turn|26\n|inactive|Time left: 300 sec this turn | 300 sec total\n|\n|t:|1783534433\n|switch|p2a: Amoonguss|Amoonguss, L82, M|321/321\n|move|p1a: Dragapult|Dragon Darts|p2a: Amoonguss\n|-damage|p2a: Amoonguss|235/321\n|-anim|p1a: Dragapult|Dragon Darts|p2a: Amoonguss\n|-damage|p2a: Amoonguss|148/321\n|-damage|p1a: Dragapult|55/100|[from] item: Life Orb\n|\n|upkeep\n|turn|27\n|inactive|Time left: 300 sec this turn | 300 sec total\n|\n|t:|1783534434\n|switch|p2a: Sceptile|Sceptile, L87, M|144/264\n|move|p1a: Dragapult|Dragon Darts|p2a: Sceptile\n|-damage|p2a: Sceptile|65/264\n|-anim|p1a: Dragapult|Dragon Darts|p2a: Sceptile\n|-damage|p2a: Sceptile|0 fnt\n|faint|p2a: Sceptile\n|-damage|p1a: Dragapult|45/100|[from] item: Life Orb\n|\n|upkeep\n|inactive|Time left: 300 sec this turn | 300 sec total | 5 sec grace\n|\n|t:|1783534435\n|switch|p2a: Amoonguss|Amoonguss, L82, M|255/321\n|turn|28\n|inactive|Time left: 300 sec this turn | 300 sec total\n|\n|t:|1783534436\n|move|p1a: Dragapult|Fire Blast|p2a: Amoonguss\n|-supereffective|p2a: Amoonguss\n|-damage|p2a: Amoonguss|78/321\n|-damage|p1a: Dragapult|35/100|[from] item: Life Orb\n|move|p2a: Amoonguss|Spore|p1a: Dragapult\n|-status|p1a: Dragapult|slp|[from] move: Spore\n|\n|upkeep\n|turn|29\n|inactive|Time left: 300 sec this turn | 300 sec total\n|\n|t:|1783534437\n|switch|p1a: Gastrodon|Gastrodon-East, L86, F|71/100\n|switch|p2a: Blaziken|Blaziken, L76, M|223/247\n|\n|-heal|p1a: Gastrodon|78/100|[from] item: Leftovers\n|upkeep\n|turn|30\n|inactive|Time left: 300 sec this turn | 300 sec total\n|\n|t:|1783534437\n|-terastallize|p2a: Blaziken|Dark\n|move|p2a: Blaziken|Swords Dance|p2a: Blaziken\n|-boost|p2a: Blaziken|atk|2\n|move|p1a: Gastrodon|Earthquake|p2a: Blaziken\n|-crit|p2a: Blaziken\n|-damage|p2a: Blaziken|25/247\n|\n|-heal|p1a: Gastrodon|84/100|[from] item: Leftovers\n|-ability|p2a: Blaziken|Speed Boost|boost\n|-boost|p2a: Blaziken|spe|1\n|upkeep\n|turn|31\n|inactive|Time left: 300 sec this turn | 300 sec total\n|\n|t:|1783534438\n|switch|p1a: Dragapult|Dragapult, L77, M|35/100 slp\n|move|p2a: Blaziken|Close Combat|p1a: Dragapult\n|-immune|p1a: Dragapult\n|\n|-ability|p2a: Blaziken|Speed Boost|boost\n|-boost|p2a: Blaziken|spe|1\n|upkeep\n|turn|32\n|inactive|Time left: 300 sec this turn | 300 sec total\n|\n|t:|1783534439\n|move|p2a: Blaziken|Swords Dance|p2a: Blaziken\n|-boost|p2a: Blaziken|atk|2\n|cant|p1a: Dragapult|slp\n|\n|-ability|p2a: Blaziken|Speed Boost|boost\n|-boost|p2a: Blaziken|spe|1\n|upkeep\n|turn|33\n|inactive|Time left: 300 sec this turn | 300 sec total\n|\n|t:|1783534440\n|move|p2a: Blaziken|Knock Off|p1a: Dragapult\n|-supereffective|p1a: Dragapult\n|-damage|p1a: Dragapult|0 fnt\n|-enditem|p1a: Dragapult|Life Orb|[from] move: Knock Off|[of] p2a: Blaziken\n|faint|p1a: Dragapult\n|-damage|p2a: Blaziken|1/247|[from] item: Life Orb\n|\n|-ability|p2a: Blaziken|Speed Boost|boost\n|-boost|p2a: Blaziken|spe|1\n|upkeep\n|\n|t:|1783534442\n|switch|p1a: Gastrodon|Gastrodon-East, L86, F|84/100\n|turn|34\n|inactive|Time left: 300 sec this turn | 300 sec total\n|\n|t:|1783534443\n|move|p2a: Blaziken|Close Combat|p1a: Gastrodon\n|-damage|p1a: Gastrodon|0 fnt\n|-unboost|p2a: Blaziken|def|1\n|-unboost|p2a: Blaziken|spd|1\n|faint|p1a: Gastrodon\n|-damage|p2a: Blaziken|0 fnt|[from] item: Life Orb\n|faint|p2a: Blaziken\n|\n|upkeep\n|inactive|Time left: 300 sec this turn | 300 sec total | 5 sec grace\n|\n|t:|1783534443\n|switch|p2a: Amoonguss|Amoonguss, L82, M|185/321\n|switch|p1a: Heatran|Heatran, L79, F|100/100\n|-item|p1a: Heatran|Air Balloon\n|turn|35\n|inactive|Time left: 300 sec this turn | 300 sec total\n|\n|t:|1783534444\n|move|p1a: Heatran|Magma Storm|p2a: Amoonguss\n|-supereffective|p2a: Amoonguss\n|-damage|p2a: Amoonguss|0 fnt\n|faint|p2a: Amoonguss\n|\n|win|p0x099092c", "uploadtime": 1783534444, "views": 0, "rating": 0, "private": 0, "password": null, "_winner": "p0x099092c", "_our_name": "p0y09918b0"}