{"id": "battle-gen9randombattle-533", "formatid": "gen9randombattle", "format": "[Gen 9] Random Battle", "players": ["p0x533f347", "p0y533f08b"], "log": "|init|battle\n|title|p0x533f347 vs. p0y533f08b\n|j|\u2606p0x533f347\n|j|\u2606p0y533f08b\n|t:|1783545978\n|gametype|singles\n|player|p1|p0x533f347|265|\n|player|p2|p0y533f08b|2|\n|gen|9\n|tier|[Gen 9] Random Battle\n|rule|Species Clause: Limit one of each Pok\u00e9mon\n|rule|HP Percentage Mod: HP is shown in percentages\n|rule|Sleep Clause Mod: Limit one foe put to sleep\n|rule|Illusion Level Mod: Illusion disguises the Pok\u00e9mon's true level\n|\n|t:|1783545978\n|teamsize|p1|6\n|teamsize|p2|6\n|start\n|switch|p1a: Drifblim|Drifblim, L86, F|398/398\n|switch|p2a: Uxie|Uxie, L83|100/100\n|turn|1\n|inactive|Battle timer is ON: inactive players will automatically lose when time's up. (requested by p0y533f08b)\n|inactive|Time left: 300 sec this turn | 300 sec total | 60 sec grace\n|inactive|p0x533f347 also wants the timer to be on.\n|\n|t:|1783545979\n|move|p2a: Uxie|Thunder Wave|p1a: Drifblim\n|-status|p1a: Drifblim|par\n|move|p1a: Drifblim|Shadow Ball|p2a: Uxie\n|-supereffective|p2a: Uxie\n|-damage|p2a: Uxie|47/100\n|\n|-heal|p2a: Uxie|54/100|[from] item: Leftovers\n|upkeep\n|turn|2\n|inactive|Time left: 300 sec this turn | 300 sec total\n|\n|t:|1783545980\n|move|p2a: Uxie|Knock Off|p1a: Drifblim\n|-supereffective|p1a: Drifblim\n|-damage|p1a: Drifblim|220/398 par\n|-enditem|p1a: Drifblim|Heavy-Duty Boots|[from] move: Knock Off|[of] p2a: Uxie\n|move|p1a: Drifblim|Shadow Ball|p2a: Uxie\n|-supereffective|p2a: Uxie\n|-damage|p2a: Uxie|7/100\n|\n|-heal|p2a: Uxie|13/100|[from] item: Leftovers\n|upkeep\n|turn|3\n|inactive|Time left: 300 sec this turn | 300 sec total\n|\n|t:|1783545980\n|switch|p2a: Polteageist|Polteageist, L78|100/100\n|cant|p1a: Drifblim|par\n|\n|upkeep\n|turn|4\n|inactive|Time left: 300 sec this turn | 300 sec total\n|\n|t:|1783545981\n|switch|p1a: Morpeko|Morpeko, L88, F|245/245\n|move|p2a: Polteageist|Shell Smash|p2a: Polteageist\n|-unboost|p2a: Polteageist|def|1\n|-unboost|p2a: Polteageist|spd|1\n|-boost|p2a: Polteageist|atk|2\n|-boost|p2a: Polteageist|spa|2\n|-boost|p2a: Polteageist|spe|2\n|-enditem|p2a: Polteageist|White Herb\n|-clearnegativeboost|p2a: Polteageist|[silent]\n|\n|-formechange|p1a: Morpeko|Morpeko-Hangry||[from] ability: Hunger Switch\n|upkeep\n|turn|5\n|inactive|Time left: 300 sec this turn | 300 sec total\n|\n|t:|1783545983\n|-terastallize|p2a: Polteageist|Fighting\n|move|p2a: Polteageist|Tera Blast|p1a: Morpeko|[anim] Tera Blast Fighting\n|-supereffective|p1a: Morpeko\n|-damage|p1a: Morpeko|0 fnt\n|faint|p1a: Morpeko\n|\n|upkeep\n|inactive|Time left: 300 sec this turn | 300 sec total | 5 sec grace\n|\n|t:|1783545984\n|switch|p1a: Sandslash|Sandslash-Alola, L88, F|275/275\n|turn|6\n|inactive|Time left: 300 sec this turn | 300 sec total\n|\n|t:|1783545985\n|-terastallize|p1a: Sandslash|Ground\n|move|p2a: Polteageist|Tera Blast|p1a: Sandslash|[anim] Tera Blast Fighting\n|-damage|p1a: Sandslash|64/275\n|move|p1a: Sandslash|Triple Axel|p2a: Polteageist\n|-damage|p2a: Polteageist|82/100\n|-crit|p2a: Polteageist\n|-damage|p2a: Polteageist|29/100\n|-damage|p2a: Polteageist|0 fnt\n|-start|p1a: Sandslash|Disable|Triple Axel|[from] ability: Cursed Body|[of] p2a: Polteageist\n|faint|p2a: Polteageist\n|-hitcount|p2: Polteageist|3\n|-damage|p1a: Sandslash|37/275|[from] item: Life Orb\n|\n|upkeep\n|\n|t:|1783545986\n|switch|p2a: Mesprit|Mesprit, L85|100/100\n|turn|7\n|inactive|Time left: 300 sec this turn | 300 sec total\n|\n|t:|1783545987\n|move|p1a: Sandslash|Ice Shard|p2a: Mesprit\n|-damage|p2a: Mesprit|80/100\n|-damage|p1a: Sandslash|10/275|[from] item: Life Orb\n|move|p2a: Mesprit|Psychic Noise|p1a: Sandslash\n|-damage|p1a: Sandslash|0 fnt\n|faint|p1a: Sandslash\n|\n|upkeep\n|inactive|Time left: 300 sec this turn | 300 sec total | 5 sec grace\n|\n|t:|1783545989\n|switch|p1a: Wo-Chien|Wo-Chien, L83|277/277\n|-ability|p1a: Wo-Chien|Tablets of Ruin\n|turn|8\n|inactive|Time left: 300 sec this turn | 300 sec total\n|\n|t:|1783545990\n|switch|p2a: Hydrapple|Hydrapple, L83, F|100/100\n|move|p1a: Wo-Chien|Knock Off|p2a: Hydrapple\n|-damage|p2a: Hydrapple|75/100\n|-enditem|p2a: Hydrapple|Assault Vest|[from] move: Knock Off|[of] p1a: Wo-Chien\n|\n|upkeep\n|turn|9\n|inactive|Time left: 300 sec this turn | 300 sec total\n|\n|t:|1783545991\n|move|p1a: Wo-Chien|Knock Off|p2a: Hydrapple\n|-damage|p2a: Hydrapple|59/100\n|move|p2a: Hydrapple|Fickle Beam|p1a: Wo-Chien\n|-damage|p1a: Wo-Chien|207/277\n|\n|-heal|p1a: Wo-Chien|224/277|[from] item: Leftovers\n|upkeep\n|turn|10\n|inactive|Time left: 300 sec this turn | 300 sec total\n|\n|t:|1783545992\n|move|p1a: Wo-Chien|Knock Off|p2a: Hydrapple\n|-damage|p2a: Hydrapple|42/100\n|move|p2a: Hydrapple|Fickle Beam|p1a: Wo-Chien\n|-damage|p1a: Wo-Chien|158/277\n|\n|-heal|p1a: Wo-Chien|175/277|[from] item: Leftovers\n|upkeep\n|turn|11\n|inactive|Time left: 300 sec this turn | 300 sec total\n|\n|t:|1783545993\n|move|p1a: Wo-Chien|Knock Off|p2a: Hydrapple\n|-damage|p2a: Hydrapple|25/100\n|move|p2a: Hydrapple|Fickle Beam|p1a: Wo-Chien\n|-damage|p1a: Wo-Chien|102/277\n|\n|-heal|p1a: Wo-Chien|119/277|[from] item: Leftovers\n|upkeep\n|turn|12\n|inactive|Time left: 300 sec this turn | 300 sec total\n|\n|t:|1783545994\n|move|p1a: Wo-Chien|Knock Off|p2a: Hydrapple\n|-damage|p2a: Hydrapple|7/100\n|move|p2a: Hydrapple|Fickle Beam|p1a: Wo-Chien|[anim] Fickle Beam All Out\n|-activate|p2a: Hydrapple|move: Fickle Beam\n|-damage|p1a: Wo-Chien|0 fnt\n|faint|p1a: Wo-Chien\n|\n|upkeep\n|inactive|Time left: 300 sec this turn | 300 sec total | 5 sec grace\n|\n|t:|1783545995\n|switch|p1a: Misdreavus|Misdreavus, L90, F|254/254\n|turn|13\n|inactive|Time left: 300 sec this turn | 300 sec total\n|\n|t:|1783545996\n|switch|p2a: Uxie|Uxie, L83|13/100\n|move|p1a: Misdreavus|Shadow Ball|p2a: Uxie\n|-supereffective|p2a: Uxie\n|-damage|p2a: Uxie|0 fnt\n|faint|p2a: Uxie\n|\n|upkeep\n|\n|t:|1783545997\n|switch|p2a: Hydrapple|Hydrapple, L83, F|40/100\n|turn|14\n|inactive|Time left: 300 sec this turn | 300 sec total\n|\n|t:|1783545998\n|move|p1a: Misdreavus|Shadow Ball|p2a: Hydrapple\n|-damage|p2a: Hydrapple|11/100\n|move|p2a: Hydrapple|Giga Drain|p1a: Misdreavus\n|-damage|p1a: Misdreavus|190/254\n|-heal|p2a: Hydrapple|21/100|[from] drain|[of] p1a: Misdreavus\n|\n|upkeep\n|turn|15\n|inactive|Time left: 300 sec this turn | 300 sec total\n|\n|t:|1783545999\n|switch|p2a: Cinccino|Cinccino, L83, M|100/100\n|move|p1a: Misdreavus|Shadow Ball|p2a: Cinccino\n|-immune|p2a: Cinccino\n|\n|upkeep\n|turn|16\n|inactive|Time left: 300 sec this turn | 300 sec total\n|\n|t:|1783546000\n|move|p2a: Cinccino|Tidy Up|p2a: Cinccino\n|-boost|p2a: Cinccino|atk|1\n|-boost|p2a: Cinccino|spe|1\n|move|p1a: Misdreavus|Will-O-Wisp|p2a: Cinccino\n|-status|p2a: Cinccino|brn\n|\n|-damage|p2a: Cinccino|94/100 brn|[from] brn\n|upkeep\n|turn|17\n|inactive|Time left: 300 sec this turn | 300 sec total\n|\n|t:|1783546001\n|move|p2a: Cinccino|Tidy Up|p2a: Cinccino\n|-boost|p2a: Cinccino|atk|1\n|-boost|p2a: Cinccino|spe|1\n|move|p1a: Misdreavus|Draining Kiss|p2a: Cinccino\n|-damage|p2a: Cinccino|75/100 brn\n|-heal|p1a: Misdreavus|228/254|[from] drain|[of] p2a: Cinccino\n|\n|-damage|p2a: Cinccino|69/100 brn|[from] brn\n|upkeep\n|turn|18\n|inactive|Time left: 300 sec this turn | 300 sec total\n|\n|t:|1783546002\n|move|p2a: Cinccino|Triple Axel|p1a: Misdreavus\n|-damage|p1a: Misdreavus|212/254\n|-damage|p1a: Misdreavus|177/254\n|-damage|p1a: Misdreavus|129/254\n|-hitcount|p1a: Misdreavus|3\n|move|p1a: Misdreavus|Draining Kiss|p2a: Cinccino\n|-damage|p2a: Cinccino|49/100 brn\n|-heal|p1a: Misdreavus|168/254|[from] drain|[of] p2a: Cinccino\n|\n|-damage|p2a: Cinccino|43/100 brn|[from] brn\n|upkeep\n|turn|19\n|inactive|Time left: 300 sec this turn | 300 sec total\n|\n|t:|1783546003\n|move|p2a: Cinccino|Triple Axel|p1a: Misdreavus|[miss]\n|-miss|p2a: Cinccino|p1a: Misdreavus\n|move|p1a: Misdreavus|Draining Kiss|p2a: Cinccino\n|-damage|p2a: Cinccino|24/100 brn\n|-heal|p1a: Misdreavus|205/254|[from] drain|[of] p2a: Cinccino\n|\n|-damage|p2a: Cinccino|18/100 brn|[from] brn\n|upkeep\n|turn|20\n|inactive|Time left: 300 sec this turn | 300 sec total\n|\n|t:|1783546004\n|move|p2a: Cinccino|Bullet Seed|p1a: Misdreavus\n|-damage|p1a: Misdreavus|184/254\n|-damage|p1a: Misdreavus|163/254\n|-damage|p1a: Misdreavus|143/254\n|-damage|p1a: Misdreavus|123/254\n|-hitcount|p1a: Misdreavus|4\n|move|p1a: Misdreavus|Draining Kiss|p2a: Cinccino\n|-damage|p2a: Cinccino|0 fnt\n|-heal|p1a: Misdreavus|157/254|[from] drain|[of] p2a: Cinccino\n|faint|p2a: Cinccino\n|\n|upkeep\n|\n|t:|1783546005\n|switch|p2a: Mesprit|Mesprit, L85|80/100\n|turn|21\n|inactive|Time left: 300 sec this turn | 300 sec total\n|\n|t:|1783546006\n|move|p1a: Misdreavus|Will-O-Wisp|p2a: Mesprit\n|-status|p2a: Mesprit|brn\n|move|p2a: Mesprit|Knock Off|p1a: Misdreavus\n|-supereffective|p1a: Misdreavus\n|-damage|p1a: Misdreavus|93/254\n|-enditem|p1a: Misdreavus|Eviolite|[from] move: Knock Off|[of] p2a: Mesprit\n|\n|-damage|p2a: Mesprit|74/100 brn|[from] brn\n|upkeep\n|turn|22\n|inactive|Time left: 300 sec this turn | 300 sec total\n|\n|t:|1783546007\n|move|p1a: Misdreavus|Shadow Ball|p2a: Mesprit\n|-supereffective|p2a: Mesprit\n|-damage|p2a: Mesprit|34/100 brn\n|move|p2a: Mesprit|Psychic Noise|p1a: Misdreavus\n|-damage|p1a: Misdreavus|5/254\n|-start|p1a: Misdreavus|move: Heal Block\n|\n|-damage|p2a: Mesprit|28/100 brn|[from] brn\n|upkeep\n|turn|23\n|inactive|Time left: 300 sec this turn | 300 sec total\n|\n|t:|1783546009\n|move|p1a: Misdreavus|Shadow Ball|p2a: Mesprit\n|-supereffective|p2a: Mesprit\n|-damage|p2a: Mesprit|0 fnt\n|faint|p2a: Mesprit\n|\n|-end|p1a: Misdreavus|move: Heal Block\n|upkeep\n|\n|t:|1783546010\n|switch|p2a: Charizard|Charizard, L85, F|100/100\n|turn|24\n|inactive|Time left: 300 sec this turn | 300 sec total\n|\n|t:|1783546011\n|move|p2a: Charizard|Flamethrower|p1a: Misdreavus\n|-damage|p1a: Misdreavus|0 fnt\n|faint|p1a: Misdreavus\n|\n|upkeep\n|inactive|Time left: 300 sec this turn | 300 sec total | 5 sec grace\n|\n|t:|1783546012\n|switch|p1a: Drifblim|Drifblim, L86, F|220/398 par\n|turn|25\n|inactive|Time left: 300 sec this turn | 300 sec total\n|\n|t:|1783546013\n|move|p2a: Charizard|Flamethrower|p1a: Drifblim\n|-damage|p1a: Drifblim|76/398 par\n|move|p1a: Drifblim|Strength Sap|p2a: Charizard\n|-unboost|p2a: Charizard|atk|1\n|-heal|p1a: Drifblim|268/398 par\n|\n|upkeep\n|turn|26\n|inactive|Time left: 300 sec this turn | 300 sec total\n|\n|t:|1783546014\n|move|p2a: Charizard|Flamethrower|p1a: Drifblim\n|-crit|p1a: Drifblim\n|-damage|p1a: Drifblim|48/398 par\n|move|p1a: Drifblim|Strength Sap|p2a: Charizard\n|-unboost|p2a: Charizard|atk|1\n|-heal|p1a: Drifblim|176/398 par\n|\n|upkeep\n|turn|27\n|inactive|Time left: 300 sec this turn | 300 sec total\n|\n|t:|1783546015\n|move|p2a: Charizard|Hurricane|p1a: Drifblim\n|-damage|p1a: Drifblim|0 fnt\n|faint|p1a: Drifblim\n|\n|upkeep\n|inactive|Time left: 300 sec this turn | 300 sec total | 5 sec grace\n|\n|t:|1783546016\n|switch|p1a: Meloetta|Meloetta, L82|298/298\n|turn|28\n|inactive|Time left: 300 sec this turn | 300 sec total\n|\n|t:|1783546017\n|move|p2a: Charizard|Hurricane|p1a: Meloetta\n|-damage|p1a: Meloetta|192/298\n|move|p1a: Meloetta|Relic Song|p2a: Charizard\n|-damage|p2a: Charizard|59/100\n|-formechange|p1a: Meloetta|Meloetta-Pirouette|[msg]\n|-damage|p1a: Meloetta|163/298|[from] item: Life Orb\n|\n|upkeep\n|turn|29\n|inactive|Time left: 300 sec this turn | 300 sec total\n|\n|t:|1783546018\n|move|p1a: Meloetta|Relic Song|p2a: Charizard\n|-damage|p2a: Charizard|29/100\n|-formechange|p1a: Meloetta|Meloetta|[msg]\n|-damage|p1a: Meloetta|134/298|[from] item: Life Orb\n|move|p2a: Charizard|Flamethrower|p1a: Meloetta\n|-damage|p1a: Meloetta|17/298\n|\n|upkeep\n|turn|30\n|inactive|Time left: 300 sec this turn | 300 sec total\n|\n|t:|1783546019\n|move|p2a: Charizard|Flamethrower|p1a: Meloetta\n|-damage|p1a: Meloetta|0 fnt\n|faint|p1a: Meloetta\n|\n|win|p0y533f08b", "uploadtime": 1783546019, "views": 0, "rating": 0, "private": 0, "password": null, "_winner": "p0y533f08b", "_our_name": "p0x533f347"}