{"id": "battle-gen9randombattle-1848", "formatid": "gen9randombattle", "format": "[Gen 9] Random Battle", "players": ["p0x18487fe0", "p0y184828e7"], "log": "|init|battle\n|title|p0x18487fe0 vs. p0y184828e7\n|j|\u2606p0x18487fe0\n|j|\u2606p0y184828e7\n|t:|1783561403\n|gametype|singles\n|player|p1|p0x18487fe0|1|\n|player|p2|p0y184828e7|1|\n|gen|9\n|tier|[Gen 9] Random Battle\n|rule|Species Clause: Limit one of each Pok\u00e9mon\n|rule|HP Percentage Mod: HP is shown in percentages\n|rule|Sleep Clause Mod: Limit one foe put to sleep\n|rule|Illusion Level Mod: Illusion disguises the Pok\u00e9mon's true level\n|\n|t:|1783561403\n|teamsize|p1|6\n|teamsize|p2|6\n|start\n|switch|p1a: Regieleki|Regieleki, L79|256/256\n|switch|p2a: Revavroom|Revavroom, L79, F|100/100\n|turn|1\n|inactive|Battle timer is ON: inactive players will automatically lose when time's up. (requested by p0y184828e7)\n|inactive|Time left: 300 sec this turn | 300 sec total | 60 sec grace\n|inactive|p0x18487fe0 also wants the timer to be on.\n|\n|t:|1783561405\n|move|p1a: Regieleki|Volt Switch|p2a: Revavroom\n|-damage|p2a: Revavroom|51/100\n|inactive|Time left: 300 sec this turn | 300 sec total | 65 sec grace\n|\n|t:|1783561406\n|switch|p1a: Manaphy|Manaphy, L78|284/284|[from] Volt Switch\n|move|p2a: Revavroom|Gunk Shot|p1a: Manaphy\n|-damage|p1a: Manaphy|124/284\n|-damage|p2a: Revavroom|41/100|[from] item: Life Orb\n|\n|-heal|p1a: Manaphy|141/284|[from] item: Leftovers\n|upkeep\n|turn|2\n|inactive|Time left: 300 sec this turn | 300 sec total\n|\n|t:|1783561407\n|move|p1a: Manaphy|Surf|p2a: Revavroom\n|-damage|p2a: Revavroom|0 fnt\n|faint|p2a: Revavroom\n|\n|-heal|p1a: Manaphy|158/284|[from] item: Leftovers\n|upkeep\n|\n|t:|1783561407\n|switch|p2a: Weavile|Weavile, L79, M|100/100\n|turn|3\n|inactive|Time left: 300 sec this turn | 300 sec total\n|\n|t:|1783561409\n|move|p2a: Weavile|Knock Off|p1a: Manaphy\n|-damage|p1a: Manaphy|0 fnt\n|-enditem|p1a: Manaphy|Leftovers|[from] move: Knock Off|[of] p2a: Weavile\n|faint|p1a: Manaphy\n|\n|upkeep\n|inactive|Time left: 300 sec this turn | 300 sec total | 5 sec grace\n|\n|t:|1783561409\n|switch|p1a: Morpeko|Morpeko, L88, F|245/245\n|turn|4\n|inactive|Time left: 300 sec this turn | 300 sec total\n|\n|t:|1783561411\n|move|p2a: Weavile|Knock Off|p1a: Morpeko\n|-resisted|p1a: Morpeko\n|-damage|p1a: Morpeko|137/245\n|-enditem|p1a: Morpeko|Heavy-Duty Boots|[from] move: Knock Off|[of] p2a: Weavile\n|move|p1a: Morpeko|Aura Wheel|p2a: Weavile\n|-damage|p2a: Weavile|30/100\n|-boost|p1a: Morpeko|spe|1\n|\n|-formechange|p1a: Morpeko|Morpeko-Hangry||[from] ability: Hunger Switch\n|upkeep\n|turn|5\n|inactive|Time left: 300 sec this turn | 300 sec total\n|\n|t:|1783561411\n|switch|p2a: Quagsire|Quagsire, L84, M|100/100\n|move|p1a: Morpeko|Aura Wheel|p2a: Quagsire\n|-damage|p2a: Quagsire|57/100\n|-boost|p1a: Morpeko|spe|1\n|\n|-heal|p2a: Quagsire|63/100|[from] item: Leftovers\n|-formechange|p1a: Morpeko|Morpeko||[from] ability: Hunger Switch\n|upkeep\n|turn|6\n|inactive|Time left: 300 sec this turn | 300 sec total\n|\n|t:|1783561413\n|move|p1a: Morpeko|Parting Shot|p2a: Quagsire\n|-unboost|p2a: Quagsire|atk|1\n|-unboost|p2a: Quagsire|spa|1\n|inactive|Time left: 300 sec this turn | 300 sec total | 5 sec grace\n|\n|t:|1783561414\n|switch|p1a: Kommo-o|Kommo-o, L77, F|242/242|[from] Parting Shot\n|move|p2a: Quagsire|Earthquake|p1a: Kommo-o\n|-damage|p1a: Kommo-o|193/242\n|\n|-heal|p2a: Quagsire|69/100|[from] item: Leftovers\n|upkeep\n|turn|7\n|inactive|Time left: 300 sec this turn | 300 sec total\n|\n|t:|1783561415\n|switch|p2a: Flutter Mane|Flutter Mane, L74|100/100\n|move|p1a: Kommo-o|Swords Dance|p1a: Kommo-o\n|-boost|p1a: Kommo-o|atk|2\n|\n|upkeep\n|turn|8\n|inactive|Time left: 300 sec this turn | 300 sec total\n|\n|t:|1783561415\n|-terastallize|p1a: Kommo-o|Steel\n|move|p2a: Flutter Mane|Moonblast|p1a: Kommo-o\n|-resisted|p1a: Kommo-o\n|-damage|p1a: Kommo-o|124/242\n|move|p1a: Kommo-o|Iron Head|p2a: Flutter Mane\n|-supereffective|p2a: Flutter Mane\n|-damage|p2a: Flutter Mane|0 fnt\n|faint|p2a: Flutter Mane\n|-end|p2a: Flutter Mane|Protosynthesis|[silent]\n|\n|upkeep\n|\n|t:|1783561416\n|switch|p2a: Weavile|Weavile, L79, M|30/100\n|turn|9\n|inactive|Time left: 300 sec this turn | 300 sec total\n|\n|t:|1783561417\n|move|p2a: Weavile|Knock Off|p1a: Kommo-o\n|-damage|p1a: Kommo-o|0 fnt\n|-enditem|p1a: Kommo-o|Loaded Dice|[from] move: Knock Off|[of] p2a: Weavile\n|faint|p1a: Kommo-o\n|\n|upkeep\n|inactive|Time left: 300 sec this turn | 300 sec total | 5 sec grace\n|\n|t:|1783561418\n|switch|p1a: Bruxish|Bruxish, L85, M|254/254\n|turn|10\n|inactive|Time left: 300 sec this turn | 300 sec total\n|\n|t:|1783561419\n|move|p1a: Bruxish|Aqua Jet|p2a: Weavile\n|-damage|p2a: Weavile|0 fnt\n|faint|p2a: Weavile\n|-damage|p1a: Bruxish|229/254|[from] item: Life Orb\n|\n|upkeep\n|\n|t:|1783561420\n|switch|p2a: Shiftry|Shiftry, L89, F|100/100\n|turn|11\n|inactive|Time left: 300 sec this turn | 300 sec total\n|\n|t:|1783561421\n|switch|p1a: Coalossal|Coalossal, L89, F|341/341\n|move|p2a: Shiftry|Leaf Blade|p1a: Coalossal\n|-damage|p1a: Coalossal|238/341\n|-damage|p2a: Shiftry|91/100|[from] item: Life Orb\n|\n|upkeep\n|turn|12\n|inactive|Time left: 300 sec this turn | 300 sec total\n|\n|t:|1783561422\n|switch|p2a: Quagsire|Quagsire, L84, M|69/100\n|move|p1a: Coalossal|Overheat|p2a: Quagsire\n|-resisted|p2a: Quagsire\n|-damage|p2a: Quagsire|42/100\n|-unboost|p1a: Coalossal|spa|2\n|\n|-heal|p2a: Quagsire|48/100|[from] item: Leftovers\n|upkeep\n|turn|13\n|inactive|Time left: 300 sec this turn | 300 sec total\n|\n|t:|1783561423\n|switch|p1a: Bruxish|Bruxish, L85, M|229/254\n|move|p2a: Quagsire|Recover|p2a: Quagsire\n|-heal|p2a: Quagsire|98/100\n|\n|-heal|p2a: Quagsire|100/100|[from] item: Leftovers\n|upkeep\n|turn|14\n|inactive|Time left: 300 sec this turn | 300 sec total\n|\n|t:|1783561424\n|move|p1a: Bruxish|Psychic Fangs|p2a: Quagsire\n|-damage|p2a: Quagsire|35/100\n|-damage|p1a: Bruxish|204/254|[from] item: Life Orb\n|move|p2a: Quagsire|Earthquake|p1a: Bruxish\n|-damage|p1a: Bruxish|93/254\n|\n|-heal|p2a: Quagsire|41/100|[from] item: Leftovers\n|upkeep\n|turn|15\n|inactive|Time left: 300 sec this turn | 300 sec total\n|\n|t:|1783561425\n|switch|p2a: Shiftry|Shiftry, L89, F|91/100\n|move|p1a: Bruxish|Wave Crash|p2a: Shiftry\n|-resisted|p2a: Shiftry\n|-damage|p2a: Shiftry|52/100\n|-damage|p1a: Bruxish|54/254|[from] Recoil\n|-damage|p1a: Bruxish|29/254|[from] item: Life Orb\n|\n|upkeep\n|turn|16\n|inactive|Time left: 300 sec this turn | 300 sec total\n|\n|t:|1783561426\n|move|p1a: Bruxish|Wave Crash|p2a: Shiftry\n|-resisted|p2a: Shiftry\n|-damage|p2a: Shiftry|13/100\n|-damage|p1a: Bruxish|0 fnt|[from] Recoil\n|faint|p1a: Bruxish\n|move|p2a: Shiftry|Tailwind|p2a: Shiftry\n|-sidestart|p2: p0y184828e7|move: Tailwind\n|-ability|p2a: Shiftry|Wind Rider|boost\n|-boost|p2a: Shiftry|atk|1\n|\n|upkeep\n|inactive|Time left: 300 sec this turn | 300 sec total | 5 sec grace\n|\n|t:|1783561426\n|switch|p1a: Morpeko|Morpeko, L88, F|137/245\n|turn|17\n|inactive|Time left: 300 sec this turn | 300 sec total\n|\n|t:|1783561427\n|move|p1a: Morpeko|Protect|p1a: Morpeko\n|-singleturn|p1a: Morpeko|Protect\n|move|p2a: Shiftry|Leaf Blade|p1a: Morpeko\n|-activate|p1a: Morpeko|move: Protect\n|\n|-formechange|p1a: Morpeko|Morpeko-Hangry||[from] ability: Hunger Switch\n|upkeep\n|turn|18\n|inactive|Time left: 300 sec this turn | 300 sec total\n|\n|t:|1783561428\n|switch|p1a: Coalossal|Coalossal, L89, F|238/341\n|move|p2a: Shiftry|Leaf Blade|p1a: Coalossal\n|-damage|p1a: Coalossal|77/341\n|-damage|p2a: Shiftry|3/100|[from] item: Life Orb\n|\n|upkeep\n|turn|19\n|inactive|Time left: 300 sec this turn | 300 sec total\n|\n|t:|1783561429\n|switch|p2a: Quagsire|Quagsire, L84, M|41/100\n|move|p1a: Coalossal|Overheat|p2a: Quagsire\n|-resisted|p2a: Quagsire\n|-damage|p2a: Quagsire|10/100\n|-unboost|p1a: Coalossal|spa|2\n|\n|-heal|p2a: Quagsire|16/100|[from] item: Leftovers\n|-sideend|p2: p0y184828e7|move: Tailwind\n|upkeep\n|turn|20\n|inactive|Time left: 300 sec this turn | 300 sec total\n|\n|t:|1783561430\n|move|p2a: Quagsire|Recover|p2a: Quagsire\n|-heal|p2a: Quagsire|66/100\n|move|p1a: Coalossal|Spikes|p2a: Quagsire\n|-sidestart|p2: p0y184828e7|Spikes\n|\n|-heal|p2a: Quagsire|73/100|[from] item: Leftovers\n|upkeep\n|turn|21\n|inactive|Time left: 300 sec this turn | 300 sec total\n|\n|t:|1783561431\n|move|p2a: Quagsire|Earthquake|p1a: Coalossal\n|-supereffective|p1a: Coalossal\n|-damage|p1a: Coalossal|0 fnt\n|faint|p1a: Coalossal\n|\n|-heal|p2a: Quagsire|79/100|[from] item: Leftovers\n|upkeep\n|inactive|Time left: 300 sec this turn | 300 sec total | 5 sec grace\n|\n|t:|1783561432\n|switch|p1a: Morpeko|Morpeko, L88, F|137/245\n|turn|22\n|inactive|Time left: 300 sec this turn | 300 sec total\n|\n|t:|1783561433\n|move|p1a: Morpeko|Protect|p1a: Morpeko\n|-singleturn|p1a: Morpeko|Protect\n|move|p2a: Quagsire|Earthquake|p1a: Morpeko\n|-activate|p1a: Morpeko|move: Protect\n|\n|-heal|p2a: Quagsire|85/100|[from] item: Leftovers\n|-formechange|p1a: Morpeko|Morpeko-Hangry||[from] ability: Hunger Switch\n|upkeep\n|turn|23\n|inactive|Time left: 300 sec this turn | 300 sec total\n|\n|t:|1783561434\n|move|p1a: Morpeko|Parting Shot|p2a: Quagsire\n|-unboost|p2a: Quagsire|atk|1\n|-unboost|p2a: Quagsire|spa|1\n|inactive|Time left: 300 sec this turn | 300 sec total | 5 sec grace\n|\n|t:|1783561435\n|switch|p1a: Regieleki|Regieleki, L79|256/256|[from] Parting Shot\n|move|p2a: Quagsire|Earthquake|p1a: Regieleki\n|-supereffective|p1a: Regieleki\n|-damage|p1a: Regieleki|52/256\n|\n|-heal|p2a: Quagsire|91/100|[from] item: Leftovers\n|upkeep\n|turn|24\n|inactive|Time left: 300 sec this turn | 300 sec total\n|\n|t:|1783561436\n|move|p1a: Regieleki|Volt Switch|p2a: Quagsire\n|-immune|p2a: Quagsire\n|move|p2a: Quagsire|Earthquake|p1a: Regieleki\n|-supereffective|p1a: Regieleki\n|-damage|p1a: Regieleki|0 fnt\n|faint|p1a: Regieleki\n|\n|-heal|p2a: Quagsire|97/100|[from] item: Leftovers\n|upkeep\n|inactive|Time left: 300 sec this turn | 300 sec total | 5 sec grace\n|\n|t:|1783561437\n|switch|p1a: Morpeko|Morpeko, L88, F|137/245\n|turn|25\n|inactive|Time left: 300 sec this turn | 300 sec total\n|\n|t:|1783561438\n|-terastallize|p2a: Quagsire|Fairy\n|move|p1a: Morpeko|Protect|p1a: Morpeko\n|-singleturn|p1a: Morpeko|Protect\n|move|p2a: Quagsire|Earthquake|p1a: Morpeko\n|-activate|p1a: Morpeko|move: Protect\n|\n|-heal|p2a: Quagsire|100/100|[from] item: Leftovers\n|-formechange|p1a: Morpeko|Morpeko-Hangry||[from] ability: Hunger Switch\n|upkeep\n|turn|26\n|inactive|Time left: 300 sec this turn | 300 sec total\n|\n|t:|1783561439\n|move|p1a: Morpeko|Parting Shot|p2a: Quagsire\n|-unboost|p2a: Quagsire|atk|1\n|-unboost|p2a: Quagsire|spa|1\n|move|p2a: Quagsire|Earthquake|p1a: Morpeko\n|-supereffective|p1a: Morpeko\n|-damage|p1a: Morpeko|21/245\n|\n|-formechange|p1a: Morpeko|Morpeko||[from] ability: Hunger Switch\n|upkeep\n|turn|27\n|inactive|Time left: 300 sec this turn | 300 sec total\n|\n|t:|1783561439\n|move|p1a: Morpeko|Protect|p1a: Morpeko\n|-singleturn|p1a: Morpeko|Protect\n|move|p2a: Quagsire|Ice Beam|p1a: Morpeko\n|-activate|p1a: Morpeko|move: Protect\n|\n|-formechange|p1a: Morpeko|Morpeko-Hangry||[from] ability: Hunger Switch\n|upkeep\n|turn|28\n|inactive|Time left: 300 sec this turn | 300 sec total\n|\n|t:|1783561440\n|move|p1a: Morpeko|Protect|p1a: Morpeko\n|-singleturn|p1a: Morpeko|Protect\n|move|p2a: Quagsire|Ice Beam|p1a: Morpeko\n|-activate|p1a: Morpeko|move: Protect\n|\n|-formechange|p1a: Morpeko|Morpeko||[from] ability: Hunger Switch\n|upkeep\n|turn|29\n|inactive|Time left: 300 sec this turn | 300 sec total\n|\n|t:|1783561441\n|move|p1a: Morpeko|Aura Wheel|p2a: Quagsire\n|-damage|p2a: Quagsire|57/100\n|-boost|p1a: Morpeko|spe|1\n|move|p2a: Quagsire|Earthquake|p1a: Morpeko\n|-supereffective|p1a: Morpeko\n|-damage|p1a: Morpeko|0 fnt\n|faint|p1a: Morpeko\n|\n|win|p0y184828e7", "uploadtime": 1783561441, "views": 0, "rating": 0, "private": 0, "password": null, "_winner": "p0y184828e7", "_our_name": "p0x18487fe0"}