{"id": "battle-gen9randombattle-2163", "formatid": "gen9randombattle", "format": "[Gen 9] Random Battle", "players": ["p0x216338ed", "p0y216343c5"], "log": "|init|battle\n|title|p0x216338ed vs. p0y216343c5\n|j|\u2606p0x216338ed\n|j|\u2606p0y216343c5\n|t:|1783564202\n|gametype|singles\n|player|p1|p0x216338ed|2|\n|player|p2|p0y216343c5|170|\n|gen|9\n|tier|[Gen 9] Random Battle\n|rule|Species Clause: Limit one of each Pok\u00e9mon\n|rule|HP Percentage Mod: HP is shown in percentages\n|rule|Sleep Clause Mod: Limit one foe put to sleep\n|rule|Illusion Level Mod: Illusion disguises the Pok\u00e9mon's true level\n|\n|t:|1783564202\n|teamsize|p1|6\n|teamsize|p2|6\n|start\n|switch|p1a: Kricketune|Kricketune, L99, M|100/100\n|switch|p2a: Piloswine|Piloswine, L85, M|309/309\n|turn|1\n|inactive|Battle timer is ON: inactive players will automatically lose when time's up. (requested by p0y216343c5)\n|inactive|p0x216338ed also wants the timer to be on.\n|\n|t:|1783564203\n|move|p1a: Kricketune|Sticky Web|p2a: Piloswine\n|-sidestart|p2: p0y216343c5|move: Sticky Web\n|move|p2a: Piloswine|Stealth Rock|p1a: Kricketune\n|-sidestart|p1: p0x216338ed|move: Stealth Rock\n|\n|upkeep\n|turn|2\n|inactive|Time left: 300 sec this turn | 300 sec total\n|\n|t:|1783564204\n|move|p1a: Kricketune|Pounce|p2a: Piloswine\n|-damage|p2a: Piloswine|237/309\n|-unboost|p2a: Piloswine|spe|1\n|move|p2a: Piloswine|Earthquake|p1a: Kricketune\n|-resisted|p1a: Kricketune\n|-damage|p1a: Kricketune|79/100\n|\n|upkeep\n|turn|3\n|inactive|Time left: 300 sec this turn | 300 sec total\n|\n|t:|1783564205\n|switch|p2a: Torkoal|Torkoal, L88, M|266/266\n|-weather|SunnyDay|[from] ability: Drought|[of] p2a: Torkoal\n|move|p1a: Kricketune|Pounce|p2a: Torkoal\n|-resisted|p2a: Torkoal\n|-damage|p2a: Torkoal|235/266\n|-unboost|p2a: Torkoal|spe|1\n|\n|-weather|SunnyDay|[upkeep]\n|upkeep\n|turn|4\n|inactive|Time left: 300 sec this turn | 300 sec total\n|\n|t:|1783564206\n|move|p1a: Kricketune|Pounce|p2a: Torkoal\n|-resisted|p2a: Torkoal\n|-crit|p2a: Torkoal\n|-damage|p2a: Torkoal|187/266\n|-unboost|p2a: Torkoal|spe|1\n|move|p2a: Torkoal|Rapid Spin|p1a: Kricketune\n|-damage|p1a: Kricketune|65/100\n|-boost|p2a: Torkoal|spe|1\n|-sideend|p2: p0y216343c5|Sticky Web|[from] move: Rapid Spin|[of] p2a: Torkoal\n|\n|-weather|SunnyDay|[upkeep]\n|upkeep\n|turn|5\n|inactive|Time left: 300 sec this turn | 300 sec total\n|\n|t:|1783564207\n|move|p1a: Kricketune|Sticky Web|p2a: Torkoal\n|-sidestart|p2: p0y216343c5|move: Sticky Web\n|move|p2a: Torkoal|Fire Blast|p1a: Kricketune\n|-supereffective|p1a: Kricketune\n|-damage|p1a: Kricketune|0 fnt\n|faint|p1a: Kricketune\n|\n|-weather|SunnyDay|[upkeep]\n|upkeep\n|\n|t:|1783564208\n|switch|p1a: Regidrago|Regidrago, L77|100/100\n|-damage|p1a: Regidrago|88/100|[from] Stealth Rock\n|turn|6\n|inactive|Time left: 300 sec this turn | 300 sec total\n|\n|t:|1783564209\n|move|p1a: Regidrago|Draco Meteor|p2a: Torkoal\n|-damage|p2a: Torkoal|1/266\n|-unboost|p1a: Regidrago|spa|2\n|move|p2a: Torkoal|Rapid Spin|p1a: Regidrago\n|-crit|p1a: Regidrago\n|-damage|p1a: Regidrago|67/100\n|-boost|p2a: Torkoal|spe|1\n|-sideend|p2: p0y216343c5|Sticky Web|[from] move: Rapid Spin|[of] p2a: Torkoal\n|\n|-weather|SunnyDay|[upkeep]\n|upkeep\n|turn|7\n|inactive|Time left: 300 sec this turn | 300 sec total\n|\n|t:|1783564210\n|move|p1a: Regidrago|Outrage|p2a: Torkoal\n|-damage|p2a: Torkoal|0 fnt\n|faint|p2a: Torkoal\n|\n|-weather|none\n|upkeep\n|inactive|Time left: 300 sec this turn | 300 sec total | 5 sec grace\n|\n|t:|1783564211\n|switch|p2a: Staraptor|Staraptor, L79, M|263/263\n|turn|8\n|inactive|Time left: 300 sec this turn | 300 sec total\n|\n|t:|1783564212\n|move|p2a: Staraptor|Brave Bird|p1a: Regidrago\n|-damage|p1a: Regidrago|0 fnt\n|faint|p1a: Regidrago\n|-damage|p2a: Staraptor|167/263|[from] Recoil\n|\n|upkeep\n|\n|t:|1783564213\n|switch|p1a: Archaludon|Archaludon, L78, M|100/100\n|-damage|p1a: Archaludon|95/100|[from] Stealth Rock\n|turn|9\n|inactive|Time left: 300 sec this turn | 300 sec total\n|\n|t:|1783564214\n|switch|p2a: Blastoise|Blastoise, L80, M|258/258\n|move|p1a: Archaludon|Swords Dance|p1a: Archaludon\n|-boost|p1a: Archaludon|atk|2\n|\n|upkeep\n|turn|10\n|inactive|Time left: 300 sec this turn | 300 sec total\n|\n|t:|1783564215\n|move|p1a: Archaludon|Outrage|p2a: Blastoise\n|-damage|p2a: Blastoise|41/258\n|move|p2a: Blastoise|Shell Smash|p2a: Blastoise\n|-unboost|p2a: Blastoise|def|1\n|-unboost|p2a: Blastoise|spd|1\n|-boost|p2a: Blastoise|atk|2\n|-boost|p2a: Blastoise|spa|2\n|-boost|p2a: Blastoise|spe|2\n|-enditem|p2a: Blastoise|White Herb\n|-clearnegativeboost|p2a: Blastoise|[silent]\n|\n|upkeep\n|turn|11\n|inactive|Time left: 300 sec this turn | 300 sec total\n|\n|t:|1783564216\n|-terastallize|p2a: Blastoise|Ground\n|move|p2a: Blastoise|Earthquake|p1a: Archaludon\n|-supereffective|p1a: Archaludon\n|-damage|p1a: Archaludon|0 fnt\n|faint|p1a: Archaludon\n|\n|upkeep\n|\n|t:|1783564217\n|switch|p1a: Tinkaton|Tinkaton, L82, F|100/100\n|-damage|p1a: Tinkaton|94/100|[from] Stealth Rock\n|-ability|p1a: Tinkaton|Mold Breaker\n|turn|12\n|inactive|Time left: 300 sec this turn | 300 sec total\n|\n|t:|1783564218\n|-terastallize|p1a: Tinkaton|Water\n|move|p2a: Blastoise|Earthquake|p1a: Tinkaton\n|-crit|p1a: Tinkaton\n|-damage|p1a: Tinkaton|0 fnt\n|faint|p1a: Tinkaton\n|\n|upkeep\n|\n|t:|1783564218\n|switch|p1a: Gumshoos|Gumshoos, L95, M|100/100\n|-damage|p1a: Gumshoos|88/100|[from] Stealth Rock\n|turn|13\n|inactive|Time left: 300 sec this turn | 300 sec total\n|\n|t:|1783564219\n|switch|p1a: Pachirisu|Pachirisu, L96, F|100/100\n|move|p2a: Blastoise|Hydro Pump|p1a: Pachirisu\n|-damage|p1a: Pachirisu|0 fnt\n|faint|p1a: Pachirisu\n|\n|upkeep\n|\n|t:|1783564220\n|switch|p1a: Gumshoos|Gumshoos, L95, M|88/100\n|-damage|p1a: Gumshoos|76/100|[from] Stealth Rock\n|turn|14\n|inactive|Time left: 300 sec this turn | 300 sec total\n|\n|t:|1783564221\n|move|p2a: Blastoise|Hydro Pump|p1a: Gumshoos|[miss]\n|-miss|p2a: Blastoise|p1a: Gumshoos\n|move|p1a: Gumshoos|U-turn|p2a: Blastoise\n|-damage|p2a: Blastoise|0 fnt\n|faint|p2a: Blastoise\n|\n|upkeep\n|inactive|Time left: 300 sec this turn | 300 sec total | 5 sec grace\n|\n|t:|1783564222\n|switch|p2a: Staraptor|Staraptor, L79, M|167/263\n|turn|15\n|inactive|Time left: 300 sec this turn | 300 sec total\n|\n|t:|1783564223\n|move|p2a: Staraptor|Brave Bird|p1a: Gumshoos\n|-damage|p1a: Gumshoos|0 fnt\n|faint|p1a: Gumshoos\n|-damage|p2a: Staraptor|87/263|[from] Recoil\n|\n|win|p0y216343c5", "uploadtime": 1783564223, "views": 0, "rating": 0, "private": 0, "password": null, "_winner": "p0y216343c5", "_our_name": "p0y216343c5"}