{"id": "battle-gen9randombattle-125", "formatid": "gen9randombattle", "format": "[Gen 9] Random Battle", "players": ["p0x1252e52", "p0y125c9a8"], "log": "|init|battle\n|title|p0x1252e52 vs. p0y125c9a8\n|j|\u2606p0x1252e52\n|j|\u2606p0y125c9a8\n|t:|1783540622\n|gametype|singles\n|player|p1|p0x1252e52|265|\n|player|p2|p0y125c9a8|2|\n|gen|9\n|tier|[Gen 9] Random Battle\n|rule|Species Clause: Limit one of each Pok\u00e9mon\n|rule|HP Percentage Mod: HP is shown in percentages\n|rule|Sleep Clause Mod: Limit one foe put to sleep\n|rule|Illusion Level Mod: Illusion disguises the Pok\u00e9mon's true level\n|\n|t:|1783540622\n|teamsize|p1|6\n|teamsize|p2|6\n|start\n|switch|p1a: Flutter Mane|Flutter Mane, L74|100/100\n|switch|p2a: Cacturne|Cacturne, L92, M|278/278\n|turn|1\n|inactive|Battle timer is ON: inactive players will automatically lose when time's up. (requested by p0x1252e52)\n|inactive|Time left: 300 sec this turn | 300 sec total | 60 sec grace\n|\n|t:|1783540624\n|-terastallize|p1a: Flutter Mane|Fairy\n|move|p2a: Cacturne|Sucker Punch|p1a: Flutter Mane\n|-resisted|p1a: Flutter Mane\n|-damage|p1a: Flutter Mane|51/100\n|-damage|p2a: Cacturne|251/278|[from] item: Life Orb\n|move|p1a: Flutter Mane|Moonblast|p2a: Cacturne\n|-supereffective|p2a: Cacturne\n|-crit|p2a: Cacturne\n|-damage|p2a: Cacturne|0 fnt\n|faint|p2a: Cacturne\n|\n|upkeep\n|inactive|Time left: 300 sec this turn | 300 sec total | 65 sec grace\n|inactive|p0y125c9a8 also wants the timer to be on.\n|\n|t:|1783540624\n|switch|p2a: Ariados|Ariados, L95, M|287/287\n|turn|2\n|inactive|Time left: 300 sec this turn | 300 sec total\n|\n|t:|1783540626\n|move|p1a: Flutter Mane|Moonblast|p2a: Ariados\n|-resisted|p2a: Ariados\n|-damage|p2a: Ariados|173/287\n|move|p2a: Ariados|Sticky Web|p1a: Flutter Mane\n|-sidestart|p1: p0x1252e52|move: Sticky Web\n|\n|upkeep\n|turn|3\n|inactive|Time left: 300 sec this turn | 300 sec total\n|\n|t:|1783540626\n|move|p1a: Flutter Mane|Moonblast|p2a: Ariados\n|-resisted|p2a: Ariados\n|-damage|p2a: Ariados|70/287\n|-unboost|p2a: Ariados|spa|1\n|move|p2a: Ariados|Poison Jab|p1a: Flutter Mane\n|-supereffective|p1a: Flutter Mane\n|-damage|p1a: Flutter Mane|0 fnt\n|faint|p1a: Flutter Mane\n|-end|p1a: Flutter Mane|Protosynthesis|[silent]\n|\n|upkeep\n|\n|t:|1783540627\n|switch|p1a: Tentacruel|Tentacruel, L84, M|100/100\n|-activate|p1a: Tentacruel|move: Sticky Web\n|-unboost|p1a: Tentacruel|spe|1\n|turn|4\n|inactive|Time left: 300 sec this turn | 300 sec total\n|\n|t:|1783540628\n|switch|p2a: Toedscruel|Toedscruel, L87, M|281/281\n|move|p1a: Tentacruel|Surf|p2a: Toedscruel\n|-damage|p2a: Toedscruel|214/281\n|\n|-heal|p2a: Toedscruel|231/281|[from] item: Leftovers\n|upkeep\n|turn|5\n|inactive|Time left: 300 sec this turn | 300 sec total\n|\n|t:|1783540629\n|move|p1a: Tentacruel|Rapid Spin|p2a: Toedscruel\n|-damage|p2a: Toedscruel|200/281\n|-boost|p1a: Tentacruel|spe|1\n|-sideend|p1: p0x1252e52|Sticky Web|[from] move: Rapid Spin|[of] p1a: Tentacruel\n|move|p2a: Toedscruel|Spore|p1a: Tentacruel\n|-status|p1a: Tentacruel|slp|[from] move: Spore\n|\n|-heal|p2a: Toedscruel|217/281|[from] item: Leftovers\n|upkeep\n|turn|6\n|inactive|Time left: 300 sec this turn | 300 sec total\n|\n|t:|1783540629\n|switch|p1a: Porygon2|Porygon2, L81|100/100\n|-ability|p1a: Porygon2|Download|boost\n|-boost|p1a: Porygon2|atk|1\n|move|p2a: Toedscruel|Earth Power|p1a: Porygon2\n|-damage|p1a: Porygon2|78/100\n|\n|-heal|p2a: Toedscruel|234/281|[from] item: Leftovers\n|upkeep\n|turn|7\n|inactive|Time left: 300 sec this turn | 300 sec total\n|\n|t:|1783540630\n|switch|p2a: Vaporeon|Vaporeon, L86, F|364/364\n|move|p1a: Porygon2|Tera Blast|p2a: Vaporeon\n|-damage|p2a: Vaporeon|291/364\n|\n|-heal|p2a: Vaporeon|313/364|[from] item: Leftovers\n|upkeep\n|turn|8\n|inactive|Time left: 300 sec this turn | 300 sec total\n|\n|t:|1783540631\n|move|p2a: Vaporeon|Calm Mind|p2a: Vaporeon\n|-boost|p2a: Vaporeon|spa|1\n|-boost|p2a: Vaporeon|spd|1\n|move|p1a: Porygon2|Recover|p1a: Porygon2\n|-heal|p1a: Porygon2|100/100\n|\n|-heal|p2a: Vaporeon|335/364|[from] item: Leftovers\n|upkeep\n|turn|9\n|inactive|Time left: 300 sec this turn | 300 sec total\n|\n|t:|1783540632\n|switch|p1a: Bellossom|Bellossom, L84, M|100/100\n|move|p2a: Vaporeon|Calm Mind|p2a: Vaporeon\n|-boost|p2a: Vaporeon|spa|1\n|-boost|p2a: Vaporeon|spd|1\n|\n|-heal|p2a: Vaporeon|357/364|[from] item: Leftovers\n|upkeep\n|turn|10\n|inactive|Time left: 300 sec this turn | 300 sec total\n|\n|t:|1783540633\n|move|p2a: Vaporeon|Scald|p1a: Bellossom\n|-resisted|p1a: Bellossom\n|-damage|p1a: Bellossom|66/100\n|-status|p1a: Bellossom|brn\n|move|p1a: Bellossom|Quiver Dance|p1a: Bellossom\n|-boost|p1a: Bellossom|spa|1\n|-boost|p1a: Bellossom|spd|1\n|-boost|p1a: Bellossom|spe|1\n|\n|-heal|p1a: Bellossom|72/100 brn|[from] item: Leftovers\n|-heal|p2a: Vaporeon|364/364|[from] item: Leftovers\n|-damage|p1a: Bellossom|66/100 brn|[from] brn\n|upkeep\n|turn|11\n|inactive|Time left: 300 sec this turn | 300 sec total\n|\n|t:|1783540634\n|move|p1a: Bellossom|Quiver Dance|p1a: Bellossom\n|-boost|p1a: Bellossom|spa|1\n|-boost|p1a: Bellossom|spd|1\n|-boost|p1a: Bellossom|spe|1\n|move|p2a: Vaporeon|Scald|p1a: Bellossom\n|-resisted|p1a: Bellossom\n|-damage|p1a: Bellossom|50/100 brn\n|\n|-heal|p1a: Bellossom|56/100 brn|[from] item: Leftovers\n|-damage|p1a: Bellossom|50/100 brn|[from] brn\n|upkeep\n|turn|12\n|inactive|Time left: 300 sec this turn | 300 sec total\n|\n|t:|1783540635\n|move|p2a: Vaporeon|Protect|p2a: Vaporeon\n|-singleturn|p2a: Vaporeon|Protect\n|move|p1a: Bellossom|Strength Sap|p2a: Vaporeon\n|-activate|p2a: Vaporeon|move: Protect\n|\n|-heal|p1a: Bellossom|56/100 brn|[from] item: Leftovers\n|-damage|p1a: Bellossom|50/100 brn|[from] brn\n|upkeep\n|turn|13\n|inactive|Time left: 300 sec this turn | 300 sec total\n|\n|t:|1783540636\n|move|p1a: Bellossom|Strength Sap|p2a: Vaporeon\n|-unboost|p2a: Vaporeon|atk|1\n|-heal|p1a: Bellossom|94/100 brn\n|move|p2a: Vaporeon|Calm Mind|p2a: Vaporeon\n|-boost|p2a: Vaporeon|spa|1\n|-boost|p2a: Vaporeon|spd|1\n|\n|-heal|p1a: Bellossom|100/100 brn|[from] item: Leftovers\n|-damage|p1a: Bellossom|94/100 brn|[from] brn\n|upkeep\n|turn|14\n|inactive|Time left: 300 sec this turn | 300 sec total\n|\n|t:|1783540637\n|move|p1a: Bellossom|Quiver Dance|p1a: Bellossom\n|-boost|p1a: Bellossom|spa|1\n|-boost|p1a: Bellossom|spd|1\n|-boost|p1a: Bellossom|spe|1\n|move|p2a: Vaporeon|Calm Mind|p2a: Vaporeon\n|-boost|p2a: Vaporeon|spa|1\n|-boost|p2a: Vaporeon|spd|1\n|\n|-heal|p1a: Bellossom|100/100 brn|[from] item: Leftovers\n|-damage|p1a: Bellossom|94/100 brn|[from] brn\n|upkeep\n|turn|15\n|inactive|Time left: 300 sec this turn | 300 sec total\n|\n|t:|1783540637\n|move|p1a: Bellossom|Quiver Dance|p1a: Bellossom\n|-boost|p1a: Bellossom|spa|1\n|-boost|p1a: Bellossom|spd|1\n|-boost|p1a: Bellossom|spe|1\n|move|p2a: Vaporeon|Scald|p1a: Bellossom\n|-resisted|p1a: Bellossom\n|-crit|p1a: Bellossom\n|-damage|p1a: Bellossom|16/100 brn\n|\n|-heal|p1a: Bellossom|22/100 brn|[from] item: Leftovers\n|-damage|p1a: Bellossom|16/100 brn|[from] brn\n|upkeep\n|turn|16\n|inactive|Time left: 300 sec this turn | 300 sec total\n|\n|t:|1783540639\n|move|p2a: Vaporeon|Protect|p2a: Vaporeon\n|-singleturn|p2a: Vaporeon|Protect\n|move|p1a: Bellossom|Strength Sap|p2a: Vaporeon\n|-activate|p2a: Vaporeon|move: Protect\n|\n|-heal|p1a: Bellossom|22/100 brn|[from] item: Leftovers\n|-damage|p1a: Bellossom|16/100 brn|[from] brn\n|upkeep\n|turn|17\n|inactive|Time left: 300 sec this turn | 300 sec total\n|\n|t:|1783540639\n|move|p1a: Bellossom|Strength Sap|p2a: Vaporeon\n|-unboost|p2a: Vaporeon|atk|1\n|-heal|p1a: Bellossom|45/100 brn\n|move|p2a: Vaporeon|Scald|p1a: Bellossom\n|-resisted|p1a: Bellossom\n|-crit|p1a: Bellossom\n|-damage|p1a: Bellossom|0 fnt\n|faint|p1a: Bellossom\n|\n|upkeep\n|\n|t:|1783540640\n|switch|p1a: Tentacruel|Tentacruel, L84, M|100/100 slp\n|turn|18\n|inactive|Time left: 300 sec this turn | 300 sec total\n|\n|t:|1783540642\n|cant|p1a: Tentacruel|slp\n|move|p2a: Vaporeon|Scald|p1a: Tentacruel\n|-resisted|p1a: Tentacruel\n|-damage|p1a: Tentacruel|60/100 slp\n|\n|-heal|p1a: Tentacruel|66/100 slp|[from] item: Leftovers\n|upkeep\n|turn|19\n|inactive|Time left: 300 sec this turn | 300 sec total\n|\n|t:|1783540643\n|cant|p1a: Tentacruel|slp\n|move|p2a: Vaporeon|Scald|p1a: Tentacruel\n|-resisted|p1a: Tentacruel\n|-damage|p1a: Tentacruel|27/100 slp\n|\n|-heal|p1a: Tentacruel|34/100 slp|[from] item: Leftovers\n|upkeep\n|turn|20\n|inactive|Time left: 300 sec this turn | 300 sec total\n|\n|t:|1783540644\n|cant|p1a: Tentacruel|slp\n|move|p2a: Vaporeon|Scald|p1a: Tentacruel\n|-resisted|p1a: Tentacruel\n|-damage|p1a: Tentacruel|0 fnt\n|faint|p1a: Tentacruel\n|\n|upkeep\n|\n|t:|1783540645\n|switch|p1a: Porygon2|Porygon2, L81|100/100\n|-ability|p1a: Porygon2|Download|boost\n|-boost|p1a: Porygon2|atk|1\n|turn|21\n|inactive|Time left: 300 sec this turn | 300 sec total\n|\n|t:|1783540646\n|move|p2a: Vaporeon|Scald|p1a: Porygon2\n|-damage|p1a: Porygon2|26/100\n|-status|p1a: Porygon2|brn\n|move|p1a: Porygon2|Recover|p1a: Porygon2\n|-heal|p1a: Porygon2|76/100 brn\n|\n|-damage|p1a: Porygon2|70/100 brn|[from] brn\n|upkeep\n|turn|22\n|inactive|Time left: 300 sec this turn | 300 sec total\n|\n|t:|1783540647\n|move|p2a: Vaporeon|Scald|p1a: Porygon2\n|-damage|p1a: Porygon2|0 fnt\n|faint|p1a: Porygon2\n|\n|upkeep\n|\n|t:|1783540648\n|switch|p1a: Illumise|Illumise, L91, F|100/100\n|turn|23\n|inactive|Time left: 300 sec this turn | 300 sec total\n|\n|t:|1783540649\n|-terastallize|p2a: Vaporeon|Ground\n|move|p1a: Illumise|Thunder Wave|p2a: Vaporeon\n|-immune|p2a: Vaporeon\n|move|p2a: Vaporeon|Scald|p1a: Illumise\n|-damage|p1a: Illumise|0 fnt\n|faint|p1a: Illumise\n|\n|upkeep\n|\n|t:|1783540650\n|switch|p1a: Spiritomb|Spiritomb, L89, M|100/100\n|turn|24\n|inactive|Time left: 300 sec this turn | 300 sec total\n|\n|t:|1783540651\n|move|p2a: Vaporeon|Scald|p1a: Spiritomb\n|-damage|p1a: Spiritomb|0 fnt\n|faint|p1a: Spiritomb\n|\n|win|p0y125c9a8", "uploadtime": 1783540651, "views": 0, "rating": 0, "private": 0, "password": null, "_winner": "p0y125c9a8", "_our_name": "p0y125c9a8"}