{"id": "battle-gen9randombattle-55", "formatid": "gen9randombattle", "format": "[Gen 9] Random Battle", "players": ["p0x055fa26", "p0y055e20a"], "log": "|init|battle\n|title|p0x055fa26 vs. p0y055e20a\n|j|\u2606p0x055fa26\n|j|\u2606p0y055e20a\n|t:|1783533877\n|gametype|singles\n|player|p1|p0x055fa26|2|\n|player|p2|p0y055e20a|102|\n|gen|9\n|tier|[Gen 9] Random Battle\n|rule|Species Clause: Limit one of each Pok\u00e9mon\n|rule|HP Percentage Mod: HP is shown in percentages\n|rule|Sleep Clause Mod: Limit one foe put to sleep\n|rule|Illusion Level Mod: Illusion disguises the Pok\u00e9mon's true level\n|\n|t:|1783533877\n|teamsize|p1|6\n|teamsize|p2|6\n|start\n|switch|p1a: Vikavolt|Vikavolt, L83, F|100/100\n|switch|p2a: Stantler|Stantler, L92, F|284/284\n|-ability|p2a: Stantler|Intimidate|boost\n|-unboost|p1a: Vikavolt|atk|1\n|turn|1\n|inactive|Battle timer is ON: inactive players will automatically lose when time's up. (requested by p0x055fa26)\n|inactive|Time left: 300 sec this turn | 300 sec total | 60 sec grace\n|\n|t:|1783533878\n|move|p2a: Stantler|Calm Mind|p2a: Stantler\n|-boost|p2a: Stantler|spa|1\n|-boost|p2a: Stantler|spd|1\n|move|p1a: Vikavolt|Sticky Web|p2a: Stantler\n|-sidestart|p2: p0y055e20a|move: Sticky Web\n|\n|upkeep\n|turn|2\n|inactive|Time left: 300 sec this turn | 300 sec total\n|inactive|p0y055e20a also wants the timer to be on.\n|\n|t:|1783533879\n|move|p2a: Stantler|Tera Blast|p1a: Vikavolt\n|-crit|p1a: Vikavolt\n|-damage|p1a: Vikavolt|18/100\n|move|p1a: Vikavolt|Discharge|p2a: Stantler\n|-damage|p2a: Stantler|226/284\n|-status|p2a: Stantler|par\n|\n|upkeep\n|turn|3\n|inactive|Time left: 300 sec this turn | 300 sec total\n|\n|t:|1783533880\n|move|p1a: Vikavolt|Volt Switch|p2a: Stantler\n|-damage|p2a: Stantler|178/284 par\n|\n|t:|1783533881\n|switch|p1a: Spiritomb|Spiritomb, L89, M|100/100|[from] Volt Switch\n|cant|p2a: Stantler|par\n|\n|upkeep\n|turn|4\n|inactive|Time left: 300 sec this turn | 300 sec total\n|\n|t:|1783533882\n|move|p1a: Spiritomb|Foul Play|p2a: Stantler\n|-damage|p2a: Stantler|88/284 par\n|cant|p2a: Stantler|par\n|\n|upkeep\n|turn|5\n|inactive|Time left: 300 sec this turn | 300 sec total\n|\n|t:|1783533883\n|move|p1a: Spiritomb|Foul Play|p2a: Stantler\n|-damage|p2a: Stantler|1/284 par\n|move|p2a: Stantler|Shadow Ball|p1a: Spiritomb\n|-damage|p1a: Spiritomb|70/100\n|\n|-heal|p1a: Spiritomb|76/100|[from] item: Leftovers\n|upkeep\n|turn|6\n|inactive|Time left: 300 sec this turn | 300 sec total\n|\n|t:|1783533884\n|move|p1a: Spiritomb|Foul Play|p2a: Stantler\n|-crit|p2a: Stantler\n|-damage|p2a: Stantler|0 fnt\n|faint|p2a: Stantler\n|\n|-heal|p1a: Spiritomb|82/100|[from] item: Leftovers\n|upkeep\n|inactive|Time left: 300 sec this turn | 300 sec total | 5 sec grace\n|\n|t:|1783533885\n|switch|p2a: Salamence|Salamence, L77, F|273/273\n|turn|7\n|inactive|Time left: 300 sec this turn | 300 sec total\n|\n|t:|1783533886\n|move|p2a: Salamence|Outrage|p1a: Spiritomb\n|-damage|p1a: Spiritomb|34/100\n|move|p1a: Spiritomb|Pain Split|p2a: Salamence\n|-sethp|p2a: Salamence|175/273|[from] move: Pain Split|[silent]\n|-sethp|p1a: Spiritomb|75/100|[from] move: Pain Split\n|\n|-heal|p1a: Spiritomb|81/100|[from] item: Leftovers\n|upkeep\n|turn|8\n|inactive|Time left: 300 sec this turn | 300 sec total\n|\n|t:|1783533888\n|move|p2a: Salamence|Outrage|p1a: Spiritomb|[from] lockedmove\n|-damage|p1a: Spiritomb|33/100\n|move|p1a: Spiritomb|Foul Play|p2a: Salamence\n|-damage|p2a: Salamence|31/273\n|\n|-heal|p1a: Spiritomb|39/100|[from] item: Leftovers\n|upkeep\n|turn|9\n|inactive|Time left: 300 sec this turn | 300 sec total\n|\n|t:|1783533889\n|move|p1a: Spiritomb|Sucker Punch|p2a: Salamence\n|-damage|p2a: Salamence|0 fnt\n|faint|p2a: Salamence\n|\n|-heal|p1a: Spiritomb|45/100|[from] item: Leftovers\n|upkeep\n|inactive|Time left: 300 sec this turn | 300 sec total | 5 sec grace\n|\n|t:|1783533890\n|switch|p2a: Ogerpon|Ogerpon-Wellspring, L76, F|247/247\n|-activate|p2a: Ogerpon|move: Sticky Web\n|-unboost|p2a: Ogerpon|spe|1\n|turn|10\n|inactive|Time left: 300 sec this turn | 300 sec total\n|\n|t:|1783533891\n|move|p2a: Ogerpon|Power Whip|p1a: Spiritomb\n|-damage|p1a: Spiritomb|0 fnt\n|faint|p1a: Spiritomb\n|\n|upkeep\n|\n|t:|1783533892\n|switch|p1a: Slither Wing|Slither Wing, L81|100/100\n|-enditem|p1a: Slither Wing|Booster Energy\n|-activate|p1a: Slither Wing|ability: Protosynthesis|[fromitem]\n|-start|p1a: Slither Wing|protosynthesisatk\n|turn|11\n|inactive|Time left: 300 sec this turn | 300 sec total\n|\n|t:|1783533893\n|-terastallize|p2a: Ogerpon|Water\n|detailschange|p2a: Ogerpon|Ogerpon-Wellspring-Tera, L76, F, tera:Water\n|-ability|p2a: Ogerpon|Embody Aspect (Wellspring)|boost\n|-boost|p2a: Ogerpon|spd|1\n|move|p1a: Slither Wing|Acrobatics|p2a: Ogerpon\n|-crit|p2a: Ogerpon\n|-damage|p2a: Ogerpon|26/247\n|move|p2a: Ogerpon|Ivy Cudgel|p1a: Slither Wing|[anim] Ivy Cudgel Water\n|-damage|p1a: Slither Wing|35/100\n|\n|upkeep\n|turn|12\n|inactive|Time left: 300 sec this turn | 300 sec total\n|\n|t:|1783533894\n|move|p1a: Slither Wing|Flame Charge|p2a: Ogerpon\n|-resisted|p2a: Ogerpon\n|-damage|p2a: Ogerpon|0 fnt\n|-boost|p1a: Slither Wing|spe|1\n|faint|p2a: Ogerpon\n|detailschange|p2: Ogerpon|Ogerpon-Wellspring, L76, F|[silent]\n|\n|upkeep\n|inactive|Time left: 300 sec this turn | 300 sec total | 5 sec grace\n|\n|t:|1783533895\n|switch|p2a: Volcanion|Volcanion, L79|255/255\n|-activate|p2a: Volcanion|move: Sticky Web\n|-unboost|p2a: Volcanion|spe|1\n|turn|13\n|inactive|Time left: 300 sec this turn | 300 sec total\n|\n|t:|1783533896\n|move|p1a: Slither Wing|Close Combat|p2a: Volcanion\n|-damage|p2a: Volcanion|89/255\n|-unboost|p1a: Slither Wing|def|1\n|-unboost|p1a: Slither Wing|spd|1\n|move|p2a: Volcanion|Steam Eruption|p1a: Slither Wing\n|-damage|p1a: Slither Wing|0 fnt\n|faint|p1a: Slither Wing\n|-end|p1a: Slither Wing|Protosynthesis|[silent]\n|\n|upkeep\n|\n|t:|1783533897\n|switch|p1a: Vikavolt|Vikavolt, L83, F|18/100\n|turn|14\n|inactive|Time left: 300 sec this turn | 300 sec total\n|\n|t:|1783533898\n|move|p2a: Volcanion|Steam Eruption|p1a: Vikavolt\n|-damage|p1a: Vikavolt|0 fnt\n|faint|p1a: Vikavolt\n|\n|upkeep\n|\n|t:|1783533899\n|switch|p1a: Magmortar|Magmortar, L88, F|100/100\n|turn|15\n|inactive|Time left: 300 sec this turn | 300 sec total\n|\n|t:|1783533900\n|move|p1a: Magmortar|Thunderbolt|p2a: Volcanion\n|-supereffective|p2a: Volcanion\n|-damage|p2a: Volcanion|0 fnt\n|faint|p2a: Volcanion\n|\n|upkeep\n|inactive|Time left: 300 sec this turn | 300 sec total | 5 sec grace\n|\n|t:|1783533901\n|switch|p2a: Oinkologne|Oinkologne-F, L92, F|361/361\n|-activate|p2a: Oinkologne|move: Sticky Web\n|-unboost|p2a: Oinkologne|spe|1\n|turn|16\n|inactive|Time left: 300 sec this turn | 300 sec total\n|\n|t:|1783533902\n|move|p1a: Magmortar|Focus Blast|p2a: Oinkologne\n|-supereffective|p2a: Oinkologne\n|-crit|p2a: Oinkologne\n|-damage|p2a: Oinkologne|73/361\n|move|p2a: Oinkologne|Body Slam|p1a: Magmortar\n|-damage|p1a: Magmortar|54/100\n|-status|p1a: Magmortar|par\n|\n|-heal|p2a: Oinkologne|95/361|[from] item: Leftovers\n|upkeep\n|turn|17\n|inactive|Time left: 300 sec this turn | 300 sec total\n|\n|t:|1783533904\n|move|p2a: Oinkologne|Body Slam|p1a: Magmortar\n|-crit|p1a: Magmortar\n|-damage|p1a: Magmortar|0 fnt\n|faint|p1a: Magmortar\n|\n|-heal|p2a: Oinkologne|117/361|[from] item: Leftovers\n|upkeep\n|\n|t:|1783533905\n|switch|p1a: Wo-Chien|Wo-Chien, L83|100/100\n|-ability|p1a: Wo-Chien|Tablets of Ruin\n|turn|18\n|inactive|Time left: 300 sec this turn | 300 sec total\n|\n|t:|1783533906\n|move|p1a: Wo-Chien|Leech Seed|p2a: Oinkologne\n|-start|p2a: Oinkologne|move: Leech Seed\n|move|p2a: Oinkologne|Body Slam|p1a: Wo-Chien\n|-damage|p1a: Wo-Chien|75/100\n|-status|p1a: Wo-Chien|par\n|\n|-heal|p2a: Oinkologne|139/361|[from] item: Leftovers\n|-heal|p1a: Wo-Chien|81/100 par|[from] item: Leftovers\n|-damage|p2a: Oinkologne|94/361|[from] Leech Seed|[of] p1a: Wo-Chien\n|-heal|p1a: Wo-Chien|98/100 par|[silent]\n|upkeep\n|turn|19\n|inactive|Time left: 300 sec this turn | 300 sec total\n|\n|t:|1783533907\n|move|p2a: Oinkologne|Rest|p2a: Oinkologne\n|-status|p2a: Oinkologne|slp|[from] move: Rest\n|-heal|p2a: Oinkologne|361/361 slp|[silent]\n|move|p1a: Wo-Chien|Knock Off|p2a: Oinkologne\n|-damage|p2a: Oinkologne|268/361 slp\n|-enditem|p2a: Oinkologne|Leftovers|[from] move: Knock Off|[of] p1a: Wo-Chien\n|\n|-heal|p1a: Wo-Chien|100/100 par|[from] item: Leftovers\n|-damage|p2a: Oinkologne|223/361 slp|[from] Leech Seed|[of] p1a: Wo-Chien\n|upkeep\n|turn|20\n|inactive|Time left: 300 sec this turn | 300 sec total\n|\n|t:|1783533909\n|switch|p2a: Slither Wing|Slither Wing, L81|270/270\n|-activate|p2a: Slither Wing|move: Sticky Web\n|-unboost|p2a: Slither Wing|spe|1\n|move|p1a: Wo-Chien|Knock Off|p2a: Slither Wing\n|-resisted|p2a: Slither Wing\n|-damage|p2a: Slither Wing|217/270\n|-enditem|p2a: Slither Wing|Life Orb|[from] move: Knock Off|[of] p1a: Wo-Chien\n|\n|upkeep\n|turn|21\n|inactive|Time left: 300 sec this turn | 300 sec total\n|\n|t:|1783533910\n|switch|p1a: Torkoal|Torkoal, L88, F|100/100\n|-weather|SunnyDay|[from] ability: Drought|[of] p1a: Torkoal\n|-activate|p2a: Slither Wing|ability: Protosynthesis\n|-start|p2a: Slither Wing|protosynthesisatk\n|move|p2a: Slither Wing|First Impression|p1a: Torkoal\n|-resisted|p1a: Torkoal\n|-damage|p1a: Torkoal|82/100\n|\n|-weather|SunnyDay|[upkeep]\n|upkeep\n|turn|22\n|inactive|Time left: 300 sec this turn | 300 sec total\n|\n|t:|1783533911\n|move|p2a: Slither Wing|Close Combat|p1a: Torkoal\n|-damage|p1a: Torkoal|34/100\n|-unboost|p2a: Slither Wing|def|1\n|-unboost|p2a: Slither Wing|spd|1\n|move|p1a: Torkoal|Lava Plume|p2a: Slither Wing\n|-supereffective|p2a: Slither Wing\n|-damage|p2a: Slither Wing|0 fnt\n|faint|p2a: Slither Wing\n|-end|p2a: Slither Wing|Protosynthesis|[silent]\n|\n|-weather|SunnyDay|[upkeep]\n|upkeep\n|inactive|Time left: 300 sec this turn | 300 sec total | 5 sec grace\n|\n|t:|1783533912\n|switch|p2a: Oinkologne|Oinkologne-F, L92, F|223/361 slp\n|-activate|p2a: Oinkologne|move: Sticky Web\n|-unboost|p2a: Oinkologne|spe|1\n|turn|23\n|inactive|Time left: 300 sec this turn | 300 sec total\n|\n|t:|1783533913\n|-terastallize|p1a: Torkoal|Dragon\n|cant|p2a: Oinkologne|slp\n|move|p2a: Oinkologne|Sleep Talk|p2a: Oinkologne\n|move|p2a: Oinkologne|Curse|p2a: Oinkologne|[from] move: Sleep Talk\n|-unboost|p2a: Oinkologne|spe|1\n|-boost|p2a: Oinkologne|atk|1\n|-boost|p2a: Oinkologne|def|1\n|move|p1a: Torkoal|Lava Plume|p2a: Oinkologne\n|-damage|p2a: Oinkologne|166/361 slp\n|\n|-weather|SunnyDay|[upkeep]\n|upkeep\n|turn|24\n|inactive|Time left: 300 sec this turn | 300 sec total\n|\n|t:|1783533914\n|cant|p2a: Oinkologne|slp\n|move|p2a: Oinkologne|Sleep Talk|p2a: Oinkologne\n|move|p2a: Oinkologne|Rest||[from] move: Sleep Talk|[still]\n|-fail|p2a: Oinkologne\n|move|p1a: Torkoal|Lava Plume|p2a: Oinkologne\n|-damage|p2a: Oinkologne|112/361 slp\n|\n|-weather|SunnyDay|[upkeep]\n|upkeep\n|turn|25\n|inactive|Time left: 300 sec this turn | 300 sec total\n|\n|t:|1783533915\n|switch|p1a: Wo-Chien|Wo-Chien, L83|100/100 par\n|-ability|p1a: Wo-Chien|Tablets of Ruin\n|-curestatus|p2a: Oinkologne|slp|[msg]\n|move|p2a: Oinkologne|Rest|p2a: Oinkologne\n|-status|p2a: Oinkologne|slp|[from] move: Rest\n|-heal|p2a: Oinkologne|361/361 slp|[silent]\n|\n|-weather|none\n|upkeep\n|turn|26\n|inactive|Time left: 300 sec this turn | 300 sec total\n|\n|t:|1783533916\n|cant|p2a: Oinkologne|slp\n|move|p2a: Oinkologne|Sleep Talk|p2a: Oinkologne\n|move|p2a: Oinkologne|Body Slam|p1a: Wo-Chien|[from] move: Sleep Talk\n|-damage|p1a: Wo-Chien|62/100 par\n|move|p1a: Wo-Chien|Leech Seed|p2a: Oinkologne\n|-start|p2a: Oinkologne|move: Leech Seed\n|\n|-heal|p1a: Wo-Chien|68/100 par|[from] item: Leftovers\n|-damage|p2a: Oinkologne|316/361 slp|[from] Leech Seed|[of] p1a: Wo-Chien\n|-heal|p1a: Wo-Chien|84/100 par|[silent]\n|upkeep\n|turn|27\n|inactive|Time left: 300 sec this turn | 300 sec total\n|\n|t:|1783533917\n|switch|p1a: Torkoal|Torkoal, L88, F, tera:Dragon|34/100\n|-weather|SunnyDay|[from] ability: Drought|[of] p1a: Torkoal\n|cant|p2a: Oinkologne|slp\n|move|p2a: Oinkologne|Sleep Talk|p2a: Oinkologne\n|move|p2a: Oinkologne|Rest||[from] move: Sleep Talk|[still]\n|-fail|p2a: Oinkologne\n|\n|-weather|SunnyDay|[upkeep]\n|-damage|p2a: Oinkologne|271/361 slp|[from] Leech Seed|[of] p1a: Torkoal\n|-heal|p1a: Torkoal|50/100|[silent]\n|upkeep\n|turn|28\n|inactive|Time left: 300 sec this turn | 300 sec total\n|\n|t:|1783533918\n|-curestatus|p2a: Oinkologne|slp|[msg]\n|move|p2a: Oinkologne|Body Slam|p1a: Torkoal\n|-damage|p1a: Torkoal|16/100\n|move|p1a: Torkoal|Lava Plume|p2a: Oinkologne\n|-damage|p2a: Oinkologne|210/361\n|-status|p2a: Oinkologne|brn\n|\n|-weather|SunnyDay|[upkeep]\n|-damage|p2a: Oinkologne|165/361 brn|[from] Leech Seed|[of] p1a: Torkoal\n|-heal|p1a: Torkoal|32/100|[silent]\n|-damage|p2a: Oinkologne|143/361 brn|[from] brn\n|upkeep\n|turn|29\n|inactive|Time left: 300 sec this turn | 300 sec total\n|\n|t:|1783533919\n|move|p2a: Oinkologne|Rest|p2a: Oinkologne\n|-status|p2a: Oinkologne|slp|[from] move: Rest\n|-heal|p2a: Oinkologne|361/361 slp|[silent]\n|move|p1a: Torkoal|Lava Plume|p2a: Oinkologne\n|-damage|p2a: Oinkologne|307/361 slp\n|\n|-weather|SunnyDay|[upkeep]\n|-damage|p2a: Oinkologne|262/361 slp|[from] Leech Seed|[of] p1a: Torkoal\n|-heal|p1a: Torkoal|49/100|[silent]\n|upkeep\n|turn|30\n|inactive|Time left: 300 sec this turn | 300 sec total\n|\n|t:|1783533921\n|cant|p2a: Oinkologne|slp\n|move|p2a: Oinkologne|Sleep Talk|p2a: Oinkologne\n|move|p2a: Oinkologne|Body Slam|p1a: Torkoal|[from] move: Sleep Talk\n|-crit|p1a: Torkoal\n|-damage|p1a: Torkoal|0 fnt\n|faint|p1a: Torkoal\n|\n|-weather|SunnyDay|[upkeep]\n|upkeep\n|\n|t:|1783533922\n|switch|p1a: Wo-Chien|Wo-Chien, L83|84/100 par\n|-ability|p1a: Wo-Chien|Tablets of Ruin\n|turn|31\n|inactive|Time left: 300 sec this turn | 300 sec total\n|\n|t:|1783533923\n|cant|p2a: Oinkologne|slp\n|move|p2a: Oinkologne|Sleep Talk|p2a: Oinkologne\n|move|p2a: Oinkologne|Rest||[from] move: Sleep Talk|[still]\n|-fail|p2a: Oinkologne\n|move|p1a: Wo-Chien|Knock Off|p2a: Oinkologne\n|-damage|p2a: Oinkologne|217/361 slp\n|\n|-weather|none\n|-heal|p1a: Wo-Chien|90/100 par|[from] item: Leftovers\n|-damage|p2a: Oinkologne|172/361 slp|[from] Leech Seed|[of] p1a: Wo-Chien\n|-heal|p1a: Wo-Chien|100/100 par|[silent]\n|upkeep\n|turn|32\n|inactive|Time left: 300 sec this turn | 300 sec total\n|\n|t:|1783533924\n|-curestatus|p2a: Oinkologne|slp|[msg]\n|move|p2a: Oinkologne|Curse|p2a: Oinkologne\n|-unboost|p2a: Oinkologne|spe|1\n|-boost|p2a: Oinkologne|atk|1\n|-boost|p2a: Oinkologne|def|1\n|move|p1a: Wo-Chien|Knock Off|p2a: Oinkologne\n|-damage|p2a: Oinkologne|138/361\n|\n|-damage|p2a: Oinkologne|93/361|[from] Leech Seed|[of] p1a: Wo-Chien\n|upkeep\n|turn|33\n|inactive|Time left: 300 sec this turn | 300 sec total\n|\n|t:|1783533925\n|move|p1a: Wo-Chien|Knock Off|p2a: Oinkologne\n|-damage|p2a: Oinkologne|59/361\n|move|p2a: Oinkologne|Rest|p2a: Oinkologne\n|-status|p2a: Oinkologne|slp|[from] move: Rest\n|-heal|p2a: Oinkologne|361/361 slp|[silent]\n|\n|-damage|p2a: Oinkologne|316/361 slp|[from] Leech Seed|[of] p1a: Wo-Chien\n|upkeep\n|turn|34\n|inactive|Time left: 300 sec this turn | 300 sec total\n|\n|t:|1783533926\n|cant|p1a: Wo-Chien|par\n|cant|p2a: Oinkologne|slp\n|move|p2a: Oinkologne|Sleep Talk|p2a: Oinkologne\n|move|p2a: Oinkologne|Curse|p2a: Oinkologne|[from] move: Sleep Talk\n|-unboost|p2a: Oinkologne|spe|1\n|-boost|p2a: Oinkologne|atk|1\n|-boost|p2a: Oinkologne|def|1\n|\n|-damage|p2a: Oinkologne|271/361 slp|[from] Leech Seed|[of] p1a: Wo-Chien\n|upkeep\n|turn|35\n|inactive|Time left: 300 sec this turn | 300 sec total\n|\n|t:|1783533927\n|move|p1a: Wo-Chien|Knock Off|p2a: Oinkologne\n|-damage|p2a: Oinkologne|241/361 slp\n|cant|p2a: Oinkologne|slp\n|move|p2a: Oinkologne|Sleep Talk|p2a: Oinkologne\n|move|p2a: Oinkologne|Rest||[from] move: Sleep Talk|[still]\n|-fail|p2a: Oinkologne\n|\n|-damage|p2a: Oinkologne|196/361 slp|[from] Leech Seed|[of] p1a: Wo-Chien\n|upkeep\n|turn|36\n|inactive|Time left: 300 sec this turn | 300 sec total\n|\n|t:|1783533928\n|move|p1a: Wo-Chien|Knock Off|p2a: Oinkologne\n|-damage|p2a: Oinkologne|169/361 slp\n|-curestatus|p2a: Oinkologne|slp|[msg]\n|move|p2a: Oinkologne|Rest|p2a: Oinkologne\n|-status|p2a: Oinkologne|slp|[from] move: Rest\n|-heal|p2a: Oinkologne|361/361 slp|[silent]\n|\n|-damage|p2a: Oinkologne|316/361 slp|[from] Leech Seed|[of] p1a: Wo-Chien\n|upkeep\n|turn|37\n|inactive|Time left: 300 sec this turn | 300 sec total\n|\n|t:|1783533929\n|move|p1a: Wo-Chien|Knock Off|p2a: Oinkologne\n|-damage|p2a: Oinkologne|291/361 slp\n|cant|p2a: Oinkologne|slp\n|move|p2a: Oinkologne|Sleep Talk|p2a: Oinkologne\n|move|p2a: Oinkologne|Curse|p2a: Oinkologne|[from] move: Sleep Talk\n|-unboost|p2a: Oinkologne|spe|1\n|-boost|p2a: Oinkologne|atk|1\n|-boost|p2a: Oinkologne|def|1\n|\n|-damage|p2a: Oinkologne|246/361 slp|[from] Leech Seed|[of] p1a: Wo-Chien\n|upkeep\n|turn|38\n|inactive|Time left: 300 sec this turn | 300 sec total\n|\n|t:|1783533930\n|move|p1a: Wo-Chien|Knock Off|p2a: Oinkologne\n|-damage|p2a: Oinkologne|222/361 slp\n|cant|p2a: Oinkologne|slp\n|move|p2a: Oinkologne|Sleep Talk|p2a: Oinkologne\n|move|p2a: Oinkologne|Curse|p2a: Oinkologne|[from] move: Sleep Talk\n|-unboost|p2a: Oinkologne|spe|1\n|-boost|p2a: Oinkologne|atk|1\n|-boost|p2a: Oinkologne|def|1\n|\n|-damage|p2a: Oinkologne|177/361 slp|[from] Leech Seed|[of] p1a: Wo-Chien\n|upkeep\n|turn|39\n|inactive|Time left: 300 sec this turn | 300 sec total\n|\n|t:|1783533930\n|move|p1a: Wo-Chien|Protect|p1a: Wo-Chien\n|-singleturn|p1a: Wo-Chien|Protect\n|-curestatus|p2a: Oinkologne|slp|[msg]\n|move|p2a: Oinkologne|Body Slam|p1a: Wo-Chien\n|-activate|p1a: Wo-Chien|move: Protect\n|\n|-damage|p2a: Oinkologne|132/361|[from] Leech Seed|[of] p1a: Wo-Chien\n|upkeep\n|turn|40\n|inactive|Time left: 300 sec this turn | 300 sec total\n|\n|t:|1783533931\n|move|p1a: Wo-Chien|Stun Spore|p2a: Oinkologne|[miss]\n|-miss|p1a: Wo-Chien|p2a: Oinkologne\n|move|p2a: Oinkologne|Body Slam|p1a: Wo-Chien\n|-damage|p1a: Wo-Chien|12/100 par\n|\n|-heal|p1a: Wo-Chien|19/100 par|[from] item: Leftovers\n|-damage|p2a: Oinkologne|87/361|[from] Leech Seed|[of] p1a: Wo-Chien\n|-heal|p1a: Wo-Chien|35/100 par|[silent]\n|upkeep\n|turn|41\n|inactive|Time left: 300 sec this turn | 300 sec total\n|\n|t:|1783533932\n|cant|p1a: Wo-Chien|par\n|move|p2a: Oinkologne|Body Slam|p1a: Wo-Chien\n|-damage|p1a: Wo-Chien|0 fnt\n|faint|p1a: Wo-Chien\n|\n|win|p0y055e20a", "uploadtime": 1783533932, "views": 0, "rating": 0, "private": 0, "password": null, "_winner": "p0y055e20a", "_our_name": "p0y055e20a"}