{"id": "battle-gen9randombattle-288", "formatid": "gen9randombattle", "format": "[Gen 9] Random Battle", "players": ["p0x288c5cb", "p0y288602b"], "log": "|init|battle\n|title|p0x288c5cb vs. p0y288602b\n|j|\u2606p0x288c5cb\n|j|\u2606p0y288602b\n|t:|1783542395\n|gametype|singles\n|player|p1|p0x288c5cb|170|\n|player|p2|p0y288602b|101|\n|gen|9\n|tier|[Gen 9] Random Battle\n|rule|Species Clause: Limit one of each Pok\u00e9mon\n|rule|HP Percentage Mod: HP is shown in percentages\n|rule|Sleep Clause Mod: Limit one foe put to sleep\n|rule|Illusion Level Mod: Illusion disguises the Pok\u00e9mon's true level\n|\n|t:|1783542395\n|teamsize|p1|6\n|teamsize|p2|6\n|start\n|switch|p1a: Smeargle|Smeargle, L95, F|100/100\n|switch|p2a: Azelf|Azelf, L82|257/257\n|turn|1\n|inactive|Battle timer is ON: inactive players will automatically lose when time's up. (requested by p0x288c5cb)\n|inactive|Time left: 300 sec this turn | 300 sec total | 60 sec grace\n|\n|t:|1783542397\n|move|p2a: Azelf|Knock Off|p1a: Smeargle\n|-damage|p1a: Smeargle|53/100\n|-enditem|p1a: Smeargle|Focus Sash|[from] move: Knock Off|[of] p2a: Azelf\n|move|p1a: Smeargle|Sticky Web|p2a: Azelf\n|-sidestart|p2: p0y288602b|move: Sticky Web\n|\n|upkeep\n|turn|2\n|inactive|Time left: 300 sec this turn | 300 sec total\n|inactive|p0y288602b also wants the timer to be on.\n|\n|t:|1783542398\n|switch|p1a: Articuno|Articuno-Galar, L84|100/100\n|move|p2a: Azelf|Psychic|p1a: Articuno\n|-resisted|p1a: Articuno\n|-damage|p1a: Articuno|83/100\n|\n|upkeep\n|turn|3\n|inactive|Time left: 300 sec this turn | 300 sec total\n|\n|t:|1783542400\n|move|p2a: Azelf|Knock Off|p1a: Articuno\n|-supereffective|p1a: Articuno\n|-damage|p1a: Articuno|26/100\n|-enditem|p1a: Articuno|Heavy-Duty Boots|[from] move: Knock Off|[of] p2a: Azelf\n|move|p1a: Articuno|Recover|p1a: Articuno\n|-heal|p1a: Articuno|76/100\n|\n|upkeep\n|turn|4\n|inactive|Time left: 300 sec this turn | 300 sec total\n|\n|t:|1783542401\n|move|p2a: Azelf|Stealth Rock|p1a: Articuno\n|-sidestart|p1: p0x288c5cb|move: Stealth Rock\n|move|p1a: Articuno|Hurricane|p2a: Azelf|[miss]\n|-miss|p1a: Articuno|p2a: Azelf\n|\n|upkeep\n|turn|5\n|inactive|Time left: 300 sec this turn | 300 sec total\n|\n|t:|1783542402\n|move|p2a: Azelf|Knock Off|p1a: Articuno\n|-supereffective|p1a: Articuno\n|-damage|p1a: Articuno|39/100\n|move|p1a: Articuno|Hurricane|p2a: Azelf\n|-damage|p2a: Azelf|98/257\n|\n|upkeep\n|turn|6\n|inactive|Time left: 300 sec this turn | 300 sec total\n|\n|t:|1783542403\n|move|p2a: Azelf|Knock Off|p1a: Articuno\n|-supereffective|p1a: Articuno\n|-damage|p1a: Articuno|2/100\n|move|p1a: Articuno|Hurricane|p2a: Azelf\n|-damage|p2a: Azelf|0 fnt\n|faint|p2a: Azelf\n|\n|upkeep\n|inactive|Time left: 300 sec this turn | 300 sec total | 5 sec grace\n|\n|t:|1783542404\n|switch|p2a: Iron Moth|Iron Moth, L78|253/253\n|turn|7\n|inactive|Time left: 300 sec this turn | 300 sec total\n|\n|t:|1783542405\n|move|p2a: Iron Moth|Energy Ball|p1a: Articuno\n|-resisted|p1a: Articuno\n|-damage|p1a: Articuno|0 fnt\n|faint|p1a: Articuno\n|\n|upkeep\n|\n|t:|1783542406\n|switch|p1a: Oranguru|Oranguru, L92, M|100/100\n|-damage|p1a: Oranguru|88/100|[from] Stealth Rock\n|turn|8\n|inactive|Time left: 300 sec this turn | 300 sec total\n|\n|t:|1783542407\n|-end|p2a: Iron Moth|Quark Drive|[silent]\n|switch|p2a: Tyranitar|Tyranitar, L78, M|284/284\n|-activate|p2a: Tyranitar|move: Sticky Web\n|-unboost|p2a: Tyranitar|spe|1\n|-weather|Sandstorm|[from] ability: Sand Stream|[of] p2a: Tyranitar\n|move|p1a: Oranguru|Nasty Plot|p1a: Oranguru\n|-boost|p1a: Oranguru|spa|2\n|\n|-weather|Sandstorm|[upkeep]\n|-damage|p1a: Oranguru|82/100|[from] Sandstorm\n|-heal|p1a: Oranguru|88/100|[from] item: Leftovers\n|upkeep\n|turn|9\n|inactive|Time left: 300 sec this turn | 300 sec total\n|\n|t:|1783542408\n|-terastallize|p2a: Tyranitar|Ghost\n|move|p1a: Oranguru|Focus Blast|p2a: Tyranitar\n|-immune|p2a: Tyranitar\n|move|p2a: Tyranitar|Knock Off|p1a: Oranguru\n|-supereffective|p1a: Oranguru\n|-damage|p1a: Oranguru|18/100\n|-enditem|p1a: Oranguru|Leftovers|[from] move: Knock Off|[of] p2a: Tyranitar\n|\n|-weather|Sandstorm|[upkeep]\n|-damage|p1a: Oranguru|12/100|[from] Sandstorm\n|-damage|p2a: Tyranitar|267/284|[from] Sandstorm\n|upkeep\n|turn|10\n|inactive|Time left: 300 sec this turn | 300 sec total\n|\n|t:|1783542409\n|move|p1a: Oranguru|Psychic|p2a: Tyranitar\n|-damage|p2a: Tyranitar|132/284\n|move|p2a: Tyranitar|Earthquake|p1a: Oranguru\n|-damage|p1a: Oranguru|0 fnt\n|faint|p1a: Oranguru\n|\n|-weather|Sandstorm|[upkeep]\n|-damage|p2a: Tyranitar|115/284|[from] Sandstorm\n|upkeep\n|\n|t:|1783542411\n|switch|p1a: Hitmonchan|Hitmonchan, L87, M|100/100\n|-damage|p1a: Hitmonchan|94/100|[from] Stealth Rock\n|turn|11\n|inactive|Time left: 300 sec this turn | 300 sec total\n|\n|t:|1783542412\n|switch|p2a: Rayquaza|Rayquaza, L72|270/270\n|-ability|p2a: Rayquaza|Air Lock\n|move|p1a: Hitmonchan|Knock Off|p2a: Rayquaza\n|-damage|p2a: Rayquaza|181/270\n|-enditem|p2a: Rayquaza|Heavy-Duty Boots|[from] move: Knock Off|[of] p1a: Hitmonchan\n|\n|-weather|Sandstorm|[upkeep]\n|-heal|p1a: Hitmonchan|100/100|[from] item: Leftovers\n|upkeep\n|turn|12\n|inactive|Time left: 300 sec this turn | 300 sec total\n|\n|t:|1783542413\n|move|p1a: Hitmonchan|Bulk Up|p1a: Hitmonchan\n|-boost|p1a: Hitmonchan|atk|1\n|-boost|p1a: Hitmonchan|def|1\n|move|p2a: Rayquaza|Dragon Ascent|p1a: Hitmonchan\n|-supereffective|p1a: Hitmonchan\n|-damage|p1a: Hitmonchan|25/100\n|-unboost|p2a: Rayquaza|def|1\n|-unboost|p2a: Rayquaza|spd|1\n|\n|-weather|none\n|-heal|p1a: Hitmonchan|31/100|[from] item: Leftovers\n|upkeep\n|turn|13\n|inactive|Time left: 300 sec this turn | 300 sec total\n|\n|t:|1783542414\n|-terastallize|p1a: Hitmonchan|Steel\n|move|p1a: Hitmonchan|Drain Punch|p2a: Rayquaza\n|-resisted|p2a: Rayquaza\n|-damage|p2a: Rayquaza|47/270\n|-heal|p1a: Hitmonchan|60/100|[from] drain|[of] p2a: Rayquaza\n|move|p2a: Rayquaza|Dragon Ascent|p1a: Hitmonchan\n|-resisted|p1a: Hitmonchan\n|-damage|p1a: Hitmonchan|40/100\n|-unboost|p2a: Rayquaza|def|1\n|-unboost|p2a: Rayquaza|spd|1\n|\n|-heal|p1a: Hitmonchan|46/100|[from] item: Leftovers\n|upkeep\n|turn|14\n|inactive|Time left: 300 sec this turn | 300 sec total\n|\n|t:|1783542415\n|switch|p2a: Iron Moth|Iron Moth, L78|253/253\n|move|p1a: Hitmonchan|Knock Off|p2a: Iron Moth\n|-damage|p2a: Iron Moth|83/253\n|-enditem|p2a: Iron Moth|Heavy-Duty Boots|[from] move: Knock Off|[of] p1a: Hitmonchan\n|\n|-heal|p1a: Hitmonchan|52/100|[from] item: Leftovers\n|upkeep\n|turn|15\n|inactive|Time left: 300 sec this turn | 300 sec total\n|\n|t:|1783542416\n|move|p2a: Iron Moth|Fire Blast|p1a: Hitmonchan\n|-supereffective|p1a: Hitmonchan\n|-damage|p1a: Hitmonchan|0 fnt\n|faint|p1a: Hitmonchan\n|\n|upkeep\n|\n|t:|1783542417\n|switch|p1a: Sandy Shocks|Sandy Shocks, L80|100/100\n|-damage|p1a: Sandy Shocks|95/100|[from] Stealth Rock\n|turn|16\n|inactive|Time left: 300 sec this turn | 300 sec total\n|\n|t:|1783542418\n|move|p2a: Iron Moth|Energy Ball|p1a: Sandy Shocks\n|-supereffective|p1a: Sandy Shocks\n|-damage|p1a: Sandy Shocks|31/100\n|-unboost|p1a: Sandy Shocks|spd|1\n|move|p1a: Sandy Shocks|Thunderbolt|p2a: Iron Moth\n|-damage|p2a: Iron Moth|0 fnt\n|faint|p2a: Iron Moth\n|-end|p2a: Iron Moth|Quark Drive|[silent]\n|\n|-heal|p1a: Sandy Shocks|37/100|[from] item: Leftovers\n|upkeep\n|inactive|Time left: 300 sec this turn | 300 sec total | 5 sec grace\n|\n|t:|1783542419\n|switch|p2a: Gogoat|Gogoat, L88, M|360/360\n|-activate|p2a: Gogoat|move: Sticky Web\n|-unboost|p2a: Gogoat|spe|1\n|turn|17\n|inactive|Time left: 300 sec this turn | 300 sec total\n|\n|t:|1783542420\n|move|p1a: Sandy Shocks|Thunder Wave|p2a: Gogoat\n|-status|p2a: Gogoat|par\n|move|p2a: Gogoat|Horn Leech|p1a: Sandy Shocks\n|-supereffective|p1a: Sandy Shocks\n|-damage|p1a: Sandy Shocks|0 fnt\n|faint|p1a: Sandy Shocks\n|-end|p1a: Sandy Shocks|Protosynthesis|[silent]\n|\n|upkeep\n|\n|t:|1783542421\n|switch|p1a: Klefki|Klefki, L84, M|100/100\n|-damage|p1a: Klefki|94/100|[from] Stealth Rock\n|turn|18\n|inactive|Time left: 300 sec this turn | 300 sec total\n|\n|t:|1783542422\n|move|p1a: Klefki|Spikes|p2a: Gogoat\n|-sidestart|p2: p0y288602b|Spikes\n|cant|p2a: Gogoat|par\n|\n|-heal|p1a: Klefki|100/100|[from] item: Leftovers\n|upkeep\n|turn|19\n|inactive|Time left: 300 sec this turn | 300 sec total\n|\n|t:|1783542423\n|move|p1a: Klefki|Foul Play|p2a: Gogoat\n|-damage|p2a: Gogoat|268/360 par\n|cant|p2a: Gogoat|par\n|\n|-heal|p2a: Gogoat|290/360 par|[from] item: Leftovers\n|upkeep\n|turn|20\n|inactive|Time left: 300 sec this turn | 300 sec total\n|\n|t:|1783542424\n|move|p1a: Klefki|Foul Play|p2a: Gogoat\n|-damage|p2a: Gogoat|206/360 par\n|move|p2a: Gogoat|Earthquake|p1a: Klefki\n|-supereffective|p1a: Klefki\n|-damage|p1a: Klefki|33/100\n|\n|-heal|p1a: Klefki|39/100|[from] item: Leftovers\n|-heal|p2a: Gogoat|228/360 par|[from] item: Leftovers\n|upkeep\n|turn|21\n|inactive|Time left: 300 sec this turn | 300 sec total\n|\n|t:|1783542425\n|move|p1a: Klefki|Foul Play|p2a: Gogoat\n|-damage|p2a: Gogoat|136/360 par\n|move|p2a: Gogoat|Earthquake|p1a: Klefki\n|-supereffective|p1a: Klefki\n|-damage|p1a: Klefki|0 fnt\n|faint|p1a: Klefki\n|\n|-heal|p2a: Gogoat|158/360 par|[from] item: Leftovers\n|upkeep\n|\n|t:|1783542426\n|switch|p1a: Smeargle|Smeargle, L95, F|53/100\n|-damage|p1a: Smeargle|40/100|[from] Stealth Rock\n|turn|22\n|inactive|Time left: 300 sec this turn | 300 sec total\n|\n|t:|1783542427\n|cant|p2a: Gogoat|par\n|move|p1a: Smeargle|Whirlwind|p2a: Gogoat\n|drag|p2a: Ursaring|Ursaring, L84, F|288/288\n|-activate|p2a: Ursaring|move: Sticky Web\n|-unboost|p2a: Ursaring|spe|1\n|-damage|p2a: Ursaring|252/288|[from] Spikes\n|\n|-status|p2a: Ursaring|tox|[from] item: Toxic Orb\n|upkeep\n|turn|23\n|inactive|Time left: 300 sec this turn | 300 sec total\n|\n|t:|1783542428\n|move|p1a: Smeargle|Spore||[still]\n|-fail|p1a: Smeargle\n|move|p2a: Ursaring|Close Combat|p1a: Smeargle\n|-supereffective|p1a: Smeargle\n|-damage|p1a: Smeargle|0 fnt\n|-unboost|p2a: Ursaring|def|1\n|-unboost|p2a: Ursaring|spd|1\n|faint|p1a: Smeargle\n|\n|win|p0y288602b", "uploadtime": 1783542428, "views": 0, "rating": 0, "private": 0, "password": null, "_winner": "p0y288602b", "_our_name": "p0y288602b"}