{"id": "battle-gen9randombattle-1741", "formatid": "gen9randombattle", "format": "[Gen 9] Random Battle", "players": ["p0x17410919", "p0y174148d9"], "log": "|init|battle\n|title|p0x17410919 vs. p0y174148d9\n|j|\u2606p0x17410919\n|j|\u2606p0y174148d9\n|t:|1783560116\n|gametype|singles\n|player|p1|p0x17410919|1|\n|player|p2|p0y174148d9|265|\n|gen|9\n|tier|[Gen 9] Random Battle\n|rule|Species Clause: Limit one of each Pok\u00e9mon\n|rule|HP Percentage Mod: HP is shown in percentages\n|rule|Sleep Clause Mod: Limit one foe put to sleep\n|rule|Illusion Level Mod: Illusion disguises the Pok\u00e9mon's true level\n|\n|t:|1783560116\n|teamsize|p1|6\n|teamsize|p2|6\n|start\n|switch|p1a: Breloom|Breloom, L83, F|100/100\n|switch|p2a: Girafarig|Girafarig, L89, M|269/269\n|turn|1\n|inactive|Battle timer is ON: inactive players will automatically lose when time's up. (requested by p0y174148d9)\n|\n|t:|1783560117\n|switch|p1a: Ho-Oh|Ho-Oh, L71|100/100\n|move|p2a: Girafarig|Dazzling Gleam|p1a: Ho-Oh\n|-resisted|p1a: Ho-Oh\n|-damage|p1a: Ho-Oh|92/100\n|\n|upkeep\n|turn|2\n|inactive|Time left: 300 sec this turn | 300 sec total\n|inactive|p0x17410919 also wants the timer to be on.\n|\n|t:|1783560118\n|move|p2a: Girafarig|Nasty Plot|p2a: Girafarig\n|-boost|p2a: Girafarig|spa|2\n|move|p1a: Ho-Oh|Sacred Fire|p2a: Girafarig\n|-damage|p2a: Girafarig|194/269\n|\n|upkeep\n|turn|3\n|inactive|Time left: 300 sec this turn | 300 sec total\n|\n|t:|1783560119\n|move|p2a: Girafarig|Psyshock|p1a: Ho-Oh\n|-damage|p1a: Ho-Oh|10/100\n|move|p1a: Ho-Oh|Sacred Fire|p2a: Girafarig\n|-damage|p2a: Girafarig|119/269\n|-status|p2a: Girafarig|brn\n|\n|-damage|p2a: Girafarig|103/269 brn|[from] brn\n|upkeep\n|turn|4\n|inactive|Time left: 300 sec this turn | 300 sec total\n|\n|t:|1783560120\n|switch|p1a: Indeedee|Indeedee-F, L90, F|100/100\n|-fieldstart|move: Psychic Terrain|[from] ability: Psychic Surge|[of] p1a: Indeedee\n|move|p2a: Girafarig|Psyshock|p1a: Indeedee\n|-resisted|p1a: Indeedee\n|-damage|p1a: Indeedee|50/100\n|\n|-damage|p2a: Girafarig|87/269 brn|[from] brn\n|upkeep\n|turn|5\n|inactive|Time left: 300 sec this turn | 300 sec total\n|\n|t:|1783560121\n|move|p1a: Indeedee|Hyper Voice|p2a: Girafarig\n|-damage|p2a: Girafarig|0 fnt\n|faint|p2a: Girafarig\n|-damage|p1a: Indeedee|40/100|[from] item: Life Orb\n|\n|upkeep\n|inactive|Time left: 300 sec this turn | 300 sec total | 5 sec grace\n|\n|t:|1783560122\n|switch|p2a: Zekrom|Zekrom, L71|259/259\n|-ability|p2a: Zekrom|Teravolt\n|turn|6\n|inactive|Time left: 300 sec this turn | 300 sec total\n|\n|t:|1783560123\n|move|p1a: Indeedee|Hyper Voice|p2a: Zekrom\n|-damage|p2a: Zekrom|117/259\n|-damage|p1a: Indeedee|30/100|[from] item: Life Orb\n|move|p2a: Zekrom|Dragon Dance|p2a: Zekrom\n|-boost|p2a: Zekrom|atk|1\n|-boost|p2a: Zekrom|spe|1\n|\n|-heal|p2a: Zekrom|133/259|[from] item: Leftovers\n|upkeep\n|turn|7\n|inactive|Time left: 300 sec this turn | 300 sec total\n|\n|t:|1783560125\n|move|p2a: Zekrom|Outrage|p1a: Indeedee\n|-damage|p1a: Indeedee|0 fnt\n|faint|p1a: Indeedee\n|\n|-heal|p2a: Zekrom|149/259|[from] item: Leftovers\n|upkeep\n|\n|t:|1783560126\n|switch|p1a: Gardevoir|Gardevoir, L83, F|100/100\n|-ability|p1a: Gardevoir|Teravolt|Trace|[from] ability: Trace|[of] p2a: Zekrom\n|-ability|p1a: Gardevoir|Teravolt\n|turn|8\n|inactive|Time left: 300 sec this turn | 300 sec total\n|\n|t:|1783560126\n|move|p1a: Gardevoir|Moonblast|p2a: Zekrom\n|-supereffective|p2a: Zekrom\n|-crit|p2a: Zekrom\n|-damage|p2a: Zekrom|0 fnt\n|faint|p2a: Zekrom\n|\n|-fieldend|move: Psychic Terrain\n|upkeep\n|inactive|Time left: 300 sec this turn | 300 sec total | 5 sec grace\n|\n|t:|1783560128\n|switch|p2a: Arceus|Arceus-Fire, L72|291/291\n|turn|9\n|inactive|Time left: 300 sec this turn | 300 sec total\n|\n|t:|1783560129\n|move|p1a: Gardevoir|Moonblast|p2a: Arceus\n|-resisted|p2a: Arceus\n|-damage|p2a: Arceus|237/291\n|move|p2a: Arceus|Swords Dance|p2a: Arceus\n|-boost|p2a: Arceus|atk|2\n|\n|upkeep\n|turn|10\n|inactive|Time left: 300 sec this turn | 300 sec total\n|\n|t:|1783560130\n|switch|p1a: Stonjourner|Stonjourner, L91, F|100/100\n|move|p2a: Arceus|Flare Blitz|p1a: Stonjourner\n|-resisted|p1a: Stonjourner\n|-damage|p1a: Stonjourner|74/100\n|-damage|p2a: Arceus|209/291|[from] Recoil\n|\n|upkeep\n|turn|11\n|inactive|Time left: 300 sec this turn | 300 sec total\n|\n|t:|1783560131\n|move|p2a: Arceus|Earthquake|p1a: Stonjourner\n|-supereffective|p1a: Stonjourner\n|-damage|p1a: Stonjourner|26/100\n|move|p1a: Stonjourner|Earthquake|p2a: Arceus\n|-supereffective|p2a: Arceus\n|-damage|p2a: Arceus|0 fnt\n|faint|p2a: Arceus\n|-damage|p1a: Stonjourner|16/100|[from] item: Life Orb\n|\n|upkeep\n|inactive|Time left: 300 sec this turn | 300 sec total | 5 sec grace\n|\n|t:|1783560132\n|switch|p2a: Espathra|Espathra, L80, F|283/283\n|turn|12\n|inactive|Time left: 300 sec this turn | 300 sec total\n|\n|t:|1783560133\n|switch|p1a: Gardevoir|Gardevoir, L83, F|100/100\n|-ability|p1a: Gardevoir|Speed Boost|Trace|[from] ability: Trace|[of] p2a: Espathra\n|move|p2a: Espathra|Dazzling Gleam|p1a: Gardevoir\n|-damage|p1a: Gardevoir|82/100\n|\n|-ability|p2a: Espathra|Speed Boost|boost\n|-boost|p2a: Espathra|spe|1\n|upkeep\n|turn|13\n|inactive|Time left: 300 sec this turn | 300 sec total\n|\n|t:|1783560134\n|move|p2a: Espathra|Calm Mind|p2a: Espathra\n|-boost|p2a: Espathra|spa|1\n|-boost|p2a: Espathra|spd|1\n|move|p1a: Gardevoir|Moonblast|p2a: Espathra\n|-damage|p2a: Espathra|171/283\n|-unboost|p2a: Espathra|spa|1\n|\n|-heal|p2a: Espathra|188/283|[from] item: Leftovers\n|-ability|p2a: Espathra|Speed Boost|boost\n|-boost|p2a: Espathra|spe|1\n|-ability|p1a: Gardevoir|Speed Boost|boost\n|-boost|p1a: Gardevoir|spe|1\n|upkeep\n|turn|14\n|inactive|Time left: 300 sec this turn | 300 sec total\n|\n|t:|1783560135\n|move|p2a: Espathra|Calm Mind|p2a: Espathra\n|-boost|p2a: Espathra|spa|1\n|-boost|p2a: Espathra|spd|1\n|move|p1a: Gardevoir|Moonblast|p2a: Espathra\n|-damage|p2a: Espathra|100/283\n|-unboost|p2a: Espathra|spa|1\n|\n|-heal|p2a: Espathra|117/283|[from] item: Leftovers\n|-ability|p2a: Espathra|Speed Boost|boost\n|-boost|p2a: Espathra|spe|1\n|-ability|p1a: Gardevoir|Speed Boost|boost\n|-boost|p1a: Gardevoir|spe|1\n|upkeep\n|turn|15\n|inactive|Time left: 300 sec this turn | 300 sec total\n|\n|t:|1783560136\n|move|p1a: Gardevoir|Moonblast|p2a: Espathra\n|-damage|p2a: Espathra|32/283\n|move|p2a: Espathra|Roost|p2a: Espathra\n|-heal|p2a: Espathra|174/283\n|-singleturn|p2a: Espathra|move: Roost\n|\n|-heal|p2a: Espathra|191/283|[from] item: Leftovers\n|-ability|p1a: Gardevoir|Speed Boost|boost\n|-boost|p1a: Gardevoir|spe|1\n|-ability|p2a: Espathra|Speed Boost|boost\n|-boost|p2a: Espathra|spe|1\n|upkeep\n|turn|16\n|inactive|Time left: 300 sec this turn | 300 sec total\n|\n|t:|1783560137\n|move|p1a: Gardevoir|Moonblast|p2a: Espathra\n|-damage|p2a: Espathra|110/283\n|move|p2a: Espathra|Roost|p2a: Espathra\n|-heal|p2a: Espathra|252/283\n|-singleturn|p2a: Espathra|move: Roost\n|\n|-heal|p2a: Espathra|269/283|[from] item: Leftovers\n|-ability|p1a: Gardevoir|Speed Boost|boost\n|-boost|p1a: Gardevoir|spe|1\n|-ability|p2a: Espathra|Speed Boost|boost\n|-boost|p2a: Espathra|spe|1\n|upkeep\n|turn|17\n|inactive|Time left: 300 sec this turn | 300 sec total\n|\n|t:|1783560138\n|move|p1a: Gardevoir|Moonblast|p2a: Espathra\n|-damage|p2a: Espathra|190/283\n|move|p2a: Espathra|Calm Mind|p2a: Espathra\n|-boost|p2a: Espathra|spa|1\n|-boost|p2a: Espathra|spd|1\n|\n|-heal|p2a: Espathra|207/283|[from] item: Leftovers\n|-ability|p1a: Gardevoir|Speed Boost|boost\n|-boost|p1a: Gardevoir|spe|1\n|-ability|p2a: Espathra|Speed Boost|boost\n|-boost|p2a: Espathra|spe|1\n|upkeep\n|turn|18\n|inactive|Time left: 300 sec this turn | 300 sec total\n|\n|t:|1783560139\n|move|p1a: Gardevoir|Moonblast|p2a: Espathra\n|-damage|p2a: Espathra|140/283\n|move|p2a: Espathra|Stored Power|p1a: Gardevoir\n|-resisted|p1a: Gardevoir\n|-damage|p1a: Gardevoir|23/100\n|\n|-heal|p2a: Espathra|157/283|[from] item: Leftovers\n|-ability|p1a: Gardevoir|Speed Boost|boost\n|-boost|p1a: Gardevoir|spe|1\n|upkeep\n|turn|19\n|inactive|Time left: 300 sec this turn | 300 sec total\n|\n|t:|1783560141\n|move|p1a: Gardevoir|Moonblast|p2a: Espathra\n|-damage|p2a: Espathra|93/283\n|move|p2a: Espathra|Roost|p2a: Espathra\n|-heal|p2a: Espathra|235/283\n|-singleturn|p2a: Espathra|move: Roost\n|\n|-heal|p2a: Espathra|252/283|[from] item: Leftovers\n|upkeep\n|turn|20\n|inactive|Time left: 300 sec this turn | 300 sec total\n|\n|t:|1783560142\n|move|p1a: Gardevoir|Moonblast|p2a: Espathra\n|-damage|p2a: Espathra|186/283\n|move|p2a: Espathra|Stored Power|p1a: Gardevoir\n|-resisted|p1a: Gardevoir\n|-damage|p1a: Gardevoir|0 fnt\n|faint|p1a: Gardevoir\n|\n|-heal|p2a: Espathra|203/283|[from] item: Leftovers\n|upkeep\n|\n|t:|1783560143\n|switch|p1a: Ho-Oh|Ho-Oh, L71|43/100\n|turn|21\n|inactive|Time left: 300 sec this turn | 300 sec total\n|\n|t:|1783560144\n|switch|p1a: Stonjourner|Stonjourner, L91, F|16/100\n|move|p2a: Espathra|Stored Power|p1a: Stonjourner\n|-damage|p1a: Stonjourner|0 fnt\n|faint|p1a: Stonjourner\n|\n|-heal|p2a: Espathra|220/283|[from] item: Leftovers\n|upkeep\n|\n|t:|1783560145\n|switch|p1a: Hydrapple|Hydrapple, L83, F|100/100\n|turn|22\n|inactive|Time left: 300 sec this turn | 300 sec total\n|\n|t:|1783560146\n|-terastallize|p1a: Hydrapple|Steel\n|move|p2a: Espathra|Stored Power|p1a: Hydrapple\n|-resisted|p1a: Hydrapple\n|-damage|p1a: Hydrapple|47/100\n|move|p1a: Hydrapple|Leaf Storm|p2a: Espathra\n|-damage|p2a: Espathra|82/283\n|-unboost|p1a: Hydrapple|spa|2\n|\n|-heal|p2a: Espathra|99/283|[from] item: Leftovers\n|upkeep\n|turn|23\n|inactive|Time left: 300 sec this turn | 300 sec total\n|\n|t:|1783560147\n|switch|p1a: Ho-Oh|Ho-Oh, L71|77/100\n|move|p2a: Espathra|Stored Power|p1a: Ho-Oh\n|-damage|p1a: Ho-Oh|0 fnt\n|faint|p1a: Ho-Oh\n|\n|-heal|p2a: Espathra|116/283|[from] item: Leftovers\n|upkeep\n|\n|t:|1783560147\n|switch|p1a: Hydrapple|Hydrapple, L83, F, tera:Steel|80/100\n|turn|24\n|inactive|Time left: 300 sec this turn | 300 sec total\n|\n|t:|1783560148\n|-terastallize|p2a: Espathra|Fairy\n|move|p2a: Espathra|Calm Mind|p2a: Espathra\n|-boost|p2a: Espathra|spa|1\n|-boost|p2a: Espathra|spd|1\n|move|p1a: Hydrapple|Leaf Storm|p2a: Espathra\n|-damage|p2a: Espathra|0 fnt\n|-unboost|p1a: Hydrapple|spa|2\n|faint|p2a: Espathra\n|\n|upkeep\n|inactive|Time left: 300 sec this turn | 300 sec total | 5 sec grace\n|\n|t:|1783560149\n|switch|p2a: Kyurem|Kyurem-Black, L71|295/295\n|-ability|p2a: Kyurem|Teravolt\n|turn|25\n|inactive|Time left: 300 sec this turn | 300 sec total\n|\n|t:|1783560150\n|switch|p1a: Breloom|Breloom, L83, F|100/100\n|move|p2a: Kyurem|Dragon Dance|p2a: Kyurem\n|-boost|p2a: Kyurem|atk|1\n|-boost|p2a: Kyurem|spe|1\n|\n|upkeep\n|turn|26\n|inactive|Time left: 300 sec this turn | 300 sec total\n|\n|t:|1783560151\n|switch|p1a: Hydrapple|Hydrapple, L83, F, tera:Steel|100/100\n|move|p2a: Kyurem|Icicle Spear|p1a: Hydrapple\n|-resisted|p1a: Hydrapple\n|-damage|p1a: Hydrapple|94/100\n|-resisted|p1a: Hydrapple\n|-damage|p1a: Hydrapple|88/100\n|-resisted|p1a: Hydrapple\n|-damage|p1a: Hydrapple|82/100\n|-resisted|p1a: Hydrapple\n|-damage|p1a: Hydrapple|76/100\n|-resisted|p1a: Hydrapple\n|-damage|p1a: Hydrapple|70/100\n|-hitcount|p1a: Hydrapple|5\n|\n|upkeep\n|turn|27\n|inactive|Time left: 300 sec this turn | 300 sec total\n|\n|t:|1783560152\n|move|p2a: Kyurem|Icicle Spear|p1a: Hydrapple\n|-resisted|p1a: Hydrapple\n|-damage|p1a: Hydrapple|63/100\n|-resisted|p1a: Hydrapple\n|-damage|p1a: Hydrapple|57/100\n|-resisted|p1a: Hydrapple\n|-damage|p1a: Hydrapple|50/100\n|-resisted|p1a: Hydrapple\n|-damage|p1a: Hydrapple|44/100\n|-resisted|p1a: Hydrapple\n|-damage|p1a: Hydrapple|37/100\n|-hitcount|p1a: Hydrapple|5\n|move|p1a: Hydrapple|Fickle Beam|p2a: Kyurem|[anim] Fickle Beam All Out\n|-activate|p1a: Hydrapple|move: Fickle Beam\n|-supereffective|p2a: Kyurem\n|-crit|p2a: Kyurem\n|-damage|p2a: Kyurem|0 fnt\n|faint|p2a: Kyurem\n|\n|upkeep\n|inactive|Time left: 300 sec this turn | 300 sec total | 5 sec grace\n|\n|t:|1783560153\n|switch|p2a: Maushold|Maushold, L76|238/238\n|turn|28\n|inactive|Time left: 300 sec this turn | 300 sec total\n|\n|t:|1783560154\n|switch|p1a: Breloom|Breloom, L83, F|100/100\n|move|p2a: Maushold|Tidy Up|p2a: Maushold\n|-boost|p2a: Maushold|atk|1\n|-boost|p2a: Maushold|spe|1\n|\n|upkeep\n|turn|29\n|inactive|Time left: 300 sec this turn | 300 sec total\n|\n|t:|1783560155\n|move|p1a: Breloom|Mach Punch|p2a: Maushold\n|-supereffective|p2a: Maushold\n|-damage|p2a: Maushold|0 fnt\n|faint|p2a: Maushold\n|-damage|p1a: Breloom|91/100|[from] item: Life Orb\n|\n|win|p0x17410919", "uploadtime": 1783560155, "views": 0, "rating": 0, "private": 0, "password": null, "_winner": "p0x17410919", "_our_name": "p0y174148d9"}