{"id": "battle-gen9randombattle-1057", "formatid": "gen9randombattle", "format": "[Gen 9] Random Battle", "players": ["p0x1057a365", "p0y1057fdd4"], "log": "|init|battle\n|title|p0x1057a365 vs. p0y1057fdd4\n|j|\u2606p0x1057a365\n|j|\u2606p0y1057fdd4\n|t:|1783551423\n|gametype|singles\n|player|p1|p0x1057a365|169|\n|player|p2|p0y1057fdd4|170|\n|gen|9\n|tier|[Gen 9] Random Battle\n|rule|Species Clause: Limit one of each Pok\u00e9mon\n|rule|HP Percentage Mod: HP is shown in percentages\n|rule|Sleep Clause Mod: Limit one foe put to sleep\n|rule|Illusion Level Mod: Illusion disguises the Pok\u00e9mon's true level\n|\n|t:|1783551423\n|teamsize|p1|6\n|teamsize|p2|6\n|start\n|switch|p1a: Regieleki|Regieleki, L79|100/100\n|switch|p2a: Serperior|Serperior, L79, F|248/248\n|turn|1\n|inactive|Battle timer is ON: inactive players will automatically lose when time's up. (requested by p0x1057a365)\n|inactive|Time left: 300 sec this turn | 300 sec total | 60 sec grace\n|inactive|p0y1057fdd4 also wants the timer to be on.\n|\n|t:|1783551425\n|move|p1a: Regieleki|Thunderbolt|p2a: Serperior\n|-resisted|p2a: Serperior\n|-damage|p2a: Serperior|177/248\n|-status|p2a: Serperior|par\n|move|p2a: Serperior|Leaf Storm|p1a: Regieleki|[miss]\n|-miss|p2a: Serperior|p1a: Regieleki\n|\n|-heal|p2a: Serperior|192/248 par|[from] item: Leftovers\n|upkeep\n|turn|2\n|inactive|Time left: 300 sec this turn | 300 sec total\n|\n|t:|1783551426\n|switch|p1a: Abomasnow|Abomasnow, L84, M|100/100\n|-weather|Snowscape|[from] ability: Snow Warning|[of] p1a: Abomasnow\n|move|p2a: Serperior|Leaf Storm|p1a: Abomasnow\n|-resisted|p1a: Abomasnow\n|-damage|p1a: Abomasnow|81/100\n|-boost|p2a: Serperior|spa|2\n|\n|-weather|Snowscape|[upkeep]\n|-heal|p2a: Serperior|207/248 par|[from] item: Leftovers\n|upkeep\n|turn|3\n|inactive|Time left: 300 sec this turn | 300 sec total\n|\n|t:|1783551427\n|move|p1a: Abomasnow|Aurora Veil|p1a: Abomasnow\n|-sidestart|p1: p0x1057a365|move: Aurora Veil\n|move|p2a: Serperior|Leaf Storm|p1a: Abomasnow|[miss]\n|-miss|p2a: Serperior|p1a: Abomasnow\n|\n|-weather|Snowscape|[upkeep]\n|-heal|p2a: Serperior|222/248 par|[from] item: Leftovers\n|upkeep\n|turn|4\n|inactive|Time left: 300 sec this turn | 300 sec total\n|\n|t:|1783551428\n|move|p1a: Abomasnow|Blizzard|p2a: Serperior\n|-supereffective|p2a: Serperior\n|-damage|p2a: Serperior|0 fnt\n|faint|p2a: Serperior\n|\n|-weather|Snowscape|[upkeep]\n|upkeep\n|inactive|Time left: 300 sec this turn | 300 sec total | 5 sec grace\n|\n|t:|1783551429\n|switch|p2a: Drednaw|Drednaw, L81, F|278/278\n|turn|5\n|inactive|Time left: 300 sec this turn | 300 sec total\n|\n|t:|1783551431\n|move|p2a: Drednaw|Shell Smash|p2a: Drednaw\n|-unboost|p2a: Drednaw|def|1\n|-unboost|p2a: Drednaw|spd|1\n|-boost|p2a: Drednaw|atk|2\n|-boost|p2a: Drednaw|spa|2\n|-boost|p2a: Drednaw|spe|2\n|-enditem|p2a: Drednaw|White Herb\n|-clearnegativeboost|p2a: Drednaw|[silent]\n|move|p1a: Abomasnow|Blizzard|p2a: Drednaw\n|-resisted|p2a: Drednaw\n|-damage|p2a: Drednaw|205/278\n|\n|-weather|Snowscape|[upkeep]\n|upkeep\n|turn|6\n|inactive|Time left: 300 sec this turn | 300 sec total\n|\n|t:|1783551432\n|-terastallize|p2a: Drednaw|Dark\n|move|p2a: Drednaw|Crunch|p1a: Abomasnow\n|-damage|p1a: Abomasnow|49/100\n|move|p1a: Abomasnow|Earthquake|p2a: Drednaw\n|-damage|p2a: Drednaw|140/278\n|\n|-weather|none\n|upkeep\n|turn|7\n|inactive|Time left: 300 sec this turn | 300 sec total\n|\n|t:|1783551433\n|move|p2a: Drednaw|Crunch|p1a: Abomasnow\n|-damage|p1a: Abomasnow|0 fnt\n|faint|p1a: Abomasnow\n|\n|upkeep\n|\n|t:|1783551434\n|switch|p1a: Regieleki|Regieleki, L79|100/100\n|turn|8\n|inactive|Time left: 300 sec this turn | 300 sec total\n|\n|t:|1783551435\n|switch|p2a: Sylveon|Sylveon, L85, F|300/300\n|move|p1a: Regieleki|Thunderbolt|p2a: Sylveon\n|-damage|p2a: Sylveon|209/300\n|\n|-heal|p2a: Sylveon|227/300|[from] item: Leftovers\n|upkeep\n|turn|9\n|inactive|Time left: 300 sec this turn | 300 sec total\n|\n|t:|1783551436\n|move|p1a: Regieleki|Thunderbolt|p2a: Sylveon\n|-damage|p2a: Sylveon|128/300\n|move|p2a: Sylveon|Calm Mind|p2a: Sylveon\n|-boost|p2a: Sylveon|spa|1\n|-boost|p2a: Sylveon|spd|1\n|\n|-heal|p2a: Sylveon|146/300|[from] item: Leftovers\n|upkeep\n|turn|10\n|inactive|Time left: 300 sec this turn | 300 sec total\n|\n|t:|1783551437\n|move|p1a: Regieleki|Volt Switch|p2a: Sylveon\n|-damage|p2a: Sylveon|97/300\n|\n|t:|1783551438\n|switch|p1a: Froslass|Froslass, L87, F|100/100|[from] Volt Switch\n|move|p2a: Sylveon|Hyper Voice|p1a: Froslass\n|-damage|p1a: Froslass|59/100\n|\n|-heal|p2a: Sylveon|115/300|[from] item: Leftovers\n|-sideend|p1: p0x1057a365|move: Aurora Veil\n|upkeep\n|turn|11\n|inactive|Time left: 300 sec this turn | 300 sec total\n|\n|t:|1783551439\n|move|p2a: Sylveon|Protect|p2a: Sylveon\n|-singleturn|p2a: Sylveon|Protect\n|move|p1a: Froslass|Triple Axel|p2a: Sylveon\n|-activate|p2a: Sylveon|move: Protect\n|\n|-heal|p2a: Sylveon|133/300|[from] item: Leftovers\n|upkeep\n|turn|12\n|inactive|Time left: 300 sec this turn | 300 sec total\n|\n|t:|1783551440\n|move|p1a: Froslass|Triple Axel|p2a: Sylveon\n|-damage|p2a: Sylveon|109/300\n|-damage|p2a: Sylveon|64/300\n|-damage|p2a: Sylveon|0 fnt\n|faint|p2a: Sylveon\n|-hitcount|p2: Sylveon|3\n|\n|upkeep\n|inactive|Time left: 300 sec this turn | 300 sec total | 5 sec grace\n|\n|t:|1783551442\n|switch|p2a: Drednaw|Drednaw, L81, F, tera:Dark|140/278\n|turn|13\n|inactive|Time left: 300 sec this turn | 300 sec total\n|\n|t:|1783551443\n|move|p1a: Froslass|Will-O-Wisp|p2a: Drednaw\n|-status|p2a: Drednaw|brn\n|move|p2a: Drednaw|Shell Smash|p2a: Drednaw\n|-unboost|p2a: Drednaw|def|1\n|-unboost|p2a: Drednaw|spd|1\n|-boost|p2a: Drednaw|atk|2\n|-boost|p2a: Drednaw|spa|2\n|-boost|p2a: Drednaw|spe|2\n|\n|-damage|p2a: Drednaw|123/278 brn|[from] brn\n|upkeep\n|turn|14\n|inactive|Time left: 300 sec this turn | 300 sec total\n|\n|t:|1783551444\n|switch|p1a: Toxapex|Toxapex, L82, M|100/100\n|move|p2a: Drednaw|Crunch|p1a: Toxapex\n|-damage|p1a: Toxapex|57/100\n|\n|-heal|p1a: Toxapex|63/100|[from] item: Leftovers\n|-damage|p2a: Drednaw|106/278 brn|[from] brn\n|upkeep\n|turn|15\n|inactive|Time left: 300 sec this turn | 300 sec total\n|\n|t:|1783551445\n|move|p2a: Drednaw|Crunch|p1a: Toxapex\n|-damage|p1a: Toxapex|24/100\n|-unboost|p1a: Toxapex|def|1\n|move|p1a: Toxapex|Liquidation|p2a: Drednaw\n|-damage|p2a: Drednaw|12/278 brn\n|\n|-heal|p1a: Toxapex|30/100|[from] item: Leftovers\n|-damage|p2a: Drednaw|0 fnt|[from] brn\n|faint|p2a: Drednaw\n|upkeep\n|inactive|Time left: 300 sec this turn | 300 sec total | 5 sec grace\n|\n|t:|1783551446\n|switch|p2a: Zacian|Zacian, L69|241/241\n|-ability|p2a: Zacian|Intrepid Sword|boost\n|-boost|p2a: Zacian|atk|1\n|turn|16\n|inactive|Time left: 300 sec this turn | 300 sec total\n|\n|t:|1783551447\n|switch|p1a: Wyrdeer|Wyrdeer, L87, M|100/100\n|-ability|p1a: Wyrdeer|Intimidate|boost\n|-unboost|p2a: Zacian|atk|1\n|move|p2a: Zacian|Play Rough|p1a: Wyrdeer\n|-damage|p1a: Wyrdeer|68/100\n|-unboost|p1a: Wyrdeer|atk|1\n|-damage|p2a: Zacian|217/241|[from] item: Life Orb\n|\n|-heal|p1a: Wyrdeer|74/100|[from] item: Leftovers\n|upkeep\n|turn|17\n|inactive|Time left: 300 sec this turn | 300 sec total\n|\n|t:|1783551448\n|switch|p1a: Toxapex|Toxapex, L82, M|63/100\n|move|p2a: Zacian|Swords Dance|p2a: Zacian\n|-boost|p2a: Zacian|atk|2\n|\n|-heal|p1a: Toxapex|69/100|[from] item: Leftovers\n|upkeep\n|turn|18\n|inactive|Time left: 300 sec this turn | 300 sec total\n|\n|t:|1783551449\n|switch|p1a: Wyrdeer|Wyrdeer, L87, M|74/100\n|-ability|p1a: Wyrdeer|Intimidate|boost\n|-unboost|p2a: Zacian|atk|1\n|move|p2a: Zacian|Wild Charge|p1a: Wyrdeer\n|-damage|p1a: Wyrdeer|38/100\n|-damage|p2a: Zacian|188/241|[from] Recoil\n|-damage|p2a: Zacian|164/241|[from] item: Life Orb\n|\n|-heal|p1a: Wyrdeer|44/100|[from] item: Leftovers\n|upkeep\n|turn|19\n|inactive|Time left: 300 sec this turn | 300 sec total\n|\n|t:|1783551450\n|switch|p1a: Toxapex|Toxapex, L82, M|100/100\n|move|p2a: Zacian|Play Rough|p1a: Toxapex\n|-resisted|p1a: Toxapex\n|-damage|p1a: Toxapex|78/100\n|-damage|p2a: Zacian|140/241|[from] item: Life Orb\n|\n|-heal|p1a: Toxapex|84/100|[from] item: Leftovers\n|upkeep\n|turn|20\n|inactive|Time left: 300 sec this turn | 300 sec total\n|\n|t:|1783551451\n|move|p2a: Zacian|Swords Dance|p2a: Zacian\n|-boost|p2a: Zacian|atk|2\n|move|p1a: Toxapex|Toxic|p2a: Zacian\n|-status|p2a: Zacian|tox\n|\n|-heal|p1a: Toxapex|90/100|[from] item: Leftovers\n|-damage|p2a: Zacian|125/241 tox|[from] psn\n|upkeep\n|turn|21\n|inactive|Time left: 300 sec this turn | 300 sec total\n|\n|t:|1783551452\n|switch|p1a: Wyrdeer|Wyrdeer, L87, M|44/100\n|-ability|p1a: Wyrdeer|Intimidate|boost\n|-unboost|p2a: Zacian|atk|1\n|move|p2a: Zacian|Wild Charge|p1a: Wyrdeer\n|-damage|p1a: Wyrdeer|0 fnt\n|faint|p1a: Wyrdeer\n|-damage|p2a: Zacian|90/241 tox|[from] Recoil\n|-damage|p2a: Zacian|66/241 tox|[from] item: Life Orb\n|\n|-damage|p2a: Zacian|36/241 tox|[from] psn\n|upkeep\n|\n|t:|1783551452\n|switch|p1a: Regieleki|Regieleki, L79|100/100\n|turn|22\n|inactive|Time left: 300 sec this turn | 300 sec total\n|\n|t:|1783551453\n|move|p1a: Regieleki|Volt Switch|p2a: Zacian\n|-damage|p2a: Zacian|0 fnt\n|faint|p2a: Zacian\n|\n|t:|1783551454\n|switch|p1a: Jolteon|Jolteon, L84, F|100/100|[from] Volt Switch\n|\n|upkeep\n|inactive|Time left: 300 sec this turn | 300 sec total | 10 sec grace\n|\n|t:|1783551455\n|switch|p2a: Smeargle|Smeargle, L95, F|258/258\n|turn|23\n|inactive|Time left: 300 sec this turn | 300 sec total\n|\n|t:|1783551456\n|move|p1a: Jolteon|Thunderbolt|p2a: Smeargle\n|-damage|p2a: Smeargle|58/258\n|-damage|p1a: Jolteon|91/100|[from] item: Life Orb\n|move|p2a: Smeargle|Shell Smash|p2a: Smeargle\n|-unboost|p2a: Smeargle|def|1\n|-unboost|p2a: Smeargle|spd|1\n|-boost|p2a: Smeargle|atk|2\n|-boost|p2a: Smeargle|spa|2\n|-boost|p2a: Smeargle|spe|2\n|\n|upkeep\n|turn|24\n|inactive|Time left: 300 sec this turn | 300 sec total\n|\n|t:|1783551457\n|switch|p1a: Froslass|Froslass, L87, F|59/100\n|move|p2a: Smeargle|Population Bomb|p1a: Froslass\n|-immune|p1a: Froslass\n|\n|upkeep\n|turn|25\n|inactive|Time left: 300 sec this turn | 300 sec total\n|\n|t:|1783551458\n|switch|p1a: Toxapex|Toxapex, L82, M|100/100\n|move|p2a: Smeargle|Power Trip|p1a: Toxapex\n|-damage|p1a: Toxapex|71/100\n|\n|-heal|p1a: Toxapex|77/100|[from] item: Leftovers\n|upkeep\n|turn|26\n|inactive|Time left: 300 sec this turn | 300 sec total\n|\n|t:|1783551458\n|-terastallize|p1a: Toxapex|Steel\n|move|p2a: Smeargle|Population Bomb|p1a: Toxapex\n|-resisted|p1a: Toxapex\n|-damage|p1a: Toxapex|73/100\n|-resisted|p1a: Toxapex\n|-damage|p1a: Toxapex|68/100\n|-resisted|p1a: Toxapex\n|-damage|p1a: Toxapex|63/100\n|-resisted|p1a: Toxapex\n|-damage|p1a: Toxapex|58/100\n|-resisted|p1a: Toxapex\n|-damage|p1a: Toxapex|53/100\n|-resisted|p1a: Toxapex\n|-damage|p1a: Toxapex|48/100\n|-resisted|p1a: Toxapex\n|-damage|p1a: Toxapex|43/100\n|-resisted|p1a: Toxapex\n|-damage|p1a: Toxapex|39/100\n|-resisted|p1a: Toxapex\n|-damage|p1a: Toxapex|34/100\n|-resisted|p1a: Toxapex\n|-damage|p1a: Toxapex|29/100\n|-hitcount|p1a: Toxapex|10\n|move|p1a: Toxapex|Liquidation|p2a: Smeargle\n|-damage|p2a: Smeargle|0 fnt\n|faint|p2a: Smeargle\n|\n|-heal|p1a: Toxapex|35/100|[from] item: Leftovers\n|upkeep\n|inactive|Time left: 300 sec this turn | 300 sec total | 5 sec grace\n|\n|t:|1783551459\n|switch|p2a: Scyther|Scyther, L82, M|249/249\n|turn|27\n|inactive|Time left: 300 sec this turn | 300 sec total\n|\n|t:|1783551460\n|switch|p1a: Regieleki|Regieleki, L79|100/100\n|move|p2a: Scyther|Dual Wingbeat|p1a: Regieleki\n|-resisted|p1a: Regieleki\n|-damage|p1a: Regieleki|81/100\n|-resisted|p1a: Regieleki\n|-damage|p1a: Regieleki|61/100\n|-hitcount|p1a: Regieleki|2\n|\n|upkeep\n|turn|28\n|inactive|Time left: 300 sec this turn | 300 sec total\n|\n|t:|1783551461\n|move|p1a: Regieleki|Thunderbolt|p2a: Scyther\n|-supereffective|p2a: Scyther\n|-damage|p2a: Scyther|0 fnt\n|faint|p2a: Scyther\n|\n|win|p0x1057a365", "uploadtime": 1783551461, "views": 0, "rating": 0, "private": 0, "password": null, "_winner": "p0x1057a365", "_our_name": "p0y1057fdd4"}