{"id": "battle-gen9randombattle-463", "formatid": "gen9randombattle", "format": "[Gen 9] Random Battle", "players": ["p0x46379a3", "p0y463c75d"], "log": "|init|battle\n|title|p0x46379a3 vs. p0y463c75d\n|j|\u2606p0x46379a3\n|j|\u2606p0y463c75d\n|t:|1783544426\n|gametype|singles\n|player|p1|p0x46379a3|266|\n|player|p2|p0y463c75d|265|\n|gen|9\n|tier|[Gen 9] Random Battle\n|rule|Species Clause: Limit one of each Pok\u00e9mon\n|rule|HP Percentage Mod: HP is shown in percentages\n|rule|Sleep Clause Mod: Limit one foe put to sleep\n|rule|Illusion Level Mod: Illusion disguises the Pok\u00e9mon's true level\n|\n|t:|1783544426\n|teamsize|p1|6\n|teamsize|p2|6\n|start\n|switch|p1a: Reuniclus|Reuniclus, L88, F|100/100\n|switch|p2a: Kyogre|Kyogre, L71|259/259\n|-weather|RainDance|[from] ability: Drizzle|[of] p2a: Kyogre\n|turn|1\n|inactive|Battle timer is ON: inactive players will automatically lose when time's up. (requested by p0x46379a3)\n|inactive|Time left: 300 sec this turn | 300 sec total | 60 sec grace\n|inactive|p0y463c75d also wants the timer to be on.\n|\n|t:|1783544427\n|move|p2a: Kyogre|Origin Pulse|p1a: Reuniclus\n|-damage|p1a: Reuniclus|52/100\n|move|p1a: Reuniclus|Psyshock|p2a: Kyogre\n|-damage|p2a: Kyogre|95/259\n|\n|-weather|RainDance|[upkeep]\n|-heal|p2a: Kyogre|111/259|[from] item: Leftovers\n|upkeep\n|turn|2\n|inactive|Time left: 300 sec this turn | 300 sec total\n|\n|t:|1783544428\n|move|p2a: Kyogre|Origin Pulse|p1a: Reuniclus\n|-damage|p1a: Reuniclus|0 fnt\n|faint|p1a: Reuniclus\n|\n|-weather|RainDance|[upkeep]\n|-heal|p2a: Kyogre|127/259|[from] item: Leftovers\n|upkeep\n|\n|t:|1783544429\n|switch|p1a: Quaquaval|Quaquaval, L79, M|100/100\n|turn|3\n|inactive|Time left: 300 sec this turn | 300 sec total\n|\n|t:|1783544430\n|move|p1a: Quaquaval|Close Combat|p2a: Kyogre\n|-damage|p2a: Kyogre|0 fnt\n|-unboost|p1a: Quaquaval|def|1\n|-unboost|p1a: Quaquaval|spd|1\n|faint|p2a: Kyogre\n|-ability|p1a: Quaquaval|Moxie|boost\n|-boost|p1a: Quaquaval|atk|1\n|-damage|p1a: Quaquaval|91/100|[from] item: Life Orb\n|\n|-weather|RainDance|[upkeep]\n|upkeep\n|inactive|Time left: 300 sec this turn | 300 sec total | 5 sec grace\n|\n|t:|1783544431\n|switch|p2a: Bombirdier|Bombirdier, L85, M|258/258\n|turn|4\n|inactive|Time left: 300 sec this turn | 300 sec total\n|\n|t:|1783544433\n|switch|p1a: Registeel|Registeel, L81|100/100\n|move|p2a: Bombirdier|Brave Bird|p1a: Registeel\n|-resisted|p1a: Registeel\n|-damage|p1a: Registeel|83/100\n|-damage|p2a: Bombirdier|243/258|[from] Recoil\n|\n|-weather|RainDance|[upkeep]\n|upkeep\n|turn|5\n|inactive|Time left: 300 sec this turn | 300 sec total\n|\n|t:|1783544434\n|move|p2a: Bombirdier|Stealth Rock|p1a: Registeel\n|-sidestart|p1: p0x46379a3|move: Stealth Rock\n|move|p1a: Registeel|Iron Defense|p1a: Registeel\n|-boost|p1a: Registeel|def|2\n|\n|-weather|none\n|upkeep\n|turn|6\n|inactive|Time left: 300 sec this turn | 300 sec total\n|\n|t:|1783544435\n|switch|p2a: Banette|Banette, L93, M|270/270\n|move|p1a: Registeel|Body Press|p2a: Banette\n|-immune|p2a: Banette\n|\n|upkeep\n|turn|7\n|inactive|Time left: 300 sec this turn | 300 sec total\n|\n|t:|1783544436\n|move|p2a: Banette|Swords Dance|p2a: Banette\n|-boost|p2a: Banette|atk|2\n|move|p1a: Registeel|Iron Head|p2a: Banette\n|-damage|p2a: Banette|192/270\n|\n|upkeep\n|turn|8\n|inactive|Time left: 300 sec this turn | 300 sec total\n|\n|t:|1783544437\n|move|p2a: Banette|Poltergeist|p1a: Registeel\n|-activate|p1a: Registeel|move: Poltergeist|Chesto Berry\n|-damage|p1a: Registeel|24/100\n|-damage|p2a: Banette|165/270|[from] item: Life Orb\n|move|p1a: Registeel|Rest|p1a: Registeel\n|-status|p1a: Registeel|slp|[from] move: Rest\n|-heal|p1a: Registeel|100/100 slp|[silent]\n|-enditem|p1a: Registeel|Chesto Berry|[eat]\n|-curestatus|p1a: Registeel|slp|[msg]\n|\n|upkeep\n|turn|9\n|inactive|Time left: 300 sec this turn | 300 sec total\n|\n|t:|1783544438\n|move|p2a: Banette|Swords Dance|p2a: Banette\n|-boost|p2a: Banette|atk|2\n|move|p1a: Registeel|Iron Head|p2a: Banette\n|-damage|p2a: Banette|92/270\n|\n|upkeep\n|turn|10\n|inactive|Time left: 300 sec this turn | 300 sec total\n|\n|t:|1783544440\n|move|p2a: Banette|Poltergeist||[still]\n|-fail|p2a: Banette\n|move|p1a: Registeel|Iron Head|p2a: Banette\n|-damage|p2a: Banette|23/270\n|\n|upkeep\n|turn|11\n|inactive|Time left: 300 sec this turn | 300 sec total\n|\n|t:|1783544441\n|switch|p2a: Appletun|Appletun, L92, F|352/352\n|move|p1a: Registeel|Iron Head|p2a: Appletun\n|-damage|p2a: Appletun|289/352\n|\n|-heal|p2a: Appletun|311/352|[from] item: Leftovers\n|upkeep\n|turn|12\n|inactive|Time left: 300 sec this turn | 300 sec total\n|\n|t:|1783544441\n|move|p1a: Registeel|Body Press|p2a: Appletun\n|-damage|p2a: Appletun|165/352\n|move|p2a: Appletun|Leech Seed|p1a: Registeel\n|-start|p1a: Registeel|move: Leech Seed\n|\n|-heal|p2a: Appletun|187/352|[from] item: Leftovers\n|-damage|p1a: Registeel|88/100|[from] Leech Seed|[of] p2a: Appletun\n|-heal|p2a: Appletun|219/352|[silent]\n|upkeep\n|turn|13\n|inactive|Time left: 300 sec this turn | 300 sec total\n|\n|t:|1783544442\n|move|p1a: Registeel|Body Press|p2a: Appletun\n|-crit|p2a: Appletun\n|-damage|p2a: Appletun|8/352\n|move|p2a: Appletun|Recover|p2a: Appletun\n|-heal|p2a: Appletun|184/352\n|\n|-heal|p2a: Appletun|206/352|[from] item: Leftovers\n|-damage|p1a: Registeel|76/100|[from] Leech Seed|[of] p2a: Appletun\n|-heal|p2a: Appletun|238/352|[silent]\n|upkeep\n|turn|14\n|inactive|Time left: 300 sec this turn | 300 sec total\n|\n|t:|1783544443\n|move|p1a: Registeel|Body Press|p2a: Appletun\n|-damage|p2a: Appletun|102/352\n|move|p2a: Appletun|Recover|p2a: Appletun\n|-heal|p2a: Appletun|278/352\n|\n|-heal|p2a: Appletun|300/352|[from] item: Leftovers\n|-damage|p1a: Registeel|64/100|[from] Leech Seed|[of] p2a: Appletun\n|-heal|p2a: Appletun|332/352|[silent]\n|upkeep\n|turn|15\n|inactive|Time left: 300 sec this turn | 300 sec total\n|\n|t:|1783544444\n|move|p1a: Registeel|Body Press|p2a: Appletun\n|-damage|p2a: Appletun|173/352\n|move|p2a: Appletun|Dragon Pulse|p1a: Registeel\n|-resisted|p1a: Registeel\n|-damage|p1a: Registeel|50/100\n|\n|-heal|p2a: Appletun|195/352|[from] item: Leftovers\n|-damage|p1a: Registeel|38/100|[from] Leech Seed|[of] p2a: Appletun\n|-heal|p2a: Appletun|227/352|[silent]\n|upkeep\n|turn|16\n|inactive|Time left: 300 sec this turn | 300 sec total\n|\n|t:|1783544445\n|move|p1a: Registeel|Body Press|p2a: Appletun\n|-damage|p2a: Appletun|84/352\n|move|p2a: Appletun|Recover|p2a: Appletun\n|-heal|p2a: Appletun|260/352\n|\n|-heal|p2a: Appletun|282/352|[from] item: Leftovers\n|-damage|p1a: Registeel|26/100|[from] Leech Seed|[of] p2a: Appletun\n|-heal|p2a: Appletun|314/352|[silent]\n|upkeep\n|turn|17\n|inactive|Time left: 300 sec this turn | 300 sec total\n|\n|t:|1783544446\n|move|p1a: Registeel|Rest|p1a: Registeel\n|-status|p1a: Registeel|slp|[from] move: Rest\n|-heal|p1a: Registeel|100/100 slp|[silent]\n|move|p2a: Appletun|Dragon Pulse|p1a: Registeel\n|-resisted|p1a: Registeel\n|-damage|p1a: Registeel|86/100 slp\n|\n|-heal|p2a: Appletun|336/352|[from] item: Leftovers\n|-damage|p1a: Registeel|74/100 slp|[from] Leech Seed|[of] p2a: Appletun\n|-heal|p2a: Appletun|352/352|[silent]\n|upkeep\n|turn|18\n|inactive|Time left: 300 sec this turn | 300 sec total\n|\n|t:|1783544447\n|switch|p1a: Victreebel|Victreebel, L90, M|100/100\n|-damage|p1a: Victreebel|88/100|[from] Stealth Rock\n|move|p2a: Appletun|Apple Acid|p1a: Victreebel\n|-resisted|p1a: Victreebel\n|-damage|p1a: Victreebel|78/100\n|-unboost|p1a: Victreebel|spd|1\n|\n|upkeep\n|turn|19\n|inactive|Time left: 300 sec this turn | 300 sec total\n|\n|t:|1783544448\n|move|p1a: Victreebel|Sludge Wave|p2a: Appletun\n|-supereffective|p2a: Appletun\n|-damage|p2a: Appletun|56/352\n|-damage|p1a: Victreebel|68/100|[from] item: Life Orb\n|move|p2a: Appletun|Dragon Pulse|p1a: Victreebel\n|-damage|p1a: Victreebel|6/100\n|\n|-heal|p2a: Appletun|78/352|[from] item: Leftovers\n|upkeep\n|turn|20\n|inactive|Time left: 300 sec this turn | 300 sec total\n|\n|t:|1783544449\n|move|p1a: Victreebel|Knock Off|p2a: Appletun\n|-damage|p2a: Appletun|0 fnt\n|-enditem|p2a: Appletun|Leftovers|[from] move: Knock Off|[of] p1a: Victreebel\n|faint|p2a: Appletun\n|-damage|p1a: Victreebel|0 fnt|[from] item: Life Orb\n|faint|p1a: Victreebel\n|\n|upkeep\n|inactive|Time left: 300 sec this turn | 300 sec total | 5 sec grace\n|\n|t:|1783544450\n|switch|p1a: Iron Treads|Iron Treads, L77|100/100\n|switch|p2a: Malamar|Malamar, L82, F|275/275\n|-damage|p1a: Iron Treads|97/100|[from] Stealth Rock\n|turn|21\n|inactive|Time left: 300 sec this turn | 300 sec total\n|\n|t:|1783544451\n|move|p1a: Iron Treads|Iron Head|p2a: Malamar\n|-damage|p2a: Malamar|191/275\n|move|p2a: Malamar|Superpower|p1a: Iron Treads\n|-supereffective|p1a: Iron Treads\n|-damage|p1a: Iron Treads|48/100\n|-boost|p2a: Malamar|atk|1\n|-boost|p2a: Malamar|def|1\n|\n|-heal|p1a: Iron Treads|54/100|[from] item: Leftovers\n|-heal|p2a: Malamar|208/275|[from] item: Leftovers\n|upkeep\n|turn|22\n|inactive|Time left: 300 sec this turn | 300 sec total\n|\n|t:|1783544452\n|move|p1a: Iron Treads|Iron Head|p2a: Malamar\n|-damage|p2a: Malamar|150/275\n|move|p2a: Malamar|Superpower|p1a: Iron Treads\n|-supereffective|p1a: Iron Treads\n|-damage|p1a: Iron Treads|0 fnt\n|-boost|p2a: Malamar|atk|1\n|-boost|p2a: Malamar|def|1\n|faint|p1a: Iron Treads\n|-end|p1a: Iron Treads|Quark Drive|[silent]\n|\n|-heal|p2a: Malamar|167/275|[from] item: Leftovers\n|upkeep\n|\n|t:|1783544453\n|switch|p1a: Scovillain|Scovillain, L91, F|100/100\n|turn|23\n|inactive|Time left: 300 sec this turn | 300 sec total\n|\n|t:|1783544454\n|move|p1a: Scovillain|Fire Blast|p2a: Malamar|[miss]\n|-miss|p1a: Scovillain|p2a: Malamar\n|move|p2a: Malamar|Superpower|p1a: Scovillain\n|-damage|p1a: Scovillain|36/100\n|-boost|p2a: Malamar|atk|1\n|-boost|p2a: Malamar|def|1\n|\n|-heal|p2a: Malamar|184/275|[from] item: Leftovers\n|upkeep\n|turn|24\n|inactive|Time left: 300 sec this turn | 300 sec total\n|\n|t:|1783544456\n|-terastallize|p1a: Scovillain|Fire\n|move|p1a: Scovillain|Fire Blast|p2a: Malamar\n|-damage|p2a: Malamar|0 fnt\n|faint|p2a: Malamar\n|\n|upkeep\n|inactive|Time left: 300 sec this turn | 300 sec total | 5 sec grace\n|\n|t:|1783544457\n|switch|p2a: Bombirdier|Bombirdier, L85, M|243/258\n|turn|25\n|inactive|Time left: 300 sec this turn | 300 sec total\n|\n|t:|1783544458\n|move|p1a: Scovillain|Fire Blast|p2a: Bombirdier\n|-damage|p2a: Bombirdier|59/258\n|move|p2a: Bombirdier|Knock Off|p1a: Scovillain\n|-damage|p1a: Scovillain|0 fnt\n|-enditem|p1a: Scovillain|Heavy-Duty Boots|[from] move: Knock Off|[of] p2a: Bombirdier\n|faint|p1a: Scovillain\n|\n|upkeep\n|\n|t:|1783544459\n|switch|p1a: Registeel|Registeel, L81|74/100 slp\n|-damage|p1a: Registeel|68/100 slp|[from] Stealth Rock\n|turn|26\n|inactive|Time left: 300 sec this turn | 300 sec total\n|\n|t:|1783544460\n|move|p2a: Bombirdier|Roost|p2a: Bombirdier\n|-heal|p2a: Bombirdier|188/258\n|-singleturn|p2a: Bombirdier|move: Roost\n|cant|p1a: Registeel|slp\n|\n|upkeep\n|turn|27\n|inactive|Time left: 300 sec this turn | 300 sec total\n|\n|t:|1783544461\n|switch|p2a: Piloswine|Piloswine, L85, M|309/309\n|cant|p1a: Registeel|slp\n|\n|upkeep\n|turn|28\n|inactive|Time left: 300 sec this turn | 300 sec total\n|\n|t:|1783544462\n|move|p2a: Piloswine|Earthquake|p1a: Registeel\n|-supereffective|p1a: Registeel\n|-damage|p1a: Registeel|10/100 slp\n|-curestatus|p1a: Registeel|slp|[msg]\n|move|p1a: Registeel|Iron Defense|p1a: Registeel\n|-boost|p1a: Registeel|def|2\n|\n|upkeep\n|turn|29\n|inactive|Time left: 300 sec this turn | 300 sec total\n|\n|t:|1783544463\n|-terastallize|p2a: Piloswine|Poison\n|move|p2a: Piloswine|Earthquake|p1a: Registeel\n|-supereffective|p1a: Registeel\n|-damage|p1a: Registeel|0 fnt\n|faint|p1a: Registeel\n|\n|upkeep\n|\n|t:|1783544464\n|switch|p1a: Quaquaval|Quaquaval, L79, M|91/100\n|-damage|p1a: Quaquaval|85/100|[from] Stealth Rock\n|turn|30\n|inactive|Time left: 300 sec this turn | 300 sec total\n|\n|t:|1783544465\n|move|p1a: Quaquaval|Aqua Step|p2a: Piloswine\n|-damage|p2a: Piloswine|231/309\n|-boost|p1a: Quaquaval|spe|1\n|-damage|p1a: Quaquaval|75/100|[from] item: Life Orb\n|move|p2a: Piloswine|Earthquake|p1a: Quaquaval\n|-crit|p1a: Quaquaval\n|-damage|p1a: Quaquaval|0 fnt\n|faint|p1a: Quaquaval\n|\n|win|p0y463c75d", "uploadtime": 1783544465, "views": 0, "rating": 0, "private": 0, "password": null, "_winner": "p0y463c75d", "_our_name": "p0y463c75d"}