{"id": "battle-gen9randombattle-818", "formatid": "gen9randombattle", "format": "[Gen 9] Random Battle", "players": ["p0x818fd26", "p0y818ca16"], "log": "|init|battle\n|title|p0x818fd26 vs. p0y818ca16\n|j|\u2606p0x818fd26\n|j|\u2606p0y818ca16\n|t:|1783548629\n|gametype|singles\n|player|p1|p0x818fd26|170|\n|player|p2|p0y818ca16|266|\n|gen|9\n|tier|[Gen 9] Random Battle\n|rule|Species Clause: Limit one of each Pok\u00e9mon\n|rule|HP Percentage Mod: HP is shown in percentages\n|rule|Sleep Clause Mod: Limit one foe put to sleep\n|rule|Illusion Level Mod: Illusion disguises the Pok\u00e9mon's true level\n|\n|t:|1783548629\n|teamsize|p1|6\n|teamsize|p2|6\n|start\n|switch|p1a: Emboar|Emboar, L84, M|322/322\n|switch|p2a: Azumarill|Azumarill, L82, F|100/100\n|turn|1\n|inactive|Battle timer is ON: inactive players will automatically lose when time's up. (requested by p0x818fd26)\n|inactive|p0y818ca16 also wants the timer to be on.\n|\n|t:|1783548630\n|-terastallize|p1a: Emboar|Grass\n|move|p1a: Emboar|Trailblaze|p2a: Azumarill\n|-supereffective|p2a: Azumarill\n|-damage|p2a: Azumarill|41/100\n|-boost|p1a: Emboar|spe|1\n|move|p2a: Azumarill|Liquidation|p1a: Emboar\n|-resisted|p1a: Emboar\n|-damage|p1a: Emboar|220/322\n|\n|-heal|p1a: Emboar|240/322|[from] item: Leftovers\n|upkeep\n|turn|2\n|inactive|Time left: 300 sec this turn | 300 sec total\n|\n|t:|1783548631\n|switch|p2a: Espathra|Espathra, L80, M|100/100\n|move|p1a: Emboar|Flare Blitz|p2a: Espathra\n|-damage|p2a: Espathra|7/100\n|-damage|p1a: Emboar|153/322|[from] Recoil\n|\n|-heal|p1a: Emboar|173/322|[from] item: Leftovers\n|-heal|p2a: Espathra|13/100|[from] item: Leftovers\n|upkeep\n|turn|3\n|inactive|Time left: 300 sec this turn | 300 sec total\n|\n|t:|1783548632\n|move|p2a: Espathra|Protect|p2a: Espathra\n|-singleturn|p2a: Espathra|Protect\n|move|p1a: Emboar|Drain Punch|p2a: Espathra\n|-activate|p2a: Espathra|move: Protect\n|\n|-heal|p1a: Emboar|193/322|[from] item: Leftovers\n|-heal|p2a: Espathra|19/100|[from] item: Leftovers\n|-ability|p2a: Espathra|Speed Boost|boost\n|-boost|p2a: Espathra|spe|1\n|upkeep\n|turn|4\n|inactive|Time left: 300 sec this turn | 300 sec total\n|\n|t:|1783548633\n|move|p2a: Espathra|Stored Power|p1a: Emboar\n|-damage|p1a: Emboar|142/322\n|move|p1a: Emboar|Trailblaze|p2a: Espathra\n|-damage|p2a: Espathra|0 fnt\n|-boost|p1a: Emboar|spe|1\n|faint|p2a: Espathra\n|\n|-heal|p1a: Emboar|162/322|[from] item: Leftovers\n|upkeep\n|\n|t:|1783548635\n|switch|p2a: Leavanny|Leavanny, L86, M|100/100\n|turn|5\n|inactive|Time left: 300 sec this turn | 300 sec total\n|\n|t:|1783548636\n|-terastallize|p2a: Leavanny|Rock\n|move|p1a: Emboar|Flare Blitz|p2a: Leavanny\n|-resisted|p2a: Leavanny\n|-damage|p2a: Leavanny|66/100\n|-damage|p1a: Emboar|131/322|[from] Recoil\n|move|p2a: Leavanny|Lunge|p1a: Emboar\n|-supereffective|p1a: Emboar\n|-damage|p1a: Emboar|0 fnt\n|faint|p1a: Emboar\n|\n|upkeep\n|inactive|Time left: 300 sec this turn | 300 sec total | 5 sec grace\n|\n|t:|1783548637\n|switch|p1a: Rillaboom|Rillaboom, L79, F|288/288\n|-fieldstart|move: Grassy Terrain|[from] ability: Grassy Surge|[of] p1a: Rillaboom\n|turn|6\n|inactive|Time left: 300 sec this turn | 300 sec total\n|\n|t:|1783548638\n|switch|p2a: Scrafty|Scrafty, L83, M|100/100\n|move|p1a: Rillaboom|Grassy Glide|p2a: Scrafty\n|-damage|p2a: Scrafty|62/100\n|-damage|p1a: Rillaboom|260/288|[from] item: Life Orb\n|\n|-heal|p1a: Rillaboom|278/288|[from] Grassy Terrain\n|-heal|p2a: Scrafty|68/100|[from] Grassy Terrain\n|-heal|p2a: Scrafty|74/100|[from] item: Leftovers\n|upkeep\n|turn|7\n|inactive|Time left: 300 sec this turn | 300 sec total\n|\n|t:|1783548639\n|move|p1a: Rillaboom|Wood Hammer|p2a: Scrafty\n|-damage|p2a: Scrafty|0 fnt\n|faint|p2a: Scrafty\n|-damage|p1a: Rillaboom|219/288|[from] Recoil\n|-damage|p1a: Rillaboom|191/288|[from] item: Life Orb\n|\n|-heal|p1a: Rillaboom|209/288|[from] Grassy Terrain\n|upkeep\n|\n|t:|1783548640\n|switch|p2a: Raichu|Raichu-Alola, L87, M|100/100\n|turn|8\n|inactive|Time left: 300 sec this turn | 300 sec total\n|\n|t:|1783548641\n|move|p2a: Raichu|Psychic|p1a: Rillaboom\n|-damage|p1a: Rillaboom|11/288\n|-unboost|p1a: Rillaboom|spd|1\n|move|p1a: Rillaboom|Knock Off|p2a: Raichu\n|-supereffective|p2a: Raichu\n|-damage|p2a: Raichu|0 fnt\n|-enditem|p2a: Raichu|Choice Specs|[from] move: Knock Off|[of] p1a: Rillaboom\n|faint|p2a: Raichu\n|-damage|p1a: Rillaboom|0 fnt|[from] item: Life Orb\n|faint|p1a: Rillaboom\n|\n|upkeep\n|inactive|Time left: 300 sec this turn | 300 sec total | 5 sec grace\n|\n|t:|1783548642\n|switch|p2a: Leavanny|Leavanny, L86, M, tera:Rock|66/100\n|switch|p1a: Alomomola|Alomomola, L87, M|429/429\n|turn|9\n|inactive|Time left: 300 sec this turn | 300 sec total\n|\n|t:|1783548643\n|move|p2a: Leavanny|Sticky Web|p1a: Alomomola\n|-sidestart|p1: p0x818fd26|move: Sticky Web\n|move|p1a: Alomomola|Flip Turn|p2a: Leavanny\n|-supereffective|p2a: Leavanny\n|-damage|p2a: Leavanny|22/100\n|inactive|Time left: 300 sec this turn | 300 sec total | 5 sec grace\n|\n|t:|1783548644\n|switch|p1a: Squawkabilly|Squawkabilly, L85, M|278/278|[from] Flip Turn\n|\n|-heal|p2a: Leavanny|28/100|[from] Grassy Terrain\n|-status|p1a: Squawkabilly|brn|[from] item: Flame Orb\n|upkeep\n|turn|10\n|inactive|Time left: 300 sec this turn | 300 sec total\n|\n|t:|1783548645\n|move|p2a: Leavanny|Lunge|p1a: Squawkabilly\n|-resisted|p1a: Squawkabilly\n|-damage|p1a: Squawkabilly|179/278 brn\n|-unboost|p1a: Squawkabilly|atk|1\n|move|p1a: Squawkabilly|Facade|p2a: Leavanny\n|-resisted|p2a: Leavanny\n|-damage|p2a: Leavanny|0 fnt\n|faint|p2a: Leavanny\n|\n|-damage|p1a: Squawkabilly|162/278 brn|[from] brn\n|-fieldend|move: Grassy Terrain\n|upkeep\n|\n|t:|1783548646\n|switch|p2a: Ditto|Ditto, L87|100/100\n|-transform|p2a: Ditto|p1a: Squawkabilly|[from] ability: Imposter\n|turn|11\n|inactive|Time left: 300 sec this turn | 300 sec total\n|\n|t:|1783548647\n|move|p2a: Ditto|Brave Bird|p1a: Squawkabilly\n|-damage|p1a: Squawkabilly|42/278 brn\n|-damage|p2a: Ditto|83/100|[from] Recoil\n|move|p1a: Squawkabilly|Facade|p2a: Ditto\n|-damage|p2a: Ditto|0 fnt\n|faint|p2a: Ditto\n|\n|-damage|p1a: Squawkabilly|25/278 brn|[from] brn\n|upkeep\n|\n|t:|1783548648\n|switch|p2a: Azumarill|Azumarill, L82, F|41/100\n|turn|12\n|inactive|Time left: 300 sec this turn | 300 sec total\n|\n|t:|1783548649\n|move|p2a: Azumarill|Aqua Jet|p1a: Squawkabilly\n|-crit|p1a: Squawkabilly\n|-damage|p1a: Squawkabilly|0 fnt\n|faint|p1a: Squawkabilly\n|\n|upkeep\n|inactive|Time left: 300 sec this turn | 300 sec total | 5 sec grace\n|\n|t:|1783548650\n|switch|p1a: Basculegion|Basculegion, L80, M|323/323\n|-activate|p1a: Basculegion|move: Sticky Web\n|-unboost|p1a: Basculegion|spe|1\n|turn|13\n|inactive|Time left: 300 sec this turn | 300 sec total\n|\n|t:|1783548651\n|move|p2a: Azumarill|Aqua Jet|p1a: Basculegion\n|-resisted|p1a: Basculegion\n|-damage|p1a: Basculegion|275/323\n|move|p1a: Basculegion|Shadow Ball|p2a: Azumarill\n|-damage|p2a: Azumarill|8/100\n|\n|upkeep\n|turn|14\n|inactive|Time left: 300 sec this turn | 300 sec total\n|\n|t:|1783548651\n|move|p2a: Azumarill|Aqua Jet|p1a: Basculegion\n|-resisted|p1a: Basculegion\n|-damage|p1a: Basculegion|227/323\n|move|p1a: Basculegion|Aqua Jet|p2a: Azumarill\n|-resisted|p2a: Azumarill\n|-damage|p2a: Azumarill|0 fnt\n|faint|p2a: Azumarill\n|\n|win|p0x818fd26", "uploadtime": 1783548652, "views": 0, "rating": 0, "private": 0, "password": null, "_winner": "p0x818fd26", "_our_name": "p0x818fd26"}