{"id": "battle-gen9randombattle-2044", "formatid": "gen9randombattle", "format": "[Gen 9] Random Battle", "players": ["p0x20444a6f", "p0y2044a839"], "log": "|init|battle\n|title|p0x20444a6f vs. p0y2044a839\n|j|\u2606p0x20444a6f\n|j|\u2606p0y2044a839\n|t:|1783563660\n|gametype|singles\n|player|p1|p0x20444a6f|170|\n|player|p2|p0y2044a839|2|\n|gen|9\n|tier|[Gen 9] Random Battle\n|rule|Species Clause: Limit one of each Pok\u00e9mon\n|rule|HP Percentage Mod: HP is shown in percentages\n|rule|Sleep Clause Mod: Limit one foe put to sleep\n|rule|Illusion Level Mod: Illusion disguises the Pok\u00e9mon's true level\n|\n|t:|1783563661\n|teamsize|p1|6\n|teamsize|p2|6\n|start\n|switch|p1a: Azumarill|Azumarill, L82, M|298/298\n|switch|p2a: Vigoroth|Vigoroth, L85, F|100/100\n|turn|1\n|inactive|Battle timer is ON: inactive players will automatically lose when time's up. (requested by p0x20444a6f)\n|inactive|p0y2044a839 also wants the timer to be on.\n|\n|t:|1783563662\n|move|p2a: Vigoroth|Body Slam|p1a: Azumarill\n|-damage|p1a: Azumarill|216/298\n|-status|p1a: Azumarill|par\n|move|p1a: Azumarill|Liquidation|p2a: Vigoroth\n|-damage|p2a: Vigoroth|56/100\n|\n|upkeep\n|turn|2\n|inactive|Time left: 300 sec this turn | 300 sec total\n|\n|t:|1783563663\n|move|p2a: Vigoroth|Slack Off|p2a: Vigoroth\n|-heal|p2a: Vigoroth|100/100\n|move|p1a: Azumarill|Liquidation|p2a: Vigoroth\n|-damage|p2a: Vigoroth|58/100\n|\n|upkeep\n|turn|3\n|inactive|Time left: 300 sec this turn | 300 sec total\n|\n|t:|1783563664\n|move|p2a: Vigoroth|Bulk Up|p2a: Vigoroth\n|-boost|p2a: Vigoroth|atk|1\n|-boost|p2a: Vigoroth|def|1\n|move|p1a: Azumarill|Liquidation|p2a: Vigoroth\n|-crit|p2a: Vigoroth\n|-damage|p2a: Vigoroth|0 fnt\n|faint|p2a: Vigoroth\n|\n|upkeep\n|\n|t:|1783563665\n|switch|p2a: Cobalion|Cobalion, L80|100/100\n|turn|4\n|inactive|Time left: 300 sec this turn | 300 sec total\n|\n|t:|1783563666\n|move|p2a: Cobalion|Stealth Rock|p1a: Azumarill\n|-sidestart|p1: p0x20444a6f|move: Stealth Rock\n|move|p1a: Azumarill|Liquidation|p2a: Cobalion\n|-damage|p2a: Cobalion|57/100\n|\n|-heal|p2a: Cobalion|63/100|[from] item: Leftovers\n|upkeep\n|turn|5\n|inactive|Time left: 300 sec this turn | 300 sec total\n|\n|t:|1783563668\n|move|p2a: Cobalion|Iron Head|p1a: Azumarill\n|-damage|p1a: Azumarill|140/298 par\n|cant|p1a: Azumarill|par\n|\n|-heal|p2a: Cobalion|69/100|[from] item: Leftovers\n|upkeep\n|turn|6\n|inactive|Time left: 300 sec this turn | 300 sec total\n|\n|t:|1783563669\n|move|p2a: Cobalion|Iron Head|p1a: Azumarill\n|-damage|p1a: Azumarill|56/298 par\n|cant|p1a: Azumarill|flinch\n|\n|-heal|p2a: Cobalion|75/100|[from] item: Leftovers\n|upkeep\n|turn|7\n|inactive|Time left: 300 sec this turn | 300 sec total\n|\n|t:|1783563670\n|move|p2a: Cobalion|Volt Switch|p1a: Azumarill\n|-supereffective|p1a: Azumarill\n|-damage|p1a: Azumarill|0 fnt\n|faint|p1a: Azumarill\n|\n|t:|1783563671\n|switch|p2a: Chimecho|Chimecho, L93, F|100/100|[from] Volt Switch\n|\n|upkeep\n|inactive|Time left: 300 sec this turn | 300 sec total | 10 sec grace\n|\n|t:|1783563672\n|switch|p1a: Ting-Lu|Ting-Lu, L78|370/370\n|-damage|p1a: Ting-Lu|347/370|[from] Stealth Rock\n|-ability|p1a: Ting-Lu|Vessel of Ruin\n|turn|8\n|inactive|Time left: 300 sec this turn | 300 sec total\n|\n|t:|1783563673\n|move|p2a: Chimecho|Calm Mind|p2a: Chimecho\n|-boost|p2a: Chimecho|spa|1\n|-boost|p2a: Chimecho|spd|1\n|move|p1a: Ting-Lu|Payback|p2a: Chimecho\n|-supereffective|p2a: Chimecho\n|-damage|p2a: Chimecho|30/100\n|\n|-heal|p2a: Chimecho|36/100|[from] item: Leftovers\n|-heal|p1a: Ting-Lu|370/370|[from] item: Leftovers\n|upkeep\n|turn|9\n|inactive|Time left: 300 sec this turn | 300 sec total\n|\n|t:|1783563674\n|move|p2a: Chimecho|Recover|p2a: Chimecho\n|-heal|p2a: Chimecho|86/100\n|move|p1a: Ting-Lu|Payback|p2a: Chimecho\n|-supereffective|p2a: Chimecho\n|-damage|p2a: Chimecho|18/100\n|\n|-heal|p2a: Chimecho|24/100|[from] item: Leftovers\n|upkeep\n|turn|10\n|inactive|Time left: 300 sec this turn | 300 sec total\n|\n|t:|1783563675\n|move|p2a: Chimecho|Recover|p2a: Chimecho\n|-heal|p2a: Chimecho|74/100\n|move|p1a: Ting-Lu|Payback|p2a: Chimecho\n|-supereffective|p2a: Chimecho\n|-damage|p2a: Chimecho|5/100\n|\n|-heal|p2a: Chimecho|12/100|[from] item: Leftovers\n|upkeep\n|turn|11\n|inactive|Time left: 300 sec this turn | 300 sec total\n|\n|t:|1783563677\n|-terastallize|p2a: Chimecho|Fairy\n|move|p2a: Chimecho|Recover|p2a: Chimecho\n|-heal|p2a: Chimecho|62/100\n|move|p1a: Ting-Lu|Payback|p2a: Chimecho\n|-resisted|p2a: Chimecho\n|-damage|p2a: Chimecho|44/100\n|\n|-heal|p2a: Chimecho|50/100|[from] item: Leftovers\n|upkeep\n|turn|12\n|inactive|Time left: 300 sec this turn | 300 sec total\n|\n|t:|1783563678\n|move|p2a: Chimecho|Recover|p2a: Chimecho\n|-heal|p2a: Chimecho|99/100\n|move|p1a: Ting-Lu|Heavy Slam|p2a: Chimecho\n|-supereffective|p2a: Chimecho\n|-damage|p2a: Chimecho|46/100\n|\n|-heal|p2a: Chimecho|52/100|[from] item: Leftovers\n|upkeep\n|turn|13\n|inactive|Time left: 300 sec this turn | 300 sec total\n|\n|t:|1783563679\n|move|p2a: Chimecho|Recover|p2a: Chimecho\n|-heal|p2a: Chimecho|100/100\n|move|p1a: Ting-Lu|Heavy Slam|p2a: Chimecho\n|-supereffective|p2a: Chimecho\n|-damage|p2a: Chimecho|50/100\n|\n|-heal|p2a: Chimecho|56/100|[from] item: Leftovers\n|upkeep\n|turn|14\n|inactive|Time left: 300 sec this turn | 300 sec total\n|\n|t:|1783563680\n|move|p2a: Chimecho|Recover|p2a: Chimecho\n|-heal|p2a: Chimecho|100/100\n|move|p1a: Ting-Lu|Heavy Slam|p2a: Chimecho\n|-supereffective|p2a: Chimecho\n|-damage|p2a: Chimecho|43/100\n|\n|-heal|p2a: Chimecho|49/100|[from] item: Leftovers\n|upkeep\n|turn|15\n|inactive|Time left: 300 sec this turn | 300 sec total\n|\n|t:|1783563681\n|move|p2a: Chimecho|Recover|p2a: Chimecho\n|-heal|p2a: Chimecho|99/100\n|move|p1a: Ting-Lu|Heavy Slam|p2a: Chimecho\n|-supereffective|p2a: Chimecho\n|-damage|p2a: Chimecho|39/100\n|\n|-heal|p2a: Chimecho|46/100|[from] item: Leftovers\n|upkeep\n|turn|16\n|inactive|Time left: 300 sec this turn | 300 sec total\n|\n|t:|1783563683\n|move|p2a: Chimecho|Recover|p2a: Chimecho\n|-heal|p2a: Chimecho|96/100\n|move|p1a: Ting-Lu|Heavy Slam|p2a: Chimecho\n|-supereffective|p2a: Chimecho\n|-damage|p2a: Chimecho|40/100\n|\n|-heal|p2a: Chimecho|47/100|[from] item: Leftovers\n|upkeep\n|turn|17\n|inactive|Time left: 300 sec this turn | 300 sec total\n|\n|t:|1783563684\n|move|p2a: Chimecho|Dazzling Gleam|p1a: Ting-Lu\n|-supereffective|p1a: Ting-Lu\n|-damage|p1a: Ting-Lu|82/370\n|move|p1a: Ting-Lu|Heavy Slam|p2a: Chimecho\n|-supereffective|p2a: Chimecho\n|-damage|p2a: Chimecho|0 fnt\n|faint|p2a: Chimecho\n|\n|-heal|p1a: Ting-Lu|105/370|[from] item: Leftovers\n|upkeep\n|\n|t:|1783563685\n|switch|p2a: Poliwrath|Poliwrath, L88, M|100/100\n|turn|18\n|inactive|Time left: 300 sec this turn | 300 sec total\n|\n|t:|1783563686\n|move|p2a: Poliwrath|Liquidation|p1a: Ting-Lu\n|-supereffective|p1a: Ting-Lu\n|-damage|p1a: Ting-Lu|0 fnt\n|faint|p1a: Ting-Lu\n|\n|upkeep\n|inactive|Time left: 300 sec this turn | 300 sec total | 5 sec grace\n|\n|t:|1783563687\n|switch|p1a: Iron Thorns|Iron Thorns, L83|302/302\n|-damage|p1a: Iron Thorns|265/302|[from] Stealth Rock\n|-enditem|p1a: Iron Thorns|Booster Energy\n|-activate|p1a: Iron Thorns|ability: Quark Drive|[fromitem]\n|-start|p1a: Iron Thorns|quarkdriveatk\n|turn|19\n|inactive|Time left: 300 sec this turn | 300 sec total\n|\n|t:|1783563687\n|move|p2a: Poliwrath|Liquidation|p1a: Iron Thorns\n|-supereffective|p1a: Iron Thorns\n|-crit|p1a: Iron Thorns\n|-damage|p1a: Iron Thorns|0 fnt\n|faint|p1a: Iron Thorns\n|-end|p1a: Iron Thorns|Quark Drive|[silent]\n|\n|upkeep\n|inactive|Time left: 300 sec this turn | 300 sec total | 5 sec grace\n|\n|t:|1783563688\n|switch|p1a: Raging Bolt|Raging Bolt, L78|323/323\n|-damage|p1a: Raging Bolt|283/323|[from] Stealth Rock\n|turn|20\n|inactive|Time left: 300 sec this turn | 300 sec total\n|\n|t:|1783563689\n|move|p2a: Poliwrath|Knock Off|p1a: Raging Bolt\n|-damage|p1a: Raging Bolt|209/323\n|-enditem|p1a: Raging Bolt|Assault Vest|[from] move: Knock Off|[of] p2a: Poliwrath\n|move|p1a: Raging Bolt|Thunderbolt|p2a: Poliwrath\n|-supereffective|p2a: Poliwrath\n|-damage|p2a: Poliwrath|57/100\n|\n|upkeep\n|turn|21\n|inactive|Time left: 300 sec this turn | 300 sec total\n|\n|t:|1783563689\n|switch|p2a: Dudunsparce|Dudunsparce-Three-Segment, L83, F|100/100\n|move|p1a: Raging Bolt|Thunderbolt|p2a: Dudunsparce\n|-damage|p2a: Dudunsparce|63/100\n|\n|-heal|p2a: Dudunsparce|70/100|[from] item: Leftovers\n|upkeep\n|turn|22\n|inactive|Time left: 300 sec this turn | 300 sec total\n|\n|t:|1783563690\n|move|p1a: Raging Bolt|Volt Switch|p2a: Dudunsparce\n|-damage|p2a: Dudunsparce|41/100\n|inactive|Time left: 300 sec this turn | 300 sec total | 5 sec grace\n|\n|t:|1783563691\n|-end|p1a: Raging Bolt|Protosynthesis|[silent]\n|switch|p1a: Vigoroth|Vigoroth, L85, F|275/275|[from] Volt Switch\n|-damage|p1a: Vigoroth|241/275|[from] Stealth Rock\n|move|p2a: Dudunsparce|Roost|p2a: Dudunsparce\n|-heal|p2a: Dudunsparce|91/100\n|-singleturn|p2a: Dudunsparce|move: Roost\n|\n|-heal|p2a: Dudunsparce|97/100|[from] item: Leftovers\n|upkeep\n|turn|23\n|inactive|Time left: 300 sec this turn | 300 sec total\n|\n|t:|1783563691\n|move|p1a: Vigoroth|Bulk Up|p1a: Vigoroth\n|-boost|p1a: Vigoroth|atk|1\n|-boost|p1a: Vigoroth|def|1\n|move|p2a: Dudunsparce|Glare|p1a: Vigoroth\n|-status|p1a: Vigoroth|par\n|\n|-heal|p2a: Dudunsparce|100/100|[from] item: Leftovers\n|upkeep\n|turn|24\n|inactive|Time left: 300 sec this turn | 300 sec total\n|\n|t:|1783563692\n|move|p2a: Dudunsparce|Headbutt|p1a: Vigoroth\n|-damage|p1a: Vigoroth|204/275 par\n|cant|p1a: Vigoroth|flinch\n|\n|upkeep\n|turn|25\n|inactive|Time left: 300 sec this turn | 300 sec total\n|\n|t:|1783563693\n|switch|p2a: Cobalion|Cobalion, L80|75/100\n|move|p1a: Vigoroth|Bulk Up|p1a: Vigoroth\n|-boost|p1a: Vigoroth|atk|1\n|-boost|p1a: Vigoroth|def|1\n|\n|-heal|p2a: Cobalion|81/100|[from] item: Leftovers\n|upkeep\n|turn|26\n|inactive|Time left: 300 sec this turn | 300 sec total\n|\n|t:|1783563694\n|move|p2a: Cobalion|Body Press|p1a: Vigoroth\n|-supereffective|p1a: Vigoroth\n|-damage|p1a: Vigoroth|130/275 par\n|move|p1a: Vigoroth|Body Slam|p2a: Cobalion\n|-resisted|p2a: Cobalion\n|-damage|p2a: Cobalion|58/100\n|\n|-heal|p2a: Cobalion|64/100|[from] item: Leftovers\n|upkeep\n|turn|27\n|inactive|Time left: 300 sec this turn | 300 sec total\n|\n|t:|1783563695\n|move|p2a: Cobalion|Body Press|p1a: Vigoroth\n|-supereffective|p1a: Vigoroth\n|-damage|p1a: Vigoroth|62/275 par\n|move|p1a: Vigoroth|Slack Off|p1a: Vigoroth\n|-heal|p1a: Vigoroth|200/275 par\n|\n|-heal|p2a: Cobalion|70/100|[from] item: Leftovers\n|upkeep\n|turn|28\n|inactive|Time left: 300 sec this turn | 300 sec total\n|\n|t:|1783563696\n|move|p2a: Cobalion|Body Press|p1a: Vigoroth\n|-supereffective|p1a: Vigoroth\n|-damage|p1a: Vigoroth|132/275 par\n|cant|p1a: Vigoroth|par\n|\n|-heal|p2a: Cobalion|76/100|[from] item: Leftovers\n|upkeep\n|turn|29\n|inactive|Time left: 300 sec this turn | 300 sec total\n|\n|t:|1783563697\n|move|p2a: Cobalion|Body Press|p1a: Vigoroth\n|-supereffective|p1a: Vigoroth\n|-damage|p1a: Vigoroth|64/275 par\n|move|p1a: Vigoroth|Slack Off|p1a: Vigoroth\n|-heal|p1a: Vigoroth|202/275 par\n|\n|-heal|p2a: Cobalion|82/100|[from] item: Leftovers\n|upkeep\n|turn|30\n|inactive|Time left: 300 sec this turn | 300 sec total\n|\n|t:|1783563698\n|move|p2a: Cobalion|Body Press|p1a: Vigoroth\n|-supereffective|p1a: Vigoroth\n|-damage|p1a: Vigoroth|130/275 par\n|move|p1a: Vigoroth|Slack Off|p1a: Vigoroth\n|-heal|p1a: Vigoroth|268/275 par\n|\n|-heal|p2a: Cobalion|88/100|[from] item: Leftovers\n|upkeep\n|turn|31\n|inactive|Time left: 300 sec this turn | 300 sec total\n|\n|t:|1783563699\n|move|p2a: Cobalion|Iron Head|p1a: Vigoroth\n|-damage|p1a: Vigoroth|241/275 par\n|move|p1a: Vigoroth|Body Slam|p2a: Cobalion\n|-resisted|p2a: Cobalion\n|-damage|p2a: Cobalion|66/100\n|\n|-heal|p2a: Cobalion|72/100|[from] item: Leftovers\n|upkeep\n|turn|32\n|inactive|Time left: 300 sec this turn | 300 sec total\n|\n|t:|1783563700\n|move|p2a: Cobalion|Iron Head|p1a: Vigoroth\n|-damage|p1a: Vigoroth|214/275 par\n|move|p1a: Vigoroth|Body Slam|p2a: Cobalion\n|-resisted|p2a: Cobalion\n|-damage|p2a: Cobalion|51/100\n|-status|p2a: Cobalion|par\n|\n|-heal|p2a: Cobalion|58/100 par|[from] item: Leftovers\n|upkeep\n|turn|33\n|inactive|Time left: 300 sec this turn | 300 sec total\n|\n|t:|1783563702\n|move|p2a: Cobalion|Iron Head|p1a: Vigoroth\n|-damage|p1a: Vigoroth|186/275 par\n|move|p1a: Vigoroth|Body Slam|p2a: Cobalion\n|-resisted|p2a: Cobalion\n|-damage|p2a: Cobalion|34/100 par\n|\n|-heal|p2a: Cobalion|41/100 par|[from] item: Leftovers\n|upkeep\n|turn|34\n|inactive|Time left: 300 sec this turn | 300 sec total\n|\n|t:|1783563703\n|move|p2a: Cobalion|Body Press|p1a: Vigoroth\n|-supereffective|p1a: Vigoroth\n|-damage|p1a: Vigoroth|118/275 par\n|move|p1a: Vigoroth|Slack Off|p1a: Vigoroth\n|-heal|p1a: Vigoroth|256/275 par\n|\n|-heal|p2a: Cobalion|47/100 par|[from] item: Leftovers\n|upkeep\n|turn|35\n|inactive|Time left: 300 sec this turn | 300 sec total\n|\n|t:|1783563704\n|move|p2a: Cobalion|Body Press|p1a: Vigoroth\n|-supereffective|p1a: Vigoroth\n|-damage|p1a: Vigoroth|184/275 par\n|cant|p1a: Vigoroth|par\n|\n|-heal|p2a: Cobalion|53/100 par|[from] item: Leftovers\n|upkeep\n|turn|36\n|inactive|Time left: 300 sec this turn | 300 sec total\n|\n|t:|1783563705\n|move|p2a: Cobalion|Body Press|p1a: Vigoroth\n|-supereffective|p1a: Vigoroth\n|-damage|p1a: Vigoroth|110/275 par\n|move|p1a: Vigoroth|Slack Off|p1a: Vigoroth\n|-heal|p1a: Vigoroth|248/275 par\n|\n|-heal|p2a: Cobalion|59/100 par|[from] item: Leftovers\n|upkeep\n|turn|37\n|inactive|Time left: 300 sec this turn | 300 sec total\n|\n|t:|1783563706\n|cant|p2a: Cobalion|par\n|move|p1a: Vigoroth|Body Slam|p2a: Cobalion\n|-resisted|p2a: Cobalion\n|-damage|p2a: Cobalion|35/100 par\n|\n|-heal|p2a: Cobalion|41/100 par|[from] item: Leftovers\n|upkeep\n|turn|38\n|inactive|Time left: 300 sec this turn | 300 sec total\n|\n|t:|1783563707\n|cant|p2a: Cobalion|par\n|move|p1a: Vigoroth|Body Slam|p2a: Cobalion\n|-resisted|p2a: Cobalion\n|-damage|p2a: Cobalion|21/100 par\n|\n|-heal|p2a: Cobalion|27/100 par|[from] item: Leftovers\n|upkeep\n|turn|39\n|inactive|Time left: 300 sec this turn | 300 sec total\n|\n|t:|1783563709\n|move|p2a: Cobalion|Body Press|p1a: Vigoroth\n|-supereffective|p1a: Vigoroth\n|-damage|p1a: Vigoroth|180/275 par\n|move|p1a: Vigoroth|Body Slam|p2a: Cobalion\n|-resisted|p2a: Cobalion\n|-damage|p2a: Cobalion|4/100 par\n|\n|-heal|p2a: Cobalion|10/100 par|[from] item: Leftovers\n|upkeep\n|turn|40\n|inactive|Time left: 300 sec this turn | 300 sec total\n|\n|t:|1783563710\n|move|p2a: Cobalion|Body Press|p1a: Vigoroth\n|-supereffective|p1a: Vigoroth\n|-damage|p1a: Vigoroth|108/275 par\n|move|p1a: Vigoroth|Body Slam|p2a: Cobalion\n|-resisted|p2a: Cobalion\n|-damage|p2a: Cobalion|0 fnt\n|faint|p2a: Cobalion\n|\n|upkeep\n|\n|t:|1783563711\n|switch|p2a: Poliwrath|Poliwrath, L88, M|57/100\n|turn|41\n|inactive|Time left: 300 sec this turn | 300 sec total\n|\n|t:|1783563712\n|-terastallize|p1a: Vigoroth|Ghost\n|move|p1a: Vigoroth|Body Slam|p2a: Poliwrath\n|-damage|p2a: Poliwrath|7/100\n|-status|p2a: Poliwrath|par\n|move|p2a: Poliwrath|Circle Throw|p1a: Vigoroth\n|-immune|p1a: Vigoroth\n|\n|upkeep\n|turn|42\n|inactive|Time left: 300 sec this turn | 300 sec total\n|\n|t:|1783563713\n|move|p1a: Vigoroth|Slack Off|p1a: Vigoroth\n|-heal|p1a: Vigoroth|246/275 par\n|move|p2a: Poliwrath|Knock Off|p1a: Vigoroth\n|-supereffective|p1a: Vigoroth\n|-crit|p1a: Vigoroth\n|-damage|p1a: Vigoroth|90/275 par\n|-enditem|p1a: Vigoroth|Eviolite|[from] move: Knock Off|[of] p2a: Poliwrath\n|\n|upkeep\n|turn|43\n|inactive|Time left: 300 sec this turn | 300 sec total\n|\n|t:|1783563714\n|move|p1a: Vigoroth|Slack Off|p1a: Vigoroth\n|-heal|p1a: Vigoroth|228/275 par\n|move|p2a: Poliwrath|Knock Off|p1a: Vigoroth\n|-supereffective|p1a: Vigoroth\n|-damage|p1a: Vigoroth|172/275 par\n|\n|upkeep\n|turn|44\n|inactive|Time left: 300 sec this turn | 300 sec total\n|\n|t:|1783563715\n|move|p1a: Vigoroth|Knock Off|p2a: Poliwrath\n|-resisted|p2a: Poliwrath\n|-damage|p2a: Poliwrath|0 fnt\n|-enditem|p2a: Poliwrath|Assault Vest|[from] move: Knock Off|[of] p1a: Vigoroth\n|faint|p2a: Poliwrath\n|\n|upkeep\n|\n|t:|1783563716\n|switch|p2a: Feraligatr|Feraligatr, L79, M|100/100\n|turn|45\n|inactive|Time left: 300 sec this turn | 300 sec total\n|\n|t:|1783563717\n|move|p2a: Feraligatr|Crunch|p1a: Vigoroth\n|-supereffective|p1a: Vigoroth\n|-damage|p1a: Vigoroth|68/275 par\n|move|p1a: Vigoroth|Body Slam|p2a: Feraligatr\n|-damage|p2a: Feraligatr|45/100\n|\n|upkeep\n|turn|46\n|inactive|Time left: 300 sec this turn | 300 sec total\n|\n|t:|1783563718\n|move|p2a: Feraligatr|Crunch|p1a: Vigoroth\n|-supereffective|p1a: Vigoroth\n|-damage|p1a: Vigoroth|0 fnt\n|faint|p1a: Vigoroth\n|\n|upkeep\n|inactive|Time left: 300 sec this turn | 300 sec total | 5 sec grace\n|\n|t:|1783563719\n|switch|p1a: Gengar|Gengar, L81, F|230/230\n|-damage|p1a: Gengar|202/230|[from] Stealth Rock\n|turn|47\n|inactive|Time left: 300 sec this turn | 300 sec total\n|\n|t:|1783563720\n|move|p1a: Gengar|Sludge Wave|p2a: Feraligatr\n|-damage|p2a: Feraligatr|0 fnt\n|faint|p2a: Feraligatr\n|-damage|p1a: Gengar|179/230|[from] item: Life Orb\n|\n|upkeep\n|\n|t:|1783563721\n|switch|p2a: Dudunsparce|Dudunsparce-Three-Segment, L83, F|100/100\n|turn|48\n|inactive|Time left: 300 sec this turn | 300 sec total\n|\n|t:|1783563722\n|move|p1a: Gengar|Focus Blast|p2a: Dudunsparce\n|-supereffective|p2a: Dudunsparce\n|-damage|p2a: Dudunsparce|19/100\n|-damage|p1a: Gengar|156/230|[from] item: Life Orb\n|move|p2a: Dudunsparce|Glare|p1a: Gengar\n|-status|p1a: Gengar|par\n|\n|-heal|p2a: Dudunsparce|26/100|[from] item: Leftovers\n|upkeep\n|turn|49\n|inactive|Time left: 300 sec this turn | 300 sec total\n|\n|t:|1783563723\n|move|p2a: Dudunsparce|Roost|p2a: Dudunsparce\n|-heal|p2a: Dudunsparce|76/100\n|-singleturn|p2a: Dudunsparce|move: Roost\n|move|p1a: Gengar|Focus Blast|p2a: Dudunsparce|[miss]\n|-miss|p1a: Gengar|p2a: Dudunsparce\n|\n|-heal|p2a: Dudunsparce|82/100|[from] item: Leftovers\n|upkeep\n|turn|50\n|inactive|Time left: 300 sec this turn | 300 sec total\n|\n|t:|1783563724\n|switch|p1a: Raging Bolt|Raging Bolt, L78|209/323\n|-damage|p1a: Raging Bolt|169/323|[from] Stealth Rock\n|move|p2a: Dudunsparce|Earthquake|p1a: Raging Bolt\n|-supereffective|p1a: Raging Bolt\n|-damage|p1a: Raging Bolt|9/323\n|\n|-heal|p2a: Dudunsparce|88/100|[from] item: Leftovers\n|upkeep\n|turn|51\n|inactive|Time left: 300 sec this turn | 300 sec total\n|\n|t:|1783563725\n|move|p1a: Raging Bolt|Thunderbolt|p2a: Dudunsparce\n|-damage|p2a: Dudunsparce|53/100\n|move|p2a: Dudunsparce|Earthquake|p1a: Raging Bolt\n|-supereffective|p1a: Raging Bolt\n|-damage|p1a: Raging Bolt|0 fnt\n|faint|p1a: Raging Bolt\n|-end|p1a: Raging Bolt|Protosynthesis|[silent]\n|\n|-heal|p2a: Dudunsparce|59/100|[from] item: Leftovers\n|upkeep\n|inactive|Time left: 300 sec this turn | 300 sec total | 5 sec grace\n|\n|t:|1783563726\n|switch|p1a: Gengar|Gengar, L81, F|156/230 par\n|-damage|p1a: Gengar|128/230 par|[from] Stealth Rock\n|turn|52\n|inactive|Time left: 300 sec this turn | 300 sec total\n|\n|t:|1783563727\n|move|p2a: Dudunsparce|Earthquake|p1a: Gengar\n|-supereffective|p1a: Gengar\n|-damage|p1a: Gengar|0 fnt\n|faint|p1a: Gengar\n|\n|win|p0y2044a839", "uploadtime": 1783563727, "views": 0, "rating": 0, "private": 0, "password": null, "_winner": "p0y2044a839", "_our_name": "p0x20444a6f"}