{"id": "battle-gen9randombattle-1220", "formatid": "gen9randombattle", "format": "[Gen 9] Random Battle", "players": ["p0x1220a13d", "p0y12202e53"], "log": "|init|battle\n|title|p0x1220a13d vs. p0y12202e53\n|j|\u2606p0x1220a13d\n|j|\u2606p0y12202e53\n|t:|1783553238\n|gametype|singles\n|player|p1|p0x1220a13d|169|\n|player|p2|p0y12202e53|102|\n|gen|9\n|tier|[Gen 9] Random Battle\n|rule|Species Clause: Limit one of each Pok\u00e9mon\n|rule|HP Percentage Mod: HP is shown in percentages\n|rule|Sleep Clause Mod: Limit one foe put to sleep\n|rule|Illusion Level Mod: Illusion disguises the Pok\u00e9mon's true level\n|\n|t:|1783553238\n|teamsize|p1|6\n|teamsize|p2|6\n|start\n|switch|p1a: Baxcalibur|Baxcalibur, L75, F|100/100\n|switch|p2a: Lapras|Lapras, L87, M|367/367\n|turn|1\n|inactive|Battle timer is ON: inactive players will automatically lose when time's up. (requested by p0y12202e53)\n|inactive|p0x1220a13d also wants the timer to be on.\n|\n|t:|1783553240\n|move|p1a: Baxcalibur|Glaive Rush|p2a: Lapras\n|-damage|p2a: Lapras|217/367\n|-singlemove|p1a: Baxcalibur|Glaive Rush|[silent]\n|move|p2a: Lapras|Ice Beam|p1a: Baxcalibur\n|-damage|p1a: Baxcalibur|1/100\n|\n|upkeep\n|turn|2\n|inactive|Time left: 300 sec this turn | 300 sec total\n|\n|t:|1783553241\n|move|p1a: Baxcalibur|Glaive Rush|p2a: Lapras\n|-damage|p2a: Lapras|78/367\n|-singlemove|p1a: Baxcalibur|Glaive Rush|[silent]\n|move|p2a: Lapras|Ice Beam|p1a: Baxcalibur\n|-damage|p1a: Baxcalibur|0 fnt\n|faint|p1a: Baxcalibur\n|\n|upkeep\n|\n|t:|1783553242\n|switch|p1a: Staraptor|Staraptor, L79, M|100/100\n|turn|3\n|inactive|Time left: 300 sec this turn | 300 sec total\n|\n|t:|1783553243\n|switch|p2a: Rampardos|Rampardos, L90, F|321/321\n|move|p1a: Staraptor|Brave Bird|p2a: Rampardos\n|-resisted|p2a: Rampardos\n|-damage|p2a: Rampardos|183/321\n|-damage|p1a: Staraptor|83/100|[from] Recoil\n|\n|upkeep\n|turn|4\n|inactive|Time left: 300 sec this turn | 300 sec total\n|\n|t:|1783553244\n|switch|p1a: Overqwil|Overqwil, L82, M|100/100\n|-ability|p1a: Overqwil|Intimidate|boost\n|-unboost|p2a: Rampardos|atk|1\n|move|p2a: Rampardos|Rock Slide|p1a: Overqwil\n|-damage|p1a: Overqwil|59/100\n|\n|upkeep\n|turn|5\n|inactive|Time left: 300 sec this turn | 300 sec total\n|\n|t:|1783553245\n|move|p2a: Rampardos|Rock Slide|p1a: Overqwil\n|-damage|p1a: Overqwil|16/100\n|move|p1a: Overqwil|Crunch|p2a: Rampardos\n|-damage|p2a: Rampardos|18/321\n|\n|upkeep\n|turn|6\n|inactive|Time left: 300 sec this turn | 300 sec total\n|\n|t:|1783553247\n|move|p2a: Rampardos|Rock Slide|p1a: Overqwil\n|-damage|p1a: Overqwil|0 fnt\n|faint|p1a: Overqwil\n|\n|upkeep\n|\n|t:|1783553247\n|switch|p1a: Heracross|Heracross, L80, F|100/100\n|turn|7\n|inactive|Time left: 300 sec this turn | 300 sec total\n|\n|t:|1783553249\n|move|p1a: Heracross|Megahorn|p2a: Rampardos\n|-damage|p2a: Rampardos|0 fnt\n|faint|p2a: Rampardos\n|-ability|p1a: Heracross|Moxie|boost\n|-boost|p1a: Heracross|atk|1\n|\n|upkeep\n|inactive|Time left: 300 sec this turn | 300 sec total | 5 sec grace\n|\n|t:|1783553250\n|switch|p2a: Magmortar|Magmortar, L88, F|275/275\n|turn|8\n|inactive|Time left: 300 sec this turn | 300 sec total\n|\n|t:|1783553251\n|move|p1a: Heracross|Megahorn|p2a: Magmortar\n|-resisted|p2a: Magmortar\n|-damage|p2a: Magmortar|156/275\n|move|p2a: Magmortar|Fire Blast|p1a: Heracross\n|-supereffective|p1a: Heracross\n|-damage|p1a: Heracross|0 fnt\n|faint|p1a: Heracross\n|\n|upkeep\n|\n|t:|1783553252\n|switch|p1a: Zebstrika|Zebstrika, L87, F|100/100\n|turn|9\n|inactive|Time left: 300 sec this turn | 300 sec total\n|\n|t:|1783553253\n|switch|p2a: Kommo-o|Kommo-o, L77, F|242/242\n|move|p1a: Zebstrika|High Horsepower|p2a: Kommo-o\n|-damage|p2a: Kommo-o|164/242\n|-damage|p1a: Zebstrika|91/100|[from] item: Life Orb\n|\n|upkeep\n|turn|10\n|inactive|Time left: 300 sec this turn | 300 sec total\n|\n|t:|1783553254\n|-terastallize|p1a: Zebstrika|Ground\n|move|p1a: Zebstrika|High Horsepower|p2a: Kommo-o\n|-damage|p2a: Kommo-o|35/242\n|-damage|p1a: Zebstrika|81/100|[from] item: Life Orb\n|move|p2a: Kommo-o|Scale Shot|p1a: Zebstrika\n|-damage|p1a: Zebstrika|68/100\n|-damage|p1a: Zebstrika|56/100\n|-damage|p1a: Zebstrika|45/100\n|-damage|p1a: Zebstrika|32/100\n|-hitcount|p1a: Zebstrika|4\n|-unboost|p2a: Kommo-o|def|1\n|-boost|p2a: Kommo-o|spe|1\n|\n|upkeep\n|turn|11\n|inactive|Time left: 300 sec this turn | 300 sec total\n|\n|t:|1783553255\n|move|p2a: Kommo-o|Close Combat|p1a: Zebstrika\n|-damage|p1a: Zebstrika|0 fnt\n|-unboost|p2a: Kommo-o|def|1\n|-unboost|p2a: Kommo-o|spd|1\n|faint|p1a: Zebstrika\n|\n|upkeep\n|\n|t:|1783553256\n|switch|p1a: Staraptor|Staraptor, L79, M|83/100\n|turn|12\n|inactive|Time left: 300 sec this turn | 300 sec total\n|\n|t:|1783553257\n|move|p2a: Kommo-o|Close Combat|p1a: Staraptor\n|-damage|p1a: Staraptor|32/100\n|-unboost|p2a: Kommo-o|def|1\n|-unboost|p2a: Kommo-o|spd|1\n|move|p1a: Staraptor|Brave Bird|p2a: Kommo-o\n|-supereffective|p2a: Kommo-o\n|-damage|p2a: Kommo-o|0 fnt\n|faint|p2a: Kommo-o\n|-damage|p1a: Staraptor|27/100|[from] Recoil\n|\n|upkeep\n|inactive|Time left: 300 sec this turn | 300 sec total | 5 sec grace\n|\n|t:|1783553258\n|switch|p2a: Virizion|Virizion, L82|283/283\n|turn|13\n|inactive|Time left: 300 sec this turn | 300 sec total\n|\n|t:|1783553259\n|move|p2a: Virizion|Swords Dance|p2a: Virizion\n|-boost|p2a: Virizion|atk|2\n|move|p1a: Staraptor|Brave Bird|p2a: Virizion\n|-supereffective|p2a: Virizion\n|-damage|p2a: Virizion|0 fnt\n|faint|p2a: Virizion\n|-damage|p1a: Staraptor|0 fnt|[from] Recoil\n|faint|p1a: Staraptor\n|\n|upkeep\n|inactive|Time left: 300 sec this turn | 300 sec total | 5 sec grace\n|\n|t:|1783553260\n|switch|p2a: Excadrill|Excadrill, L79, M|303/303\n|switch|p1a: Ursaring|Ursaring, L84, M|100/100\n|-ability|p2a: Excadrill|Mold Breaker\n|turn|14\n|inactive|Time left: 300 sec this turn | 300 sec total\n|\n|t:|1783553261\n|-terastallize|p2a: Excadrill|Water\n|move|p2a: Excadrill|Swords Dance|p2a: Excadrill\n|-boost|p2a: Excadrill|atk|2\n|move|p1a: Ursaring|Body Slam|p2a: Excadrill\n|-damage|p2a: Excadrill|140/303\n|\n|-heal|p2a: Excadrill|158/303|[from] item: Leftovers\n|upkeep\n|turn|15\n|inactive|Time left: 300 sec this turn | 300 sec total\n|\n|t:|1783553262\n|move|p2a: Excadrill|Earthquake|p1a: Ursaring\n|-damage|p1a: Ursaring|38/100\n|move|p1a: Ursaring|Body Slam|p2a: Excadrill\n|-damage|p2a: Excadrill|0 fnt\n|faint|p2a: Excadrill\n|\n|upkeep\n|inactive|Time left: 300 sec this turn | 300 sec total | 5 sec grace\n|\n|t:|1783553263\n|switch|p2a: Magmortar|Magmortar, L88, F|156/275\n|turn|16\n|inactive|Time left: 300 sec this turn | 300 sec total\n|\n|t:|1783553264\n|move|p2a: Magmortar|Fire Blast|p1a: Ursaring|[miss]\n|-miss|p2a: Magmortar|p1a: Ursaring\n|move|p1a: Ursaring|Rest|p1a: Ursaring\n|-status|p1a: Ursaring|slp|[from] move: Rest\n|-heal|p1a: Ursaring|100/100 slp|[silent]\n|\n|upkeep\n|turn|17\n|inactive|Time left: 300 sec this turn | 300 sec total\n|\n|t:|1783553265\n|move|p2a: Magmortar|Focus Blast|p1a: Ursaring\n|-supereffective|p1a: Ursaring\n|-damage|p1a: Ursaring|37/100 slp\n|cant|p1a: Ursaring|slp\n|move|p1a: Ursaring|Sleep Talk|p1a: Ursaring\n|move|p1a: Ursaring|Body Slam|p2a: Magmortar|[from] move: Sleep Talk\n|-damage|p2a: Magmortar|0 fnt\n|faint|p2a: Magmortar\n|\n|upkeep\n|inactive|Time left: 300 sec this turn | 300 sec total | 5 sec grace\n|\n|t:|1783553265\n|switch|p2a: Lapras|Lapras, L87, M|78/367\n|turn|18\n|inactive|Time left: 300 sec this turn | 300 sec total\n|\n|t:|1783553266\n|move|p2a: Lapras|Hydro Pump|p1a: Ursaring\n|-damage|p1a: Ursaring|0 fnt\n|faint|p1a: Ursaring\n|\n|win|p0y12202e53", "uploadtime": 1783553266, "views": 0, "rating": 0, "private": 0, "password": null, "_winner": "p0y12202e53", "_our_name": "p0y12202e53"}