{"id": "battle-gen9randombattle-1613", "formatid": "gen9randombattle", "format": "[Gen 9] Random Battle", "players": ["p0x16130793", "p0y16131eda"], "log": "|init|battle\n|title|p0x16130793 vs. p0y16131eda\n|j|\u2606p0x16130793\n|j|\u2606p0y16131eda\n|t:|1783558651\n|gametype|singles\n|player|p1|p0x16130793|170|\n|player|p2|p0y16131eda|1|\n|gen|9\n|tier|[Gen 9] Random Battle\n|rule|Species Clause: Limit one of each Pok\u00e9mon\n|rule|HP Percentage Mod: HP is shown in percentages\n|rule|Sleep Clause Mod: Limit one foe put to sleep\n|rule|Illusion Level Mod: Illusion disguises the Pok\u00e9mon's true level\n|\n|t:|1783558651\n|teamsize|p1|6\n|teamsize|p2|6\n|start\n|switch|p1a: Basculin|Basculin-Blue-Striped, L86, F|261/261\n|switch|p2a: Malamar|Malamar, L82, F|100/100\n|turn|1\n|inactive|Battle timer is ON: inactive players will automatically lose when time's up. (requested by p0x16130793)\n|inactive|p0y16131eda also wants the timer to be on.\n|\n|t:|1783558653\n|move|p1a: Basculin|Wave Crash|p2a: Malamar\n|-damage|p2a: Malamar|0 fnt\n|faint|p2a: Malamar\n|-damage|p1a: Basculin|170/261|[from] Recoil\n|\n|upkeep\n|\n|t:|1783558654\n|switch|p2a: Giratina|Giratina, L75|100/100\n|-ability|p2a: Giratina|Pressure\n|turn|2\n|inactive|Time left: 300 sec this turn | 300 sec total\n|\n|t:|1783558655\n|move|p1a: Basculin|Wave Crash|p2a: Giratina\n|-resisted|p2a: Giratina\n|-damage|p2a: Giratina|69/100\n|-damage|p1a: Basculin|133/261|[from] Recoil\n|move|p2a: Giratina|Will-O-Wisp|p1a: Basculin\n|-status|p1a: Basculin|brn\n|\n|-heal|p2a: Giratina|75/100|[from] item: Leftovers\n|-damage|p1a: Basculin|117/261 brn|[from] brn\n|upkeep\n|turn|3\n|inactive|Time left: 300 sec this turn | 300 sec total\n|\n|t:|1783558656\n|move|p1a: Basculin|Wave Crash|p2a: Giratina\n|-resisted|p2a: Giratina\n|-damage|p2a: Giratina|60/100\n|-damage|p1a: Basculin|100/261 brn|[from] Recoil\n|move|p2a: Giratina|Shadow Ball|p1a: Basculin\n|-damage|p1a: Basculin|6/261 brn\n|\n|-heal|p2a: Giratina|66/100|[from] item: Leftovers\n|-damage|p1a: Basculin|0 fnt|[from] brn\n|faint|p1a: Basculin\n|upkeep\n|inactive|Time left: 300 sec this turn | 300 sec total | 5 sec grace\n|\n|t:|1783558657\n|switch|p1a: Miraidon|Miraidon, L65|238/238\n|-fieldstart|move: Electric Terrain|[from] ability: Hadron Engine|[of] p1a: Miraidon\n|turn|4\n|inactive|Time left: 300 sec this turn | 300 sec total\n|\n|t:|1783558658\n|move|p1a: Miraidon|Draco Meteor|p2a: Giratina\n|-supereffective|p2a: Giratina\n|-damage|p2a: Giratina|0 fnt\n|-unboost|p1a: Miraidon|spa|2\n|faint|p2a: Giratina\n|\n|upkeep\n|\n|t:|1783558659\n|switch|p2a: Camerupt|Camerupt, L91, F|100/100\n|turn|5\n|inactive|Time left: 300 sec this turn | 300 sec total\n|\n|t:|1783558660\n|switch|p1a: Hitmonchan|Hitmonchan, L87, M|229/229\n|move|p2a: Camerupt|Earthquake|p1a: Hitmonchan\n|-damage|p1a: Hitmonchan|84/229\n|\n|-heal|p1a: Hitmonchan|98/229|[from] item: Leftovers\n|upkeep\n|turn|6\n|inactive|Time left: 300 sec this turn | 300 sec total\n|\n|t:|1783558661\n|move|p1a: Hitmonchan|Drain Punch|p2a: Camerupt\n|-damage|p2a: Camerupt|54/100\n|-heal|p1a: Hitmonchan|162/229|[from] drain|[of] p2a: Camerupt\n|move|p2a: Camerupt|Earthquake|p1a: Hitmonchan\n|-damage|p1a: Hitmonchan|33/229\n|\n|-heal|p1a: Hitmonchan|47/229|[from] item: Leftovers\n|-heal|p2a: Camerupt|60/100|[from] item: Leftovers\n|upkeep\n|turn|7\n|inactive|Time left: 300 sec this turn | 300 sec total\n|\n|t:|1783558662\n|move|p1a: Hitmonchan|Drain Punch|p2a: Camerupt\n|-damage|p2a: Camerupt|21/100\n|-heal|p1a: Hitmonchan|101/229|[from] drain|[of] p2a: Camerupt\n|move|p2a: Camerupt|Earthquake|p1a: Hitmonchan\n|-crit|p1a: Hitmonchan\n|-damage|p1a: Hitmonchan|0 fnt\n|faint|p1a: Hitmonchan\n|\n|-heal|p2a: Camerupt|27/100|[from] item: Leftovers\n|upkeep\n|inactive|Time left: 300 sec this turn | 300 sec total | 5 sec grace\n|\n|t:|1783558663\n|switch|p1a: Toxicroak|Toxicroak, L84, M|277/277\n|turn|8\n|inactive|Time left: 300 sec this turn | 300 sec total\n|\n|t:|1783558664\n|switch|p2a: Granbull|Granbull, L88, M|100/100\n|-ability|p2a: Granbull|Intimidate|boost\n|-unboost|p1a: Toxicroak|atk|1\n|move|p1a: Toxicroak|Knock Off|p2a: Granbull\n|-resisted|p2a: Granbull\n|-damage|p2a: Granbull|89/100\n|-enditem|p2a: Granbull|Leftovers|[from] move: Knock Off|[of] p1a: Toxicroak\n|\n|-fieldend|move: Electric Terrain\n|upkeep\n|turn|9\n|inactive|Time left: 300 sec this turn | 300 sec total\n|\n|t:|1783558665\n|switch|p1a: Sandslash|Sandslash, L89, M|278/278\n|move|p2a: Granbull|Play Rough|p1a: Sandslash\n|-damage|p1a: Sandslash|187/278\n|-unboost|p1a: Sandslash|atk|1\n|\n|-heal|p1a: Sandslash|204/278|[from] item: Leftovers\n|upkeep\n|turn|10\n|inactive|Time left: 300 sec this turn | 300 sec total\n|\n|t:|1783558666\n|move|p1a: Sandslash|Earthquake|p2a: Granbull\n|-damage|p2a: Granbull|59/100\n|move|p2a: Granbull|Play Rough|p1a: Sandslash\n|-damage|p1a: Sandslash|102/278\n|\n|-heal|p1a: Sandslash|119/278|[from] item: Leftovers\n|upkeep\n|turn|11\n|inactive|Time left: 300 sec this turn | 300 sec total\n|\n|t:|1783558667\n|move|p1a: Sandslash|Earthquake|p2a: Granbull\n|-damage|p2a: Granbull|33/100\n|move|p2a: Granbull|Play Rough|p1a: Sandslash\n|-damage|p1a: Sandslash|13/278\n|\n|-heal|p1a: Sandslash|30/278|[from] item: Leftovers\n|upkeep\n|turn|12\n|inactive|Time left: 300 sec this turn | 300 sec total\n|\n|t:|1783558668\n|move|p1a: Sandslash|Earthquake|p2a: Granbull\n|-damage|p2a: Granbull|2/100\n|move|p2a: Granbull|Play Rough|p1a: Sandslash\n|-damage|p1a: Sandslash|0 fnt\n|faint|p1a: Sandslash\n|\n|upkeep\n|inactive|Time left: 300 sec this turn | 300 sec total | 5 sec grace\n|\n|t:|1783558669\n|switch|p1a: Toxicroak|Toxicroak, L84, M|277/277\n|turn|13\n|inactive|Time left: 300 sec this turn | 300 sec total\n|\n|t:|1783558670\n|move|p1a: Toxicroak|Knock Off|p2a: Granbull\n|-resisted|p2a: Granbull\n|-damage|p2a: Granbull|0 fnt\n|faint|p2a: Granbull\n|\n|upkeep\n|\n|t:|1783558671\n|switch|p2a: Altaria|Altaria, L89, M|100/100\n|turn|14\n|inactive|Time left: 300 sec this turn | 300 sec total\n|\n|t:|1783558672\n|-terastallize|p1a: Toxicroak|Dark\n|move|p2a: Altaria|Brave Bird|p1a: Toxicroak\n|-crit|p1a: Toxicroak\n|-damage|p1a: Toxicroak|87/277\n|-damage|p2a: Altaria|78/100|[from] Recoil\n|move|p1a: Toxicroak|Knock Off|p2a: Altaria\n|-damage|p2a: Altaria|22/100\n|-enditem|p2a: Altaria|Heavy-Duty Boots|[from] move: Knock Off|[of] p1a: Toxicroak\n|\n|upkeep\n|turn|15\n|inactive|Time left: 300 sec this turn | 300 sec total\n|\n|t:|1783558674\n|move|p2a: Altaria|Roost|p2a: Altaria\n|-heal|p2a: Altaria|72/100\n|-singleturn|p2a: Altaria|move: Roost\n|move|p1a: Toxicroak|Knock Off|p2a: Altaria\n|-damage|p2a: Altaria|36/100\n|\n|upkeep\n|turn|16\n|inactive|Time left: 300 sec this turn | 300 sec total\n|\n|t:|1783558675\n|switch|p1a: Miraidon|Miraidon, L65|238/238\n|-fieldstart|move: Electric Terrain|[from] ability: Hadron Engine|[of] p1a: Miraidon\n|move|p2a: Altaria|Roost|p2a: Altaria\n|-heal|p2a: Altaria|86/100\n|-singleturn|p2a: Altaria|move: Roost\n|\n|upkeep\n|turn|17\n|inactive|Time left: 300 sec this turn | 300 sec total\n|\n|t:|1783558676\n|switch|p2a: Chansey|Chansey, L85, F|100/100\n|move|p1a: Miraidon|Draco Meteor|p2a: Chansey\n|-damage|p2a: Chansey|77/100\n|-unboost|p1a: Miraidon|spa|2\n|\n|upkeep\n|turn|18\n|inactive|Time left: 300 sec this turn | 300 sec total\n|\n|t:|1783558677\n|switch|p1a: Toxicroak|Toxicroak, L84, M, tera:Dark|87/277\n|move|p2a: Chansey|Seismic Toss|p1a: Toxicroak\n|-damage|p1a: Toxicroak|2/277\n|\n|upkeep\n|turn|19\n|inactive|Time left: 300 sec this turn | 300 sec total\n|\n|t:|1783558678\n|switch|p2a: Altaria|Altaria, L89, M|86/100\n|move|p1a: Toxicroak|Gunk Shot|p2a: Altaria\n|-damage|p2a: Altaria|19/100\n|-status|p2a: Altaria|psn\n|\n|-damage|p2a: Altaria|7/100 psn|[from] psn\n|upkeep\n|turn|20\n|inactive|Time left: 300 sec this turn | 300 sec total\n|\n|t:|1783558679\n|move|p2a: Altaria|Brave Bird|p1a: Toxicroak\n|-damage|p1a: Toxicroak|0 fnt\n|faint|p1a: Toxicroak\n|-damage|p2a: Altaria|6/100 psn|[from] Recoil\n|\n|-damage|p2a: Altaria|0 fnt|[from] psn\n|faint|p2a: Altaria\n|-fieldend|move: Electric Terrain\n|upkeep\n|inactive|Time left: 300 sec this turn | 300 sec total | 5 sec grace\n|\n|t:|1783558680\n|switch|p2a: Chansey|Chansey, L85, F|77/100\n|switch|p1a: Trevenant|Trevenant, L89, M|296/296\n|turn|21\n|inactive|Time left: 300 sec this turn | 300 sec total\n|\n|t:|1783558681\n|move|p1a: Trevenant|Drain Punch|p2a: Chansey\n|-supereffective|p2a: Chansey\n|-damage|p2a: Chansey|24/100\n|move|p2a: Chansey|Soft-Boiled|p2a: Chansey\n|-heal|p2a: Chansey|74/100\n|\n|upkeep\n|turn|22\n|inactive|Time left: 300 sec this turn | 300 sec total\n|\n|t:|1783558682\n|move|p1a: Trevenant|Drain Punch|p2a: Chansey\n|-supereffective|p2a: Chansey\n|-damage|p2a: Chansey|16/100\n|move|p2a: Chansey|Soft-Boiled|p2a: Chansey\n|-heal|p2a: Chansey|66/100\n|\n|upkeep\n|turn|23\n|inactive|Time left: 300 sec this turn | 300 sec total\n|\n|t:|1783558683\n|move|p1a: Trevenant|Drain Punch|p2a: Chansey\n|-supereffective|p2a: Chansey\n|-damage|p2a: Chansey|11/100\n|move|p2a: Chansey|Soft-Boiled|p2a: Chansey\n|-heal|p2a: Chansey|61/100\n|\n|upkeep\n|turn|24\n|inactive|Time left: 300 sec this turn | 300 sec total\n|\n|t:|1783558684\n|-terastallize|p2a: Chansey|Fairy\n|move|p1a: Trevenant|Drain Punch|p2a: Chansey\n|-resisted|p2a: Chansey\n|-damage|p2a: Chansey|47/100\n|move|p2a: Chansey|Soft-Boiled|p2a: Chansey\n|-heal|p2a: Chansey|97/100\n|\n|upkeep\n|turn|25\n|inactive|Time left: 300 sec this turn | 300 sec total\n|\n|t:|1783558685\n|move|p1a: Trevenant|Poltergeist|p2a: Chansey\n|-activate|p2a: Chansey|move: Poltergeist|Eviolite\n|-damage|p2a: Chansey|39/100\n|move|p2a: Chansey|Soft-Boiled|p2a: Chansey\n|-heal|p2a: Chansey|89/100\n|\n|upkeep\n|turn|26\n|inactive|Time left: 300 sec this turn | 300 sec total\n|\n|t:|1783558686\n|move|p1a: Trevenant|Poltergeist|p2a: Chansey\n|-activate|p2a: Chansey|move: Poltergeist|Eviolite\n|-damage|p2a: Chansey|31/100\n|move|p2a: Chansey|Thunder Wave|p1a: Trevenant\n|-status|p1a: Trevenant|par\n|\n|upkeep\n|turn|27\n|inactive|Time left: 300 sec this turn | 300 sec total\n|\n|t:|1783558687\n|move|p2a: Chansey|Soft-Boiled|p2a: Chansey\n|-heal|p2a: Chansey|81/100\n|move|p1a: Trevenant|Poltergeist|p2a: Chansey\n|-activate|p2a: Chansey|move: Poltergeist|Eviolite\n|-damage|p2a: Chansey|25/100\n|\n|upkeep\n|turn|28\n|inactive|Time left: 300 sec this turn | 300 sec total\n|\n|t:|1783558688\n|move|p2a: Chansey|Soft-Boiled|p2a: Chansey\n|-heal|p2a: Chansey|75/100\n|cant|p1a: Trevenant|par\n|\n|upkeep\n|turn|29\n|inactive|Time left: 300 sec this turn | 300 sec total\n|\n|t:|1783558689\n|move|p2a: Chansey|Soft-Boiled|p2a: Chansey\n|-heal|p2a: Chansey|100/100\n|move|p1a: Trevenant|Poltergeist|p2a: Chansey\n|-activate|p2a: Chansey|move: Poltergeist|Eviolite\n|-damage|p2a: Chansey|46/100\n|\n|upkeep\n|turn|30\n|inactive|Time left: 300 sec this turn | 300 sec total\n|\n|t:|1783558690\n|switch|p2a: Camerupt|Camerupt, L91, F|27/100\n|move|p1a: Trevenant|Poltergeist|p2a: Camerupt\n|-activate|p2a: Camerupt|move: Poltergeist|Leftovers\n|-damage|p2a: Camerupt|0 fnt\n|faint|p2a: Camerupt\n|\n|upkeep\n|\n|t:|1783558690\n|switch|p2a: Chansey|Chansey, L85, F, tera:Fairy|46/100\n|turn|31\n|inactive|Time left: 300 sec this turn | 300 sec total\n|\n|t:|1783558691\n|move|p2a: Chansey|Seismic Toss|p1a: Trevenant\n|-immune|p1a: Trevenant\n|cant|p1a: Trevenant|par\n|\n|upkeep\n|turn|32\n|inactive|Time left: 300 sec this turn | 300 sec total\n|\n|t:|1783558692\n|move|p2a: Chansey|Heal Bell||[still]\n|-activate|p2a: Chansey|move: Heal Bell\n|-fail|p2a: Chansey\n|move|p1a: Trevenant|Poltergeist|p2a: Chansey\n|-activate|p2a: Chansey|move: Poltergeist|Eviolite\n|-damage|p2a: Chansey|0 fnt\n|faint|p2a: Chansey\n|\n|win|p0x16130793", "uploadtime": 1783558692, "views": 0, "rating": 0, "private": 0, "password": null, "_winner": "p0x16130793", "_our_name": "p0x16130793"}