{"id": "battle-gen9randombattle-2779", "formatid": "gen9randombattle", "format": "[Gen 9] Random Battle", "players": ["p0x2779e5ab", "p0y2779240c"], "log": "|init|battle\n|title|p0x2779e5ab vs. p0y2779240c\n|j|\u2606p0x2779e5ab\n|j|\u2606p0y2779240c\n|t:|1783572020\n|gametype|singles\n|player|p1|p0x2779e5ab|265|\n|player|p2|p0y2779240c|1|\n|gen|9\n|tier|[Gen 9] Random Battle\n|rule|Species Clause: Limit one of each Pok\u00e9mon\n|rule|HP Percentage Mod: HP is shown in percentages\n|rule|Sleep Clause Mod: Limit one foe put to sleep\n|rule|Illusion Level Mod: Illusion disguises the Pok\u00e9mon's true level\n|\n|t:|1783572020\n|teamsize|p1|6\n|teamsize|p2|6\n|start\n|switch|p1a: Mimikyu|Mimikyu, L79, F|216/216\n|switch|p2a: Clodsire|Clodsire, L81, F|100/100\n|turn|1\n|inactive|Battle timer is ON: inactive players will automatically lose when time's up. (requested by p0y2779240c)\n|inactive|Time left: 300 sec this turn | 300 sec total | 60 sec grace\n|inactive|p0x2779e5ab also wants the timer to be on.\n|\n|t:|1783572022\n|move|p1a: Mimikyu|Swords Dance|p1a: Mimikyu\n|-boost|p1a: Mimikyu|atk|2\n|move|p2a: Clodsire|Earthquake|p1a: Mimikyu\n|-activate|p1a: Mimikyu|ability: Disguise\n|-damage|p1a: Mimikyu|216/216\n|detailschange|p1a: Mimikyu|Mimikyu-Busted, L79, F\n|-damage|p1a: Mimikyu|189/216|[from] pokemon: Mimikyu-Busted\n|\n|upkeep\n|turn|2\n|inactive|Time left: 300 sec this turn | 300 sec total\n|\n|t:|1783572022\n|move|p1a: Mimikyu|Swords Dance|p1a: Mimikyu\n|-boost|p1a: Mimikyu|atk|2\n|move|p2a: Clodsire|Gunk Shot|p1a: Mimikyu\n|-damage|p1a: Mimikyu|77/216\n|\n|upkeep\n|turn|3\n|inactive|Time left: 300 sec this turn | 300 sec total\n|\n|t:|1783572023\n|-terastallize|p1a: Mimikyu|Fighting\n|move|p1a: Mimikyu|Drain Punch|p2a: Clodsire\n|-resisted|p2a: Clodsire\n|-damage|p2a: Clodsire|46/100\n|-heal|p1a: Mimikyu|170/216|[from] drain|[of] p2a: Clodsire\n|-damage|p1a: Mimikyu|149/216|[from] item: Life Orb\n|move|p2a: Clodsire|Earthquake|p1a: Mimikyu\n|-damage|p1a: Mimikyu|55/216\n|\n|-heal|p2a: Clodsire|52/100|[from] item: Leftovers\n|upkeep\n|turn|4\n|inactive|Time left: 300 sec this turn | 300 sec total\n|\n|t:|1783572024\n|move|p1a: Mimikyu|Drain Punch|p2a: Clodsire\n|-resisted|p2a: Clodsire\n|-damage|p2a: Clodsire|3/100\n|-heal|p1a: Mimikyu|139/216|[from] drain|[of] p2a: Clodsire\n|-damage|p1a: Mimikyu|118/216|[from] item: Life Orb\n|move|p2a: Clodsire|Gunk Shot|p1a: Mimikyu|[miss]\n|-miss|p2a: Clodsire|p1a: Mimikyu\n|\n|-heal|p2a: Clodsire|10/100|[from] item: Leftovers\n|upkeep\n|turn|5\n|inactive|Time left: 300 sec this turn | 300 sec total\n|\n|t:|1783572025\n|move|p1a: Mimikyu|Drain Punch|p2a: Clodsire\n|-resisted|p2a: Clodsire\n|-damage|p2a: Clodsire|0 fnt\n|-heal|p1a: Mimikyu|134/216|[from] drain|[of] p2a: Clodsire\n|faint|p2a: Clodsire\n|-damage|p1a: Mimikyu|113/216|[from] item: Life Orb\n|\n|upkeep\n|\n|t:|1783572026\n|switch|p2a: Indeedee|Indeedee, L84, M|100/100\n|-fieldstart|move: Psychic Terrain|[from] ability: Psychic Surge|[of] p2a: Indeedee\n|turn|6\n|inactive|Time left: 300 sec this turn | 300 sec total\n|\n|t:|1783572027\n|move|p2a: Indeedee|Expanding Force|p1a: Mimikyu\n|-supereffective|p1a: Mimikyu\n|-damage|p1a: Mimikyu|0 fnt\n|faint|p1a: Mimikyu\n|\n|upkeep\n|inactive|Time left: 300 sec this turn | 300 sec total | 5 sec grace\n|\n|t:|1783572028\n|switch|p1a: Leavanny|Leavanny, L86, F|269/269\n|turn|7\n|inactive|Time left: 300 sec this turn | 300 sec total\n|\n|t:|1783572029\n|move|p2a: Indeedee|Expanding Force|p1a: Leavanny\n|-damage|p1a: Leavanny|94/269\n|move|p1a: Leavanny|Lunge|p2a: Indeedee\n|-supereffective|p2a: Indeedee\n|-damage|p2a: Indeedee|0 fnt\n|faint|p2a: Indeedee\n|\n|upkeep\n|\n|t:|1783572030\n|switch|p2a: Kingambit|Kingambit, L74, M|100/100\n|-activate|p2a: Kingambit|ability: Supreme Overlord\n|-start|p2a: Kingambit|fallen2|[silent]\n|turn|8\n|inactive|Time left: 300 sec this turn | 300 sec total\n|\n|t:|1783572032\n|move|p1a: Leavanny|Sticky Web|p2a: Kingambit\n|-sidestart|p2: p0y2779240c|move: Sticky Web\n|move|p2a: Kingambit|Swords Dance|p2a: Kingambit\n|-boost|p2a: Kingambit|atk|2\n|\n|upkeep\n|turn|9\n|inactive|Time left: 300 sec this turn | 300 sec total\n|\n|t:|1783572033\n|switch|p1a: Blaziken|Blaziken, L76, F|247/247\n|move|p2a: Kingambit|Kowtow Cleave|p1a: Blaziken\n|-resisted|p1a: Blaziken\n|-damage|p1a: Blaziken|100/247\n|\n|upkeep\n|turn|10\n|inactive|Time left: 300 sec this turn | 300 sec total\n|\n|t:|1783572034\n|-end|p2a: Kingambit|fallen2|[silent]\n|switch|p2a: Moltres|Moltres-Galar, L79|100/100\n|move|p1a: Blaziken|Flare Blitz|p2a: Moltres\n|-damage|p2a: Moltres|40/100\n|-damage|p1a: Blaziken|46/247|[from] Recoil\n|-ability|p2a: Moltres|Berserk|boost\n|-boost|p2a: Moltres|spa|1\n|-damage|p1a: Blaziken|22/247|[from] item: Life Orb\n|\n|-fieldend|move: Psychic Terrain\n|-ability|p1a: Blaziken|Speed Boost|boost\n|-boost|p1a: Blaziken|spe|1\n|upkeep\n|turn|11\n|inactive|Time left: 300 sec this turn | 300 sec total\n|\n|t:|1783572035\n|move|p1a: Blaziken|Flare Blitz|p2a: Moltres\n|-damage|p2a: Moltres|0 fnt\n|faint|p2a: Moltres\n|-damage|p1a: Blaziken|0 fnt|[from] Recoil\n|faint|p1a: Blaziken\n|\n|upkeep\n|inactive|Time left: 300 sec this turn | 300 sec total | 5 sec grace\n|\n|t:|1783572036\n|switch|p2a: Vigoroth|Vigoroth, L85, M|100/100\n|switch|p1a: Thundurus|Thundurus, L80, M|258/258\n|-activate|p2a: Vigoroth|move: Sticky Web\n|-unboost|p2a: Vigoroth|spe|1\n|turn|12\n|inactive|Time left: 300 sec this turn | 300 sec total\n|\n|t:|1783572037\n|move|p1a: Thundurus|Thunderbolt|p2a: Vigoroth\n|-damage|p2a: Vigoroth|67/100\n|move|p2a: Vigoroth|Body Slam|p1a: Thundurus\n|-damage|p1a: Thundurus|150/258\n|\n|upkeep\n|turn|13\n|inactive|Time left: 300 sec this turn | 300 sec total\n|\n|t:|1783572039\n|move|p1a: Thundurus|Thunderbolt|p2a: Vigoroth\n|-damage|p2a: Vigoroth|29/100\n|move|p2a: Vigoroth|Body Slam|p1a: Thundurus\n|-damage|p1a: Thundurus|45/258\n|\n|upkeep\n|turn|14\n|inactive|Time left: 300 sec this turn | 300 sec total\n|\n|t:|1783572041\n|move|p1a: Thundurus|Thunderbolt|p2a: Vigoroth\n|-damage|p2a: Vigoroth|0 fnt\n|faint|p2a: Vigoroth\n|\n|upkeep\n|\n|t:|1783572042\n|switch|p2a: Kingambit|Kingambit, L74, M|100/100\n|-activate|p2a: Kingambit|move: Sticky Web\n|-unboost|p2a: Kingambit|spe|1\n|-activate|p2a: Kingambit|ability: Supreme Overlord\n|-start|p2a: Kingambit|fallen4|[silent]\n|turn|15\n|inactive|Time left: 300 sec this turn | 300 sec total\n|\n|t:|1783572043\n|move|p2a: Kingambit|Sucker Punch|p1a: Thundurus\n|-damage|p1a: Thundurus|0 fnt\n|faint|p1a: Thundurus\n|\n|upkeep\n|inactive|Time left: 300 sec this turn | 300 sec total | 5 sec grace\n|\n|t:|1783572044\n|switch|p1a: Regigigas|Regigigas, L84|322/322\n|-start|p1a: Regigigas|ability: Slow Start\n|turn|16\n|inactive|Time left: 300 sec this turn | 300 sec total\n|\n|t:|1783572045\n|move|p1a: Regigigas|Substitute|p1a: Regigigas\n|-start|p1a: Regigigas|Substitute\n|-damage|p1a: Regigigas|242/322\n|move|p2a: Kingambit|Swords Dance|p2a: Kingambit\n|-boost|p2a: Kingambit|atk|2\n|\n|-heal|p1a: Regigigas|262/322|[from] item: Leftovers\n|upkeep\n|turn|17\n|inactive|Time left: 300 sec this turn | 300 sec total\n|\n|t:|1783572046\n|move|p1a: Regigigas|Protect|p1a: Regigigas\n|-singleturn|p1a: Regigigas|Protect\n|move|p2a: Kingambit|Iron Head|p1a: Regigigas\n|-activate|p1a: Regigigas|move: Protect\n|\n|-heal|p1a: Regigigas|282/322|[from] item: Leftovers\n|upkeep\n|turn|18\n|inactive|Time left: 300 sec this turn | 300 sec total\n|\n|t:|1783572046\n|move|p1a: Regigigas|Protect||[still]\n|-fail|p1a: Regigigas\n|move|p2a: Kingambit|Kowtow Cleave|p1a: Regigigas\n|-end|p1a: Regigigas|Substitute\n|\n|-heal|p1a: Regigigas|302/322|[from] item: Leftovers\n|upkeep\n|turn|19\n|inactive|Time left: 300 sec this turn | 300 sec total\n|\n|t:|1783572047\n|move|p1a: Regigigas|Substitute|p1a: Regigigas\n|-start|p1a: Regigigas|Substitute\n|-damage|p1a: Regigigas|222/322\n|move|p2a: Kingambit|Kowtow Cleave|p1a: Regigigas\n|-end|p1a: Regigigas|Substitute\n|\n|-heal|p1a: Regigigas|242/322|[from] item: Leftovers\n|upkeep\n|turn|20\n|inactive|Time left: 300 sec this turn | 300 sec total\n|\n|t:|1783572048\n|move|p1a: Regigigas|Protect|p1a: Regigigas\n|-singleturn|p1a: Regigigas|Protect\n|move|p2a: Kingambit|Iron Head|p1a: Regigigas\n|-activate|p1a: Regigigas|move: Protect\n|\n|-heal|p1a: Regigigas|262/322|[from] item: Leftovers\n|-end|p1a: Regigigas|Slow Start\n|upkeep\n|turn|21\n|inactive|Time left: 300 sec this turn | 300 sec total\n|\n|t:|1783572049\n|move|p1a: Regigigas|Substitute|p1a: Regigigas\n|-start|p1a: Regigigas|Substitute\n|-damage|p1a: Regigigas|182/322\n|move|p2a: Kingambit|Kowtow Cleave|p1a: Regigigas\n|-end|p1a: Regigigas|Substitute\n|\n|-heal|p1a: Regigigas|202/322|[from] item: Leftovers\n|upkeep\n|turn|22\n|inactive|Time left: 300 sec this turn | 300 sec total\n|\n|t:|1783572050\n|move|p1a: Regigigas|Substitute|p1a: Regigigas\n|-start|p1a: Regigigas|Substitute\n|-damage|p1a: Regigigas|122/322\n|move|p2a: Kingambit|Kowtow Cleave|p1a: Regigigas\n|-end|p1a: Regigigas|Substitute\n|\n|-heal|p1a: Regigigas|142/322|[from] item: Leftovers\n|upkeep\n|turn|23\n|inactive|Time left: 300 sec this turn | 300 sec total\n|\n|t:|1783572051\n|move|p1a: Regigigas|Protect|p1a: Regigigas\n|-singleturn|p1a: Regigigas|Protect\n|move|p2a: Kingambit|Iron Head|p1a: Regigigas\n|-activate|p1a: Regigigas|move: Protect\n|\n|-heal|p1a: Regigigas|162/322|[from] item: Leftovers\n|upkeep\n|turn|24\n|inactive|Time left: 300 sec this turn | 300 sec total\n|\n|t:|1783572052\n|move|p1a: Regigigas|Substitute|p1a: Regigigas\n|-start|p1a: Regigigas|Substitute\n|-damage|p1a: Regigigas|82/322\n|move|p2a: Kingambit|Kowtow Cleave|p1a: Regigigas\n|-end|p1a: Regigigas|Substitute\n|\n|-heal|p1a: Regigigas|102/322|[from] item: Leftovers\n|upkeep\n|turn|25\n|inactive|Time left: 300 sec this turn | 300 sec total\n|\n|t:|1783572053\n|move|p1a: Regigigas|Substitute|p1a: Regigigas\n|-start|p1a: Regigigas|Substitute\n|-damage|p1a: Regigigas|22/322\n|move|p2a: Kingambit|Kowtow Cleave|p1a: Regigigas\n|-end|p1a: Regigigas|Substitute\n|\n|-heal|p1a: Regigigas|42/322|[from] item: Leftovers\n|upkeep\n|turn|26\n|inactive|Time left: 300 sec this turn | 300 sec total\n|\n|t:|1783572054\n|move|p1a: Regigigas|Protect|p1a: Regigigas\n|-singleturn|p1a: Regigigas|Protect\n|move|p2a: Kingambit|Kowtow Cleave|p1a: Regigigas\n|-activate|p1a: Regigigas|move: Protect\n|\n|-heal|p1a: Regigigas|62/322|[from] item: Leftovers\n|upkeep\n|turn|27\n|inactive|Time left: 300 sec this turn | 300 sec total\n|\n|t:|1783572055\n|move|p1a: Regigigas|Body Slam|p2a: Kingambit\n|-resisted|p2a: Kingambit\n|-crit|p2a: Kingambit\n|-damage|p2a: Kingambit|65/100\n|-status|p2a: Kingambit|par\n|move|p2a: Kingambit|Kowtow Cleave|p1a: Regigigas\n|-damage|p1a: Regigigas|0 fnt\n|faint|p1a: Regigigas\n|-end|p1a: Regigigas|Slow Start|[silent]\n|\n|-heal|p2a: Kingambit|70/100 par|[from] item: Leftovers\n|upkeep\n|inactive|Time left: 300 sec this turn | 300 sec total | 5 sec grace\n|\n|t:|1783572056\n|switch|p1a: Leavanny|Leavanny, L86, F|94/269\n|turn|28\n|inactive|Time left: 300 sec this turn | 300 sec total\n|\n|t:|1783572057\n|move|p1a: Leavanny|Lunge|p2a: Kingambit\n|-damage|p2a: Kingambit|40/100 par\n|-unboost|p2a: Kingambit|atk|1\n|move|p2a: Kingambit|Kowtow Cleave|p1a: Leavanny\n|-damage|p1a: Leavanny|0 fnt\n|faint|p1a: Leavanny\n|\n|-heal|p2a: Kingambit|46/100 par|[from] item: Leftovers\n|upkeep\n|inactive|Time left: 300 sec this turn | 300 sec total | 5 sec grace\n|\n|t:|1783572058\n|switch|p1a: Cramorant|Cramorant, L86, F|261/261\n|turn|29\n|inactive|Time left: 300 sec this turn | 300 sec total\n|\n|t:|1783572058\n|-terastallize|p2a: Kingambit|Dark\n|move|p1a: Cramorant|Surf|p2a: Kingambit\n|-formechange|p1a: Cramorant|Cramorant-Gulping|\n|-damage|p2a: Kingambit|5/100 par\n|move|p2a: Kingambit|Kowtow Cleave|p1a: Cramorant\n|-damage|p1a: Cramorant|0 fnt\n|-damage|p2a: Kingambit|0 fnt|[from] ability: Gulp Missile|[of] p1a: Cramorant\n|-formechange|p1a: Cramorant|Cramorant|\n|faint|p1a: Cramorant\n|faint|p2a: Kingambit\n|-end|p2a: Kingambit|fallen4|[silent]\n|\n|win|p0y2779240c", "uploadtime": 1783572058, "views": 0, "rating": 0, "private": 0, "password": null, "_winner": "p0y2779240c", "_our_name": "p0x2779e5ab"}