{"id": "battle-gen9randombattle-358", "formatid": "gen9randombattle", "format": "[Gen 9] Random Battle", "players": ["p0x3585bbf", "p0y3588de9"], "log": "|init|battle\n|title|p0x3585bbf vs. p0y3588de9\n|j|\u2606p0x3585bbf\n|j|\u2606p0y3588de9\n|t:|1783543288\n|gametype|singles\n|player|p1|p0x3585bbf|169|\n|player|p2|p0y3588de9|102|\n|gen|9\n|tier|[Gen 9] Random Battle\n|rule|Species Clause: Limit one of each Pok\u00e9mon\n|rule|HP Percentage Mod: HP is shown in percentages\n|rule|Sleep Clause Mod: Limit one foe put to sleep\n|rule|Illusion Level Mod: Illusion disguises the Pok\u00e9mon's true level\n|\n|t:|1783543288\n|teamsize|p1|6\n|teamsize|p2|6\n|start\n|switch|p1a: Goodra|Goodra-Hisui, L82, F|100/100\n|switch|p2a: Hydreigon|Hydreigon, L79, F|275/275\n|turn|1\n|inactive|Battle timer is ON: inactive players will automatically lose when time's up. (requested by p0y3588de9)\n|inactive|p0x3585bbf also wants the timer to be on.\n|\n|t:|1783543289\n|move|p2a: Hydreigon|Draco Meteor|p1a: Goodra\n|-damage|p1a: Goodra|60/100\n|-unboost|p2a: Hydreigon|spa|2\n|move|p1a: Goodra|Draco Meteor|p2a: Hydreigon\n|-supereffective|p2a: Hydreigon\n|-damage|p2a: Hydreigon|0 fnt\n|-unboost|p1a: Goodra|spa|2\n|faint|p2a: Hydreigon\n|\n|upkeep\n|inactive|Time left: 300 sec this turn | 300 sec total | 65 sec grace\n|\n|t:|1783543290\n|switch|p2a: Cacturne|Cacturne, L92, M|278/278\n|turn|2\n|inactive|Time left: 300 sec this turn | 300 sec total\n|\n|t:|1783543291\n|switch|p1a: Skuntank|Skuntank, L84, M|100/100\n|move|p2a: Cacturne|Knock Off|p1a: Skuntank\n|-resisted|p1a: Skuntank\n|-damage|p1a: Skuntank|67/100\n|-enditem|p1a: Skuntank|Life Orb|[from] move: Knock Off|[of] p2a: Cacturne\n|-damage|p2a: Cacturne|251/278|[from] item: Life Orb\n|\n|upkeep\n|turn|3\n|inactive|Time left: 300 sec this turn | 300 sec total\n|\n|t:|1783543292\n|switch|p2a: Venomoth|Venomoth, L84, M|255/255\n|move|p1a: Skuntank|Gunk Shot|p2a: Venomoth\n|-resisted|p2a: Venomoth\n|-damage|p2a: Venomoth|175/255\n|\n|upkeep\n|turn|4\n|inactive|Time left: 300 sec this turn | 300 sec total\n|\n|t:|1783543293\n|move|p2a: Venomoth|Bug Buzz|p1a: Skuntank\n|-damage|p1a: Skuntank|31/100\n|move|p1a: Skuntank|Knock Off|p2a: Venomoth\n|-damage|p2a: Venomoth|46/255\n|-enditem|p2a: Venomoth|Heavy-Duty Boots|[from] move: Knock Off|[of] p1a: Skuntank\n|\n|upkeep\n|turn|5\n|inactive|Time left: 300 sec this turn | 300 sec total\n|\n|t:|1783543294\n|switch|p1a: Goodra|Goodra-Hisui, L82, F|60/100\n|move|p2a: Venomoth|Bug Buzz|p1a: Goodra\n|-resisted|p1a: Goodra\n|-damage|p1a: Goodra|44/100\n|\n|upkeep\n|turn|6\n|inactive|Time left: 300 sec this turn | 300 sec total\n|\n|t:|1783543295\n|move|p2a: Venomoth|Bug Buzz|p1a: Goodra\n|-resisted|p1a: Goodra\n|-damage|p1a: Goodra|29/100\n|-unboost|p1a: Goodra|spd|1\n|move|p1a: Goodra|Heavy Slam|p2a: Venomoth\n|-damage|p2a: Venomoth|0 fnt\n|faint|p2a: Venomoth\n|\n|upkeep\n|inactive|Time left: 300 sec this turn | 300 sec total | 5 sec grace\n|\n|t:|1783543296\n|switch|p2a: Cacturne|Cacturne, L92, M|251/278\n|turn|7\n|inactive|Time left: 300 sec this turn | 300 sec total\n|\n|t:|1783543297\n|switch|p1a: Skuntank|Skuntank, L84, M|31/100\n|move|p2a: Cacturne|Knock Off|p1a: Skuntank\n|-resisted|p1a: Skuntank\n|-damage|p1a: Skuntank|10/100\n|-damage|p2a: Cacturne|224/278|[from] item: Life Orb\n|\n|upkeep\n|turn|8\n|inactive|Time left: 300 sec this turn | 300 sec total\n|\n|t:|1783543298\n|move|p2a: Cacturne|Sucker Punch|p1a: Skuntank\n|-resisted|p1a: Skuntank\n|-damage|p1a: Skuntank|0 fnt\n|-damage|p2a: Cacturne|155/278|[from] ability: Aftermath|[of] p1a: Skuntank\n|faint|p1a: Skuntank\n|-damage|p2a: Cacturne|128/278|[from] item: Life Orb\n|\n|upkeep\n|\n|t:|1783543299\n|switch|p1a: Magnezone|Magnezone, L85|100/100\n|turn|9\n|inactive|Time left: 300 sec this turn | 300 sec total\n|\n|t:|1783543300\n|move|p1a: Magnezone|Flash Cannon|p2a: Cacturne\n|-damage|p2a: Cacturne|0 fnt\n|faint|p2a: Cacturne\n|\n|upkeep\n|inactive|Time left: 300 sec this turn | 300 sec total | 5 sec grace\n|\n|t:|1783543301\n|switch|p2a: Tatsugiri|Tatsugiri, L87, F|260/260\n|turn|10\n|inactive|Time left: 300 sec this turn | 300 sec total\n|\n|t:|1783543302\n|switch|p1a: Grimmsnarl|Grimmsnarl, L83, M|100/100\n|move|p2a: Tatsugiri|Nasty Plot|p2a: Tatsugiri\n|-boost|p2a: Tatsugiri|spa|2\n|\n|upkeep\n|turn|11\n|inactive|Time left: 300 sec this turn | 300 sec total\n|\n|t:|1783543304\n|move|p1a: Grimmsnarl|Parting Shot|p2a: Tatsugiri\n|-unboost|p2a: Tatsugiri|atk|1\n|-unboost|p2a: Tatsugiri|spa|1\n|\n|t:|1783543305\n|switch|p1a: Goodra|Goodra-Hisui, L82, F|29/100|[from] Parting Shot\n|move|p2a: Tatsugiri|Hydro Pump|p1a: Goodra|[miss]\n|-miss|p2a: Tatsugiri|p1a: Goodra\n|\n|upkeep\n|turn|12\n|inactive|Time left: 300 sec this turn | 300 sec total\n|\n|t:|1783543306\n|move|p2a: Tatsugiri|Draco Meteor|p1a: Goodra\n|-damage|p1a: Goodra|0 fnt\n|-unboost|p2a: Tatsugiri|spa|2\n|faint|p1a: Goodra\n|\n|upkeep\n|\n|t:|1783543307\n|switch|p1a: Grimmsnarl|Grimmsnarl, L83, M|100/100\n|turn|13\n|inactive|Time left: 300 sec this turn | 300 sec total\n|\n|t:|1783543308\n|switch|p2a: Dedenne|Dedenne, L88, M|261/261\n|move|p1a: Grimmsnarl|Spirit Break|p2a: Dedenne\n|-damage|p2a: Dedenne|144/261\n|-unboost|p2a: Dedenne|spa|1\n|\n|upkeep\n|turn|14\n|inactive|Time left: 300 sec this turn | 300 sec total\n|\n|t:|1783543309\n|move|p2a: Dedenne|Super Fang|p1a: Grimmsnarl\n|-damage|p1a: Grimmsnarl|51/100\n|move|p1a: Grimmsnarl|Spirit Break|p2a: Dedenne\n|-damage|p2a: Dedenne|30/261\n|-unboost|p2a: Dedenne|spa|1\n|-enditem|p2a: Dedenne|Sitrus Berry|[eat]\n|-heal|p2a: Dedenne|95/261|[from] item: Sitrus Berry\n|-heal|p2a: Dedenne|182/261|[from] ability: Cheek Pouch\n|\n|-heal|p1a: Grimmsnarl|57/100|[from] item: Leftovers\n|upkeep\n|turn|15\n|inactive|Time left: 300 sec this turn | 300 sec total\n|\n|t:|1783543310\n|move|p2a: Dedenne|Nuzzle|p1a: Grimmsnarl\n|-damage|p1a: Grimmsnarl|50/100\n|-status|p1a: Grimmsnarl|par\n|cant|p1a: Grimmsnarl|par\n|\n|-heal|p1a: Grimmsnarl|56/100 par|[from] item: Leftovers\n|upkeep\n|turn|16\n|inactive|Time left: 300 sec this turn | 300 sec total\n|\n|t:|1783543311\n|switch|p2a: Swanna|Swanna, L89, F|278/278\n|move|p1a: Grimmsnarl|Spirit Break|p2a: Swanna\n|-damage|p2a: Swanna|166/278\n|-unboost|p2a: Swanna|spa|1\n|\n|-heal|p1a: Grimmsnarl|62/100 par|[from] item: Leftovers\n|upkeep\n|turn|17\n|inactive|Time left: 300 sec this turn | 300 sec total\n|\n|t:|1783543313\n|move|p2a: Swanna|Roost|p2a: Swanna\n|-heal|p2a: Swanna|278/278\n|-singleturn|p2a: Swanna|move: Roost\n|move|p1a: Grimmsnarl|Spirit Break|p2a: Swanna\n|-damage|p2a: Swanna|170/278\n|-unboost|p2a: Swanna|spa|1\n|\n|-heal|p1a: Grimmsnarl|68/100 par|[from] item: Leftovers\n|upkeep\n|turn|18\n|inactive|Time left: 300 sec this turn | 300 sec total\n|\n|t:|1783543314\n|move|p2a: Swanna|Brave Bird|p1a: Grimmsnarl\n|-damage|p1a: Grimmsnarl|13/100 par\n|-damage|p2a: Swanna|117/278|[from] Recoil\n|move|p1a: Grimmsnarl|Spirit Break|p2a: Swanna\n|-damage|p2a: Swanna|3/278\n|-unboost|p2a: Swanna|spa|1\n|\n|-heal|p1a: Grimmsnarl|20/100 par|[from] item: Leftovers\n|upkeep\n|turn|19\n|inactive|Time left: 300 sec this turn | 300 sec total\n|\n|t:|1783543315\n|move|p1a: Grimmsnarl|Parting Shot|p2a: Swanna\n|-unboost|p2a: Swanna|atk|1\n|-unboost|p2a: Swanna|spa|1\n|\n|t:|1783543316\n|switch|p1a: Magnezone|Magnezone, L85|100/100|[from] Parting Shot\n|move|p2a: Swanna|Brave Bird|p1a: Magnezone\n|-resisted|p1a: Magnezone\n|-damage|p1a: Magnezone|94/100\n|-damage|p2a: Swanna|0 fnt|[from] Recoil\n|faint|p2a: Swanna\n|\n|upkeep\n|inactive|Time left: 300 sec this turn | 300 sec total | 10 sec grace\n|\n|t:|1783543317\n|switch|p2a: Tatsugiri|Tatsugiri, L87, F|260/260\n|turn|20\n|inactive|Time left: 300 sec this turn | 300 sec total\n|\n|t:|1783543318\n|move|p1a: Magnezone|Thunderbolt|p2a: Tatsugiri\n|-damage|p2a: Tatsugiri|145/260\n|-status|p2a: Tatsugiri|par\n|cant|p2a: Tatsugiri|par\n|\n|upkeep\n|turn|21\n|inactive|Time left: 300 sec this turn | 300 sec total\n|\n|t:|1783543319\n|move|p1a: Magnezone|Thunderbolt|p2a: Tatsugiri\n|-damage|p2a: Tatsugiri|36/260 par\n|move|p2a: Tatsugiri|Hydro Pump|p1a: Magnezone|[miss]\n|-miss|p2a: Tatsugiri|p1a: Magnezone\n|\n|upkeep\n|turn|22\n|inactive|Time left: 300 sec this turn | 300 sec total\n|\n|t:|1783543320\n|switch|p2a: Dedenne|Dedenne, L88, M|182/261\n|move|p1a: Magnezone|Thunderbolt|p2a: Dedenne\n|-resisted|p2a: Dedenne\n|-damage|p2a: Dedenne|109/261\n|\n|upkeep\n|turn|23\n|inactive|Time left: 300 sec this turn | 300 sec total\n|\n|t:|1783543321\n|move|p2a: Dedenne|Super Fang|p1a: Magnezone\n|-damage|p1a: Magnezone|47/100\n|move|p1a: Magnezone|Thunderbolt|p2a: Dedenne\n|-resisted|p2a: Dedenne\n|-damage|p2a: Dedenne|42/261\n|\n|upkeep\n|turn|24\n|inactive|Time left: 300 sec this turn | 300 sec total\n|\n|t:|1783543323\n|-terastallize|p2a: Dedenne|Flying\n|move|p2a: Dedenne|Super Fang|p1a: Magnezone|[miss]\n|-miss|p2a: Dedenne|p1a: Magnezone\n|move|p1a: Magnezone|Thunderbolt|p2a: Dedenne\n|-supereffective|p2a: Dedenne\n|-damage|p2a: Dedenne|0 fnt\n|faint|p2a: Dedenne\n|\n|upkeep\n|inactive|Time left: 300 sec this turn | 300 sec total | 5 sec grace\n|\n|t:|1783543323\n|switch|p2a: Tatsugiri|Tatsugiri, L87, F|36/260 par\n|turn|25\n|inactive|Time left: 300 sec this turn | 300 sec total\n|\n|t:|1783543324\n|move|p1a: Magnezone|Thunderbolt|p2a: Tatsugiri\n|-damage|p2a: Tatsugiri|0 fnt\n|faint|p2a: Tatsugiri\n|\n|win|p0x3585bbf", "uploadtime": 1783543324, "views": 0, "rating": 0, "private": 0, "password": null, "_winner": "p0x3585bbf", "_our_name": "p0y3588de9"}