{"id": "battle-gen9randombattle-2457", "formatid": "gen9randombattle", "format": "[Gen 9] Random Battle", "players": ["p0x24576321", "p0y24576971"], "log": "|init|battle\n|title|p0x24576321 vs. p0y24576971\n|j|\u2606p0x24576321\n|j|\u2606p0y24576971\n|t:|1783568475\n|gametype|singles\n|player|p1|p0x24576321|102|\n|player|p2|p0y24576971|169|\n|gen|9\n|tier|[Gen 9] Random Battle\n|rule|Species Clause: Limit one of each Pok\u00e9mon\n|rule|HP Percentage Mod: HP is shown in percentages\n|rule|Sleep Clause Mod: Limit one foe put to sleep\n|rule|Illusion Level Mod: Illusion disguises the Pok\u00e9mon's true level\n|\n|t:|1783568475\n|teamsize|p1|6\n|teamsize|p2|6\n|start\n|switch|p1a: Glastrier|Glastrier, L86|100/100\n|switch|p2a: Furret|Furret, L94, F|312/312\n|-item|p1a: Glastrier|Choice Band|[from] ability: Frisk|[of] p2a: Furret\n|turn|1\n|inactive|Battle timer is ON: inactive players will automatically lose when time's up. (requested by p0y24576971)\n|inactive|p0x24576321 also wants the timer to be on.\n|\n|t:|1783568477\n|switch|p2a: Tauros|Tauros-Paldea-Aqua, L81, M|254/254\n|-ability|p2a: Tauros|Intimidate|boost\n|-unboost|p1a: Glastrier|atk|1\n|move|p1a: Glastrier|Icicle Crash|p2a: Tauros\n|-resisted|p2a: Tauros\n|-damage|p2a: Tauros|195/254\n|\n|upkeep\n|turn|2\n|inactive|Time left: 300 sec this turn | 300 sec total\n|\n|t:|1783568478\n|move|p2a: Tauros|Close Combat|p1a: Glastrier\n|-supereffective|p1a: Glastrier\n|-damage|p1a: Glastrier|14/100\n|-unboost|p2a: Tauros|def|1\n|-unboost|p2a: Tauros|spd|1\n|move|p1a: Glastrier|Icicle Crash|p2a: Tauros|[miss]\n|-miss|p1a: Glastrier|p2a: Tauros\n|\n|upkeep\n|turn|3\n|inactive|Time left: 300 sec this turn | 300 sec total\n|\n|t:|1783568479\n|move|p2a: Tauros|Close Combat|p1a: Glastrier\n|-supereffective|p1a: Glastrier\n|-damage|p1a: Glastrier|0 fnt\n|-unboost|p2a: Tauros|def|1\n|-unboost|p2a: Tauros|spd|1\n|faint|p1a: Glastrier\n|\n|upkeep\n|\n|t:|1783568480\n|switch|p1a: Passimian|Passimian, L83, M|100/100\n|turn|4\n|inactive|Time left: 300 sec this turn | 300 sec total\n|\n|t:|1783568481\n|switch|p2a: Typhlosion|Typhlosion, L84, M|267/267\n|move|p1a: Passimian|Drain Punch|p2a: Typhlosion\n|-damage|p2a: Typhlosion|165/267\n|\n|upkeep\n|turn|5\n|inactive|Time left: 300 sec this turn | 300 sec total\n|\n|t:|1783568482\n|move|p2a: Typhlosion|Fire Blast|p1a: Passimian\n|-damage|p1a: Passimian|20/100\n|move|p1a: Passimian|Drain Punch|p2a: Typhlosion\n|-damage|p2a: Typhlosion|72/267\n|-heal|p1a: Passimian|36/100|[from] drain|[of] p2a: Typhlosion\n|\n|-heal|p1a: Passimian|42/100|[from] item: Leftovers\n|upkeep\n|turn|6\n|inactive|Time left: 300 sec this turn | 300 sec total\n|\n|t:|1783568483\n|switch|p1a: Gastrodon|Gastrodon-East, L86, M|100/100\n|move|p2a: Typhlosion|Fire Blast|p1a: Gastrodon\n|-resisted|p1a: Gastrodon\n|-damage|p1a: Gastrodon|72/100\n|\n|-heal|p1a: Gastrodon|78/100|[from] item: Leftovers\n|upkeep\n|turn|7\n|inactive|Time left: 300 sec this turn | 300 sec total\n|\n|t:|1783568484\n|switch|p2a: Baxcalibur|Baxcalibur, L75, F|295/295\n|move|p1a: Gastrodon|Earthquake|p2a: Baxcalibur\n|-damage|p2a: Baxcalibur|198/295\n|\n|-heal|p1a: Gastrodon|84/100|[from] item: Leftovers\n|upkeep\n|turn|8\n|inactive|Time left: 300 sec this turn | 300 sec total\n|\n|t:|1783568485\n|move|p2a: Baxcalibur|Glaive Rush|p1a: Gastrodon\n|-damage|p1a: Gastrodon|4/100\n|-singlemove|p2a: Baxcalibur|Glaive Rush|[silent]\n|move|p1a: Gastrodon|Earthquake|p2a: Baxcalibur\n|-damage|p2a: Baxcalibur|0 fnt\n|faint|p2a: Baxcalibur\n|\n|-heal|p1a: Gastrodon|10/100|[from] item: Leftovers\n|upkeep\n|inactive|Time left: 300 sec this turn | 300 sec total | 5 sec grace\n|\n|t:|1783568486\n|switch|p2a: Typhlosion|Typhlosion, L84, M|72/267\n|turn|9\n|inactive|Time left: 300 sec this turn | 300 sec total\n|\n|t:|1783568487\n|move|p2a: Typhlosion|Fire Blast|p1a: Gastrodon\n|-resisted|p1a: Gastrodon\n|-damage|p1a: Gastrodon|0 fnt\n|faint|p1a: Gastrodon\n|\n|upkeep\n|\n|t:|1783568488\n|switch|p1a: Shiftry|Shiftry, L89, M|100/100\n|turn|10\n|inactive|Time left: 300 sec this turn | 300 sec total\n|\n|t:|1783568489\n|move|p1a: Shiftry|Sucker Punch|p2a: Typhlosion\n|-damage|p2a: Typhlosion|0 fnt\n|faint|p2a: Typhlosion\n|-damage|p1a: Shiftry|91/100|[from] item: Life Orb\n|\n|upkeep\n|inactive|Time left: 300 sec this turn | 300 sec total | 5 sec grace\n|\n|t:|1783568490\n|switch|p2a: Tauros|Tauros-Paldea-Aqua, L81, M|195/254\n|-ability|p2a: Tauros|Intimidate|boost\n|-unboost|p1a: Shiftry|atk|1\n|turn|11\n|inactive|Time left: 300 sec this turn | 300 sec total\n|\n|t:|1783568491\n|-terastallize|p1a: Shiftry|Poison\n|move|p2a: Tauros|Close Combat|p1a: Shiftry\n|-resisted|p1a: Shiftry\n|-damage|p1a: Shiftry|53/100\n|-unboost|p2a: Tauros|def|1\n|-unboost|p2a: Tauros|spd|1\n|move|p1a: Shiftry|Leaf Blade|p2a: Tauros\n|-supereffective|p2a: Tauros\n|-damage|p2a: Tauros|0 fnt\n|faint|p2a: Tauros\n|-damage|p1a: Shiftry|43/100|[from] item: Life Orb\n|\n|upkeep\n|inactive|Time left: 300 sec this turn | 300 sec total | 5 sec grace\n|\n|t:|1783568492\n|switch|p2a: Zebstrika|Zebstrika, L87, F|272/272\n|turn|12\n|inactive|Time left: 300 sec this turn | 300 sec total\n|\n|t:|1783568494\n|move|p1a: Shiftry|Sucker Punch|p2a: Zebstrika\n|-damage|p2a: Zebstrika|182/272\n|-damage|p1a: Shiftry|34/100|[from] item: Life Orb\n|move|p2a: Zebstrika|High Horsepower|p1a: Shiftry\n|-supereffective|p1a: Shiftry\n|-damage|p1a: Shiftry|0 fnt\n|faint|p1a: Shiftry\n|-damage|p2a: Zebstrika|155/272|[from] item: Life Orb\n|\n|upkeep\n|\n|t:|1783568494\n|switch|p1a: Articuno|Articuno, L86|100/100\n|-ability|p1a: Articuno|Pressure\n|turn|13\n|inactive|Time left: 300 sec this turn | 300 sec total\n|\n|t:|1783568495\n|move|p2a: Zebstrika|Supercell Slam|p1a: Articuno\n|-supereffective|p1a: Articuno\n|-damage|p1a: Articuno|3/100\n|-damage|p2a: Zebstrika|128/272|[from] item: Life Orb\n|move|p1a: Articuno|Freeze-Dry|p2a: Zebstrika\n|-damage|p2a: Zebstrika|38/272\n|\n|upkeep\n|turn|14\n|inactive|Time left: 300 sec this turn | 300 sec total\n|\n|t:|1783568496\n|move|p2a: Zebstrika|Volt Switch|p1a: Articuno\n|-supereffective|p1a: Articuno\n|-damage|p1a: Articuno|0 fnt\n|faint|p1a: Articuno\n|-damage|p2a: Zebstrika|11/272|[from] item: Life Orb\n|inactive|Time left: 300 sec this turn | 300 sec total | 5 sec grace\n|\n|t:|1783568497\n|switch|p2a: Zebstrika|Zebstrika, L87, F|219/219|[from] Volt Switch\n|\n|upkeep\n|\n|t:|1783568498\n|switch|p1a: Passimian|Passimian, L83, M|42/100\n|turn|15\n|inactive|Time left: 300 sec this turn | 300 sec total\n|\n|t:|1783568499\n|move|p2a: Zebstrika|Bitter Malice|p1a: Passimian\n|-damage|p1a: Passimian|0 fnt\n|faint|p1a: Passimian\n|-damage|p2a: Zebstrika|198/219|[from] item: Life Orb\n|\n|upkeep\n|\n|t:|1783568500\n|switch|p1a: Staraptor|Staraptor, L79, F|100/100\n|turn|16\n|inactive|Time left: 300 sec this turn | 300 sec total\n|\n|t:|1783568501\n|-terastallize|p2a: Zebstrika|Normal\n|move|p2a: Zebstrika|Hyper Voice|p1a: Staraptor\n|-damage|p1a: Staraptor|4/100\n|-damage|p2a: Zebstrika|177/219|[from] item: Life Orb\n|move|p1a: Staraptor|Close Combat|p2a: Zebstrika\n|-supereffective|p2a: Zebstrika\n|-damage|p2a: Zebstrika|0 fnt\n|-unboost|p1a: Staraptor|def|1\n|-unboost|p1a: Staraptor|spd|1\n|replace|p2a: Zoroark|Zoroark-Hisui, L80, M\n|-end|p2a: Zoroark|Illusion\n|-hint|Illusion Level Mod is active, so this Pok\u00e9mon's true level was hidden.\n|faint|p2a: Zoroark\n|\n|upkeep\n|inactive|Time left: 300 sec this turn | 300 sec total | 5 sec grace\n|\n|t:|1783568502\n|switch|p2a: Zebstrika|Zebstrika, L87, F|11/272\n|turn|17\n|inactive|Time left: 300 sec this turn | 300 sec total\n|\n|t:|1783568503\n|move|p2a: Zebstrika|High Horsepower|p1a: Staraptor\n|-immune|p1a: Staraptor\n|move|p1a: Staraptor|Close Combat|p2a: Zebstrika\n|-damage|p2a: Zebstrika|0 fnt\n|-unboost|p1a: Staraptor|def|1\n|-unboost|p1a: Staraptor|spd|1\n|faint|p2a: Zebstrika\n|\n|upkeep\n|inactive|Time left: 300 sec this turn | 300 sec total | 5 sec grace\n|\n|t:|1783568504\n|switch|p2a: Furret|Furret, L94, F|312/312\n|-item|p1a: Staraptor|Choice Band|[from] ability: Frisk|[of] p2a: Furret\n|turn|18\n|inactive|Time left: 300 sec this turn | 300 sec total\n|\n|t:|1783568505\n|move|p2a: Furret|Knock Off|p1a: Staraptor\n|-damage|p1a: Staraptor|0 fnt\n|-enditem|p1a: Staraptor|Choice Band|[from] move: Knock Off|[of] p2a: Furret\n|faint|p1a: Staraptor\n|-damage|p2a: Furret|281/312|[from] item: Life Orb\n|\n|win|p0y24576971", "uploadtime": 1783568505, "views": 0, "rating": 0, "private": 0, "password": null, "_winner": "p0y24576971", "_our_name": "p0y24576971"}