{"id": "battle-gen9randombattle-2975", "formatid": "gen9randombattle", "format": "[Gen 9] Random Battle", "players": ["p0x29750d3f", "p0y297503c9"], "log": "|init|battle\n|title|p0x29750d3f vs. p0y297503c9\n|j|\u2606p0x29750d3f\n|j|\u2606p0y297503c9\n|t:|1783574240\n|gametype|singles\n|player|p1|p0x29750d3f|1|\n|player|p2|p0y297503c9|2|\n|gen|9\n|tier|[Gen 9] Random Battle\n|rule|Species Clause: Limit one of each Pok\u00e9mon\n|rule|HP Percentage Mod: HP is shown in percentages\n|rule|Sleep Clause Mod: Limit one foe put to sleep\n|rule|Illusion Level Mod: Illusion disguises the Pok\u00e9mon's true level\n|\n|t:|1783574240\n|teamsize|p1|6\n|teamsize|p2|6\n|start\n|switch|p1a: Porygon2|Porygon2, L81|100/100\n|switch|p2a: Minior|Minior-Yellow, L79|224/224\n|-ability|p1a: Porygon2|Download|boost\n|-boost|p1a: Porygon2|spa|1\n|-formechange|p2a: Minior|Minior-Meteor||[from] ability: Shields Down\n|turn|1\n|inactive|Battle timer is ON: inactive players will automatically lose when time's up. (requested by p0x29750d3f)\n|inactive|Time left: 300 sec this turn | 300 sec total | 60 sec grace\n|inactive|p0y297503c9 also wants the timer to be on.\n|\n|t:|1783574241\n|move|p1a: Porygon2|Shadow Ball|p2a: Minior\n|-damage|p2a: Minior|146/224\n|-unboost|p2a: Minior|spd|1\n|-enditem|p2a: Minior|White Herb\n|-clearnegativeboost|p2a: Minior|[silent]\n|move|p2a: Minior|Shell Smash|p2a: Minior\n|-unboost|p2a: Minior|def|1\n|-unboost|p2a: Minior|spd|1\n|-boost|p2a: Minior|atk|2\n|-boost|p2a: Minior|spa|2\n|-boost|p2a: Minior|spe|2\n|\n|upkeep\n|turn|2\n|inactive|Time left: 300 sec this turn | 300 sec total\n|\n|t:|1783574243\n|-terastallize|p1a: Porygon2|Fighting\n|move|p2a: Minior|Acrobatics|p1a: Porygon2\n|-supereffective|p1a: Porygon2\n|-damage|p1a: Porygon2|33/100\n|move|p1a: Porygon2|Tera Blast|p2a: Minior|[anim] Tera Blast Fighting\n|-damage|p2a: Minior|0 fnt\n|faint|p2a: Minior\n|\n|upkeep\n|inactive|Time left: 300 sec this turn | 300 sec total | 5 sec grace\n|\n|t:|1783574244\n|switch|p2a: Magmortar|Magmortar, L88, F|275/275\n|turn|3\n|inactive|Time left: 300 sec this turn | 300 sec total\n|\n|t:|1783574245\n|move|p2a: Magmortar|Fire Blast|p1a: Porygon2\n|-damage|p1a: Porygon2|0 fnt\n|faint|p1a: Porygon2\n|\n|upkeep\n|\n|t:|1783574246\n|switch|p1a: Iron Jugulis|Iron Jugulis, L77|100/100\n|turn|4\n|inactive|Time left: 300 sec this turn | 300 sec total\n|\n|t:|1783574247\n|move|p1a: Iron Jugulis|Meteor Beam||[still]\n|-prepare|p1a: Iron Jugulis|Meteor Beam\n|-boost|p1a: Iron Jugulis|spa|1\n|-enditem|p1a: Iron Jugulis|Power Herb\n|-anim|p1a: Iron Jugulis|Meteor Beam|p2a: Magmortar\n|-supereffective|p2a: Magmortar\n|-damage|p2a: Magmortar|43/275\n|move|p2a: Magmortar|Fire Blast|p1a: Iron Jugulis\n|-damage|p1a: Iron Jugulis|31/100\n|\n|upkeep\n|turn|5\n|inactive|Time left: 300 sec this turn | 300 sec total\n|\n|t:|1783574248\n|switch|p2a: Mudsdale|Mudsdale, L83, M|302/302\n|move|p1a: Iron Jugulis|Dark Pulse|p2a: Mudsdale\n|-damage|p2a: Mudsdale|167/302\n|-ability|p2a: Mudsdale|Stamina|boost\n|-boost|p2a: Mudsdale|def|1\n|\n|-heal|p2a: Mudsdale|185/302|[from] item: Leftovers\n|upkeep\n|turn|6\n|inactive|Time left: 300 sec this turn | 300 sec total\n|\n|t:|1783574249\n|move|p1a: Iron Jugulis|Hurricane|p2a: Mudsdale\n|-damage|p2a: Mudsdale|7/302\n|-ability|p2a: Mudsdale|Stamina|boost\n|-boost|p2a: Mudsdale|def|1\n|move|p2a: Mudsdale|Heavy Slam|p1a: Iron Jugulis\n|-damage|p1a: Iron Jugulis|0 fnt\n|faint|p1a: Iron Jugulis\n|-end|p1a: Iron Jugulis|Quark Drive|[silent]\n|\n|-heal|p2a: Mudsdale|25/302|[from] item: Leftovers\n|upkeep\n|\n|t:|1783574250\n|switch|p1a: Umbreon|Umbreon, L84, F|100/100\n|turn|7\n|inactive|Time left: 300 sec this turn | 300 sec total\n|\n|t:|1783574252\n|move|p1a: Umbreon|Foul Play|p2a: Mudsdale\n|-damage|p2a: Mudsdale|0 fnt\n|faint|p2a: Mudsdale\n|\n|upkeep\n|inactive|Time left: 300 sec this turn | 300 sec total | 5 sec grace\n|\n|t:|1783574253\n|switch|p2a: Crawdaunt|Crawdaunt, L84, M|243/243\n|turn|8\n|inactive|Time left: 300 sec this turn | 300 sec total\n|\n|t:|1783574254\n|move|p1a: Umbreon|Toxic|p2a: Crawdaunt\n|-status|p2a: Crawdaunt|tox\n|move|p2a: Crawdaunt|Dragon Dance|p2a: Crawdaunt\n|-boost|p2a: Crawdaunt|atk|1\n|-boost|p2a: Crawdaunt|spe|1\n|\n|-damage|p2a: Crawdaunt|228/243 tox|[from] psn\n|upkeep\n|turn|9\n|inactive|Time left: 300 sec this turn | 300 sec total\n|\n|t:|1783574254\n|move|p2a: Crawdaunt|Crabhammer|p1a: Umbreon\n|-damage|p1a: Umbreon|15/100\n|-damage|p2a: Crawdaunt|204/243 tox|[from] item: Life Orb\n|move|p1a: Umbreon|Foul Play|p2a: Crawdaunt\n|-resisted|p2a: Crawdaunt\n|-damage|p2a: Crawdaunt|114/243 tox\n|\n|-heal|p1a: Umbreon|21/100|[from] item: Leftovers\n|-damage|p2a: Crawdaunt|84/243 tox|[from] psn\n|upkeep\n|turn|10\n|inactive|Time left: 300 sec this turn | 300 sec total\n|\n|t:|1783574255\n|move|p1a: Umbreon|Protect|p1a: Umbreon\n|-singleturn|p1a: Umbreon|Protect\n|move|p2a: Crawdaunt|Knock Off|p1a: Umbreon\n|-activate|p1a: Umbreon|move: Protect\n|\n|-heal|p1a: Umbreon|27/100|[from] item: Leftovers\n|-damage|p2a: Crawdaunt|39/243 tox|[from] psn\n|upkeep\n|turn|11\n|inactive|Time left: 300 sec this turn | 300 sec total\n|\n|t:|1783574256\n|move|p1a: Umbreon|Protect||[still]\n|-fail|p1a: Umbreon\n|move|p2a: Crawdaunt|Knock Off|p1a: Umbreon\n|-resisted|p1a: Umbreon\n|-damage|p1a: Umbreon|0 fnt\n|-enditem|p1a: Umbreon|Leftovers|[from] move: Knock Off|[of] p2a: Crawdaunt\n|faint|p1a: Umbreon\n|-damage|p2a: Crawdaunt|15/243 tox|[from] item: Life Orb\n|\n|-damage|p2a: Crawdaunt|0 fnt|[from] psn\n|faint|p2a: Crawdaunt\n|upkeep\n|inactive|Time left: 300 sec this turn | 300 sec total | 5 sec grace\n|\n|t:|1783574257\n|switch|p1a: Alomomola|Alomomola, L87, M|100/100\n|switch|p2a: Vileplume|Vileplume, L85, M|266/266\n|turn|12\n|inactive|Time left: 300 sec this turn | 300 sec total\n|\n|t:|1783574258\n|move|p1a: Alomomola|Wish|p1a: Alomomola\n|move|p2a: Vileplume|Sludge Bomb|p1a: Alomomola\n|-damage|p1a: Alomomola|60/100\n|\n|upkeep\n|turn|13\n|inactive|Time left: 300 sec this turn | 300 sec total\n|\n|t:|1783574259\n|switch|p1a: Hatterene|Hatterene, L85, F|100/100\n|move|p2a: Vileplume|Leech Seed|p1a: Hatterene\n|move|p1a: Hatterene|Leech Seed|p2a: Vileplume|[from] ability: Magic Bounce\n|-immune|p2a: Vileplume\n|\n|upkeep\n|turn|14\n|inactive|Time left: 300 sec this turn | 300 sec total\n|\n|t:|1783574260\n|move|p2a: Vileplume|Sludge Bomb|p1a: Hatterene\n|-supereffective|p1a: Hatterene\n|-damage|p1a: Hatterene|46/100\n|move|p1a: Hatterene|Mystical Fire|p2a: Vileplume\n|-supereffective|p2a: Vileplume\n|-damage|p2a: Vileplume|136/266\n|-unboost|p2a: Vileplume|spa|1\n|\n|-heal|p2a: Vileplume|152/266|[from] item: Leftovers\n|upkeep\n|turn|15\n|inactive|Time left: 300 sec this turn | 300 sec total\n|\n|t:|1783574261\n|move|p2a: Vileplume|Sludge Bomb|p1a: Hatterene\n|-supereffective|p1a: Hatterene\n|-damage|p1a: Hatterene|12/100\n|move|p1a: Hatterene|Psychic Noise|p2a: Vileplume\n|-supereffective|p2a: Vileplume\n|-damage|p2a: Vileplume|0 fnt\n|faint|p2a: Vileplume\n|\n|upkeep\n|inactive|Time left: 300 sec this turn | 300 sec total | 5 sec grace\n|\n|t:|1783574262\n|switch|p2a: Glalie|Glalie, L96, F|309/309\n|turn|16\n|inactive|Time left: 300 sec this turn | 300 sec total\n|\n|t:|1783574263\n|move|p2a: Glalie|Freeze-Dry|p1a: Hatterene\n|-damage|p1a: Hatterene|0 fnt\n|faint|p1a: Hatterene\n|\n|upkeep\n|\n|t:|1783574264\n|switch|p1a: Alomomola|Alomomola, L87, M|93/100\n|turn|17\n|inactive|Time left: 300 sec this turn | 300 sec total\n|\n|t:|1783574265\n|move|p1a: Alomomola|Protect|p1a: Alomomola\n|-singleturn|p1a: Alomomola|Protect\n|move|p2a: Glalie|Freeze-Dry|p1a: Alomomola\n|-activate|p1a: Alomomola|move: Protect\n|\n|upkeep\n|turn|18\n|inactive|Time left: 300 sec this turn | 300 sec total\n|\n|t:|1783574266\n|move|p2a: Glalie|Freeze-Dry|p1a: Alomomola\n|-supereffective|p1a: Alomomola\n|-damage|p1a: Alomomola|36/100\n|move|p1a: Alomomola|Wish|p1a: Alomomola\n|\n|upkeep\n|turn|19\n|inactive|Time left: 300 sec this turn | 300 sec total\n|\n|t:|1783574266\n|move|p1a: Alomomola|Protect|p1a: Alomomola\n|-singleturn|p1a: Alomomola|Protect\n|move|p2a: Glalie|Freeze-Dry|p1a: Alomomola\n|-activate|p1a: Alomomola|move: Protect\n|\n|-heal|p1a: Alomomola|86/100|[from] move: Wish|[wisher] Alomomola\n|upkeep\n|turn|20\n|inactive|Time left: 300 sec this turn | 300 sec total\n|\n|t:|1783574267\n|move|p2a: Glalie|Freeze-Dry|p1a: Alomomola\n|-supereffective|p1a: Alomomola\n|-damage|p1a: Alomomola|28/100\n|move|p1a: Alomomola|Wish|p1a: Alomomola\n|\n|upkeep\n|turn|21\n|inactive|Time left: 300 sec this turn | 300 sec total\n|\n|t:|1783574268\n|move|p1a: Alomomola|Protect|p1a: Alomomola\n|-singleturn|p1a: Alomomola|Protect\n|move|p2a: Glalie|Freeze-Dry|p1a: Alomomola\n|-activate|p1a: Alomomola|move: Protect\n|\n|-heal|p1a: Alomomola|78/100|[from] move: Wish|[wisher] Alomomola\n|upkeep\n|turn|22\n|inactive|Time left: 300 sec this turn | 300 sec total\n|\n|t:|1783574269\n|move|p2a: Glalie|Freeze-Dry|p1a: Alomomola\n|-supereffective|p1a: Alomomola\n|-damage|p1a: Alomomola|19/100\n|move|p1a: Alomomola|Wish|p1a: Alomomola\n|\n|upkeep\n|turn|23\n|inactive|Time left: 300 sec this turn | 300 sec total\n|\n|t:|1783574270\n|move|p1a: Alomomola|Protect|p1a: Alomomola\n|-singleturn|p1a: Alomomola|Protect\n|move|p2a: Glalie|Freeze-Dry|p1a: Alomomola\n|-activate|p1a: Alomomola|move: Protect\n|\n|-heal|p1a: Alomomola|69/100|[from] move: Wish|[wisher] Alomomola\n|upkeep\n|turn|24\n|inactive|Time left: 300 sec this turn | 300 sec total\n|\n|t:|1783574271\n|move|p2a: Glalie|Freeze-Dry|p1a: Alomomola\n|-supereffective|p1a: Alomomola\n|-damage|p1a: Alomomola|6/100\n|move|p1a: Alomomola|Flip Turn|p2a: Glalie\n|-damage|p2a: Glalie|260/309\n|\n|t:|1783574272\n|switch|p1a: Raichu|Raichu-Alola, L87, M|100/100|[from] Flip Turn\n|\n|upkeep\n|turn|25\n|inactive|Time left: 300 sec this turn | 300 sec total\n|\n|t:|1783574273\n|switch|p1a: Alomomola|Alomomola, L87, M|39/100\n|move|p2a: Glalie|Earthquake|p1a: Alomomola\n|-damage|p1a: Alomomola|20/100\n|\n|upkeep\n|turn|26\n|inactive|Time left: 300 sec this turn | 300 sec total\n|\n|t:|1783574274\n|move|p1a: Alomomola|Protect|p1a: Alomomola\n|-singleturn|p1a: Alomomola|Protect\n|move|p2a: Glalie|Freeze-Dry|p1a: Alomomola\n|-activate|p1a: Alomomola|move: Protect\n|\n|upkeep\n|turn|27\n|inactive|Time left: 300 sec this turn | 300 sec total\n|\n|t:|1783574275\n|switch|p1a: Raichu|Raichu-Alola, L87, M|100/100\n|move|p2a: Glalie|Spikes|p1a: Raichu\n|-sidestart|p1: p0x29750d3f|Spikes\n|\n|upkeep\n|turn|28\n|inactive|Time left: 300 sec this turn | 300 sec total\n|\n|t:|1783574277\n|switch|p1a: Alomomola|Alomomola, L87, M|54/100\n|move|p2a: Glalie|Earthquake|p1a: Alomomola\n|-damage|p1a: Alomomola|34/100\n|\n|upkeep\n|turn|29\n|inactive|Time left: 300 sec this turn | 300 sec total\n|\n|t:|1783574278\n|move|p1a: Alomomola|Protect|p1a: Alomomola\n|-singleturn|p1a: Alomomola|Protect\n|move|p2a: Glalie|Freeze-Dry|p1a: Alomomola\n|-activate|p1a: Alomomola|move: Protect\n|\n|upkeep\n|turn|30\n|inactive|Time left: 300 sec this turn | 300 sec total\n|\n|t:|1783574279\n|switch|p1a: Raichu|Raichu-Alola, L87, M|100/100\n|-damage|p1a: Raichu|88/100|[from] Spikes\n|move|p2a: Glalie|Earthquake|p1a: Raichu\n|-supereffective|p1a: Raichu\n|-damage|p1a: Raichu|0 fnt\n|faint|p1a: Raichu\n|\n|upkeep\n|\n|t:|1783574279\n|switch|p1a: Alomomola|Alomomola, L87, M|67/100\n|turn|31\n|inactive|Time left: 300 sec this turn | 300 sec total\n|\n|t:|1783574281\n|move|p1a: Alomomola|Protect|p1a: Alomomola\n|-singleturn|p1a: Alomomola|Protect\n|move|p2a: Glalie|Freeze-Dry|p1a: Alomomola\n|-activate|p1a: Alomomola|move: Protect\n|\n|upkeep\n|turn|32\n|inactive|Time left: 300 sec this turn | 300 sec total\n|\n|t:|1783574282\n|move|p1a: Alomomola|Protect||[still]\n|-fail|p1a: Alomomola\n|move|p2a: Glalie|Freeze-Dry|p1a: Alomomola\n|-supereffective|p1a: Alomomola\n|-damage|p1a: Alomomola|6/100\n|-status|p1a: Alomomola|frz\n|\n|upkeep\n|turn|33\n|inactive|Time left: 300 sec this turn | 300 sec total\n|\n|t:|1783574283\n|cant|p1a: Alomomola|frz\n|move|p2a: Glalie|Earthquake|p1a: Alomomola\n|-damage|p1a: Alomomola|0 fnt\n|faint|p1a: Alomomola\n|\n|win|p0y297503c9", "uploadtime": 1783574283, "views": 0, "rating": 0, "private": 0, "password": null, "_winner": "p0y297503c9", "_our_name": "p0y297503c9"}