{"id": "battle-gen9randombattle-2193", "formatid": "gen9randombattle", "format": "[Gen 9] Random Battle", "players": ["p0x21937f8c", "p0y21939337"], "log": "|init|battle\n|title|p0x21937f8c vs. p0y21939337\n|j|\u2606p0x21937f8c\n|j|\u2606p0y21939337\n|t:|1783564503\n|gametype|singles\n|player|p1|p0x21937f8c|265|\n|player|p2|p0y21939337|266|\n|gen|9\n|tier|[Gen 9] Random Battle\n|rule|Species Clause: Limit one of each Pok\u00e9mon\n|rule|HP Percentage Mod: HP is shown in percentages\n|rule|Sleep Clause Mod: Limit one foe put to sleep\n|rule|Illusion Level Mod: Illusion disguises the Pok\u00e9mon's true level\n|\n|t:|1783564503\n|teamsize|p1|6\n|teamsize|p2|6\n|start\n|switch|p1a: Skeledirge|Skeledirge, L79, M|294/294\n|switch|p2a: Iron Thorns|Iron Thorns, L83|100/100\n|turn|1\n|inactive|Battle timer is ON: inactive players will automatically lose when time's up. (requested by p0y21939337)\n|inactive|Time left: 300 sec this turn | 300 sec total | 60 sec grace\n|inactive|p0x21937f8c also wants the timer to be on.\n|\n|t:|1783564505\n|switch|p1a: Ursaluna|Ursaluna, L79, F|335/335\n|move|p2a: Iron Thorns|Stone Edge|p1a: Ursaluna|[miss]\n|-miss|p2a: Iron Thorns|p1a: Ursaluna\n|\n|-status|p1a: Ursaluna|brn|[from] item: Flame Orb\n|upkeep\n|turn|2\n|inactive|Time left: 300 sec this turn | 300 sec total\n|\n|t:|1783564506\n|move|p2a: Iron Thorns|Ice Punch|p1a: Ursaluna\n|-supereffective|p1a: Ursaluna\n|-damage|p1a: Ursaluna|213/335 brn\n|move|p1a: Ursaluna|Facade|p2a: Iron Thorns\n|-resisted|p2a: Iron Thorns\n|-crit|p2a: Iron Thorns\n|-damage|p2a: Iron Thorns|44/100\n|\n|-damage|p1a: Ursaluna|193/335 brn|[from] brn\n|upkeep\n|turn|3\n|inactive|Time left: 300 sec this turn | 300 sec total\n|\n|t:|1783564507\n|move|p2a: Iron Thorns|Ice Punch|p1a: Ursaluna\n|-supereffective|p1a: Ursaluna\n|-damage|p1a: Ursaluna|69/335 brn\n|move|p1a: Ursaluna|Trailblaze|p2a: Iron Thorns\n|-supereffective|p2a: Iron Thorns\n|-damage|p2a: Iron Thorns|8/100\n|-boost|p1a: Ursaluna|spe|1\n|\n|-damage|p1a: Ursaluna|49/335 brn|[from] brn\n|upkeep\n|turn|4\n|inactive|Time left: 300 sec this turn | 300 sec total\n|\n|t:|1783564508\n|move|p1a: Ursaluna|Facade|p2a: Iron Thorns\n|-resisted|p2a: Iron Thorns\n|-damage|p2a: Iron Thorns|0 fnt\n|faint|p2a: Iron Thorns\n|-end|p2a: Iron Thorns|Quark Drive|[silent]\n|\n|-damage|p1a: Ursaluna|29/335 brn|[from] brn\n|upkeep\n|\n|t:|1783564509\n|switch|p2a: Tauros|Tauros-Paldea-Aqua, L81, M|100/100\n|turn|5\n|inactive|Time left: 300 sec this turn | 300 sec total\n|\n|t:|1783564510\n|switch|p1a: Bruxish|Bruxish, L85, F|254/254\n|move|p2a: Tauros|Liquidation|p1a: Bruxish\n|-resisted|p1a: Bruxish\n|-damage|p1a: Bruxish|201/254\n|-unboost|p1a: Bruxish|def|1\n|\n|upkeep\n|turn|6\n|inactive|Time left: 300 sec this turn | 300 sec total\n|\n|t:|1783564511\n|move|p2a: Tauros|Bulk Up|p2a: Tauros\n|-boost|p2a: Tauros|atk|1\n|-boost|p2a: Tauros|def|1\n|move|p1a: Bruxish|Psychic Fangs|p2a: Tauros\n|-supereffective|p2a: Tauros\n|-damage|p2a: Tauros|2/100\n|-enditem|p2a: Tauros|Sitrus Berry|[eat]\n|-heal|p2a: Tauros|27/100|[from] item: Sitrus Berry\n|\n|upkeep\n|turn|7\n|inactive|Time left: 300 sec this turn | 300 sec total\n|\n|t:|1783564512\n|move|p2a: Tauros|Close Combat|p1a: Bruxish\n|-resisted|p1a: Bruxish\n|-damage|p1a: Bruxish|22/254\n|-unboost|p2a: Tauros|def|1\n|-unboost|p2a: Tauros|spd|1\n|move|p1a: Bruxish|Psychic Fangs|p2a: Tauros\n|-supereffective|p2a: Tauros\n|-damage|p2a: Tauros|0 fnt\n|faint|p2a: Tauros\n|\n|upkeep\n|\n|t:|1783564513\n|switch|p2a: Solgaleo|Solgaleo, L74|100/100\n|turn|8\n|inactive|Time left: 300 sec this turn | 300 sec total\n|\n|t:|1783564514\n|switch|p1a: Skeledirge|Skeledirge, L79, M|294/294\n|move|p2a: Solgaleo|Sunsteel Strike|p1a: Skeledirge\n|-resisted|p1a: Skeledirge\n|-damage|p1a: Skeledirge|243/294\n|\n|upkeep\n|turn|9\n|inactive|Time left: 300 sec this turn | 300 sec total\n|\n|t:|1783564515\n|move|p2a: Solgaleo|Earthquake|p1a: Skeledirge\n|-supereffective|p1a: Skeledirge\n|-damage|p1a: Skeledirge|105/294\n|move|p1a: Skeledirge|Torch Song|p2a: Solgaleo\n|-supereffective|p2a: Solgaleo\n|-damage|p2a: Solgaleo|41/100\n|-boost|p1a: Skeledirge|spa|1\n|\n|-heal|p2a: Solgaleo|48/100|[from] item: Leftovers\n|upkeep\n|turn|10\n|inactive|Time left: 300 sec this turn | 300 sec total\n|\n|t:|1783564516\n|-terastallize|p1a: Skeledirge|Fairy\n|move|p2a: Solgaleo|Earthquake|p1a: Skeledirge\n|-damage|p1a: Skeledirge|30/294\n|move|p1a: Skeledirge|Hex|p2a: Solgaleo\n|-supereffective|p2a: Solgaleo\n|-damage|p2a: Solgaleo|0 fnt\n|faint|p2a: Solgaleo\n|\n|upkeep\n|\n|t:|1783564517\n|switch|p2a: Lanturn|Lanturn, L89, M|100/100\n|turn|11\n|inactive|Time left: 300 sec this turn | 300 sec total\n|\n|t:|1783564518\n|switch|p1a: Annihilape|Annihilape, L76, M|292/292\n|move|p2a: Lanturn|Scald|p1a: Annihilape\n|-damage|p1a: Annihilape|204/292\n|\n|-heal|p1a: Annihilape|222/292|[from] item: Leftovers\n|upkeep\n|turn|12\n|inactive|Time left: 300 sec this turn | 300 sec total\n|\n|t:|1783564519\n|move|p1a: Annihilape|Drain Punch|p2a: Lanturn\n|-damage|p2a: Lanturn|77/100\n|-heal|p1a: Annihilape|266/292|[from] drain|[of] p2a: Lanturn\n|move|p2a: Lanturn|Scald|p1a: Annihilape\n|-damage|p1a: Annihilape|175/292\n|\n|-heal|p1a: Annihilape|193/292|[from] item: Leftovers\n|upkeep\n|turn|13\n|inactive|Time left: 300 sec this turn | 300 sec total\n|\n|t:|1783564520\n|move|p1a: Annihilape|Drain Punch|p2a: Lanturn\n|-damage|p2a: Lanturn|52/100\n|-heal|p1a: Annihilape|238/292|[from] drain|[of] p2a: Lanturn\n|move|p2a: Lanturn|Scald|p1a: Annihilape\n|-damage|p1a: Annihilape|156/292\n|-status|p1a: Annihilape|brn\n|\n|-heal|p1a: Annihilape|174/292 brn|[from] item: Leftovers\n|-damage|p1a: Annihilape|156/292 brn|[from] brn\n|upkeep\n|turn|14\n|inactive|Time left: 300 sec this turn | 300 sec total\n|\n|t:|1783564521\n|move|p1a: Annihilape|Bulk Up|p1a: Annihilape\n|-boost|p1a: Annihilape|atk|1\n|-boost|p1a: Annihilape|def|1\n|move|p2a: Lanturn|Scald|p1a: Annihilape\n|-damage|p1a: Annihilape|69/292 brn\n|\n|-heal|p1a: Annihilape|87/292 brn|[from] item: Leftovers\n|-damage|p1a: Annihilape|69/292 brn|[from] brn\n|upkeep\n|turn|15\n|inactive|Time left: 300 sec this turn | 300 sec total\n|\n|t:|1783564522\n|move|p1a: Annihilape|Drain Punch|p2a: Lanturn\n|-damage|p2a: Lanturn|33/100\n|-heal|p1a: Annihilape|105/292 brn|[from] drain|[of] p2a: Lanturn\n|move|p2a: Lanturn|Volt Switch|p1a: Annihilape\n|-damage|p1a: Annihilape|33/292 brn\n|\n|t:|1783564523\n|switch|p2a: Frosmoth|Frosmoth, L82, M|100/100|[from] Volt Switch\n|\n|-heal|p1a: Annihilape|51/292 brn|[from] item: Leftovers\n|-damage|p1a: Annihilape|33/292 brn|[from] brn\n|upkeep\n|turn|16\n|inactive|Time left: 300 sec this turn | 300 sec total\n|\n|t:|1783564524\n|move|p1a: Annihilape|Drain Punch|p2a: Frosmoth\n|-damage|p2a: Frosmoth|69/100\n|-heal|p1a: Annihilape|73/292 brn|[from] drain|[of] p2a: Frosmoth\n|move|p2a: Frosmoth|Quiver Dance|p2a: Frosmoth\n|-boost|p2a: Frosmoth|spa|1\n|-boost|p2a: Frosmoth|spd|1\n|-boost|p2a: Frosmoth|spe|1\n|\n|-heal|p1a: Annihilape|91/292 brn|[from] item: Leftovers\n|-damage|p1a: Annihilape|73/292 brn|[from] brn\n|upkeep\n|turn|17\n|inactive|Time left: 300 sec this turn | 300 sec total\n|\n|t:|1783564525\n|move|p2a: Frosmoth|Ice Beam|p1a: Annihilape\n|-damage|p1a: Annihilape|0 fnt\n|faint|p1a: Annihilape\n|\n|upkeep\n|inactive|Time left: 300 sec this turn | 300 sec total | 5 sec grace\n|\n|t:|1783564526\n|switch|p1a: Ambipom|Ambipom, L84, F|263/263\n|turn|18\n|inactive|Time left: 300 sec this turn | 300 sec total\n|\n|t:|1783564527\n|switch|p2a: Ursaring|Ursaring, L84, F|100/100\n|move|p1a: Ambipom|Double-Edge|p2a: Ursaring\n|-crit|p2a: Ursaring\n|-damage|p2a: Ursaring|39/100\n|-damage|p1a: Ambipom|204/263|[from] Recoil\n|\n|upkeep\n|turn|19\n|inactive|Time left: 300 sec this turn | 300 sec total\n|\n|t:|1783564528\n|-terastallize|p2a: Ursaring|Ghost\n|move|p1a: Ambipom|Double-Edge|p2a: Ursaring\n|-immune|p2a: Ursaring\n|move|p2a: Ursaring|Body Slam|p1a: Ambipom\n|-damage|p1a: Ambipom|72/263\n|-status|p1a: Ambipom|par\n|\n|upkeep\n|turn|20\n|inactive|Time left: 300 sec this turn | 300 sec total\n|\n|t:|1783564529\n|move|p2a: Ursaring|Body Slam|p1a: Ambipom\n|-damage|p1a: Ambipom|0 fnt\n|faint|p1a: Ambipom\n|\n|upkeep\n|inactive|Time left: 300 sec this turn | 300 sec total | 5 sec grace\n|\n|t:|1783564530\n|switch|p1a: Bruxish|Bruxish, L85, F|22/254\n|turn|21\n|inactive|Time left: 300 sec this turn | 300 sec total\n|\n|t:|1783564531\n|move|p1a: Bruxish|Psychic Fangs|p2a: Ursaring\n|-damage|p2a: Ursaring|0 fnt\n|faint|p2a: Ursaring\n|\n|upkeep\n|\n|t:|1783564532\n|switch|p2a: Lanturn|Lanturn, L89, M|33/100\n|turn|22\n|inactive|Time left: 300 sec this turn | 300 sec total\n|\n|t:|1783564533\n|move|p1a: Bruxish|Psychic Fangs|p2a: Lanturn\n|-damage|p2a: Lanturn|0 fnt\n|faint|p2a: Lanturn\n|\n|upkeep\n|\n|t:|1783564534\n|switch|p2a: Frosmoth|Frosmoth, L82, M|69/100\n|turn|23\n|inactive|Time left: 300 sec this turn | 300 sec total\n|\n|t:|1783564534\n|move|p1a: Bruxish|Psychic Fangs|p2a: Frosmoth\n|-damage|p2a: Frosmoth|0 fnt\n|faint|p2a: Frosmoth\n|\n|win|p0x21937f8c", "uploadtime": 1783564534, "views": 0, "rating": 0, "private": 0, "password": null, "_winner": "p0x21937f8c", "_our_name": "p0x21937f8c"}