{"id": "battle-gen9randombattle-904", "formatid": "gen9randombattle", "format": "[Gen 9] Random Battle", "players": ["p0x9048e39", "p0y904d896"], "log": "|init|battle\n|title|p0x9048e39 vs. p0y904d896\n|j|\u2606p0x9048e39\n|j|\u2606p0y904d896\n|t:|1783549640\n|gametype|singles\n|player|p1|p0x9048e39|2|\n|player|p2|p0y904d896|265|\n|gen|9\n|tier|[Gen 9] Random Battle\n|rule|Species Clause: Limit one of each Pok\u00e9mon\n|rule|HP Percentage Mod: HP is shown in percentages\n|rule|Sleep Clause Mod: Limit one foe put to sleep\n|rule|Illusion Level Mod: Illusion disguises the Pok\u00e9mon's true level\n|\n|t:|1783549640\n|teamsize|p1|6\n|teamsize|p2|6\n|start\n|switch|p1a: Kyogre|Kyogre, L71|259/259\n|switch|p2a: Emboar|Emboar, L84, M|100/100\n|-weather|RainDance|[from] ability: Drizzle|[of] p1a: Kyogre\n|turn|1\n|inactive|Battle timer is ON: inactive players will automatically lose when time's up. (requested by p0x9048e39)\n|inactive|p0y904d896 also wants the timer to be on.\n|\n|t:|1783549642\n|switch|p2a: Suicune|Suicune, L82|100/100\n|-ability|p2a: Suicune|Pressure\n|move|p1a: Kyogre|Origin Pulse|p2a: Suicune\n|-resisted|p2a: Suicune\n|-damage|p2a: Suicune|75/100\n|\n|-weather|RainDance|[upkeep]\n|-heal|p2a: Suicune|81/100|[from] item: Leftovers\n|upkeep\n|turn|2\n|inactive|Time left: 300 sec this turn | 300 sec total\n|\n|t:|1783549643\n|move|p2a: Suicune|Calm Mind|p2a: Suicune\n|-boost|p2a: Suicune|spa|1\n|-boost|p2a: Suicune|spd|1\n|move|p1a: Kyogre|Calm Mind|p1a: Kyogre\n|-boost|p1a: Kyogre|spa|1\n|-boost|p1a: Kyogre|spd|1\n|\n|-weather|RainDance|[upkeep]\n|-heal|p2a: Suicune|87/100|[from] item: Leftovers\n|upkeep\n|turn|3\n|inactive|Time left: 300 sec this turn | 300 sec total\n|\n|t:|1783549644\n|move|p2a: Suicune|Calm Mind|p2a: Suicune\n|-boost|p2a: Suicune|spa|1\n|-boost|p2a: Suicune|spd|1\n|move|p1a: Kyogre|Thunder|p2a: Suicune\n|-supereffective|p2a: Suicune\n|-damage|p2a: Suicune|53/100\n|-status|p2a: Suicune|par\n|\n|-weather|RainDance|[upkeep]\n|-heal|p2a: Suicune|59/100 par|[from] item: Leftovers\n|upkeep\n|turn|4\n|inactive|Time left: 300 sec this turn | 300 sec total\n|\n|t:|1783549645\n|move|p1a: Kyogre|Calm Mind|p1a: Kyogre\n|-boost|p1a: Kyogre|spa|1\n|-boost|p1a: Kyogre|spd|1\n|move|p2a: Suicune|Rest|p2a: Suicune\n|-status|p2a: Suicune|slp|[from] move: Rest\n|-heal|p2a: Suicune|100/100 slp|[silent]\n|\n|-weather|RainDance|[upkeep]\n|upkeep\n|turn|5\n|inactive|Time left: 300 sec this turn | 300 sec total\n|\n|t:|1783549646\n|cant|p2a: Suicune|slp\n|move|p2a: Suicune|Sleep Talk|p2a: Suicune\n|move|p2a: Suicune|Rest||[from] move: Sleep Talk|[still]\n|-fail|p2a: Suicune\n|move|p1a: Kyogre|Thunder|p2a: Suicune\n|-supereffective|p2a: Suicune\n|-damage|p2a: Suicune|58/100 slp\n|\n|-weather|none\n|-heal|p2a: Suicune|64/100 slp|[from] item: Leftovers\n|upkeep\n|turn|6\n|inactive|Time left: 300 sec this turn | 300 sec total\n|\n|t:|1783549647\n|cant|p2a: Suicune|slp\n|move|p2a: Suicune|Sleep Talk|p2a: Suicune\n|move|p2a: Suicune|Calm Mind|p2a: Suicune|[from] move: Sleep Talk\n|-boost|p2a: Suicune|spa|1\n|-boost|p2a: Suicune|spd|1\n|move|p1a: Kyogre|Thunder|p2a: Suicune|[miss]\n|-miss|p1a: Kyogre|p2a: Suicune\n|\n|-heal|p2a: Suicune|70/100 slp|[from] item: Leftovers\n|upkeep\n|turn|7\n|inactive|Time left: 300 sec this turn | 300 sec total\n|\n|t:|1783549648\n|-curestatus|p2a: Suicune|slp|[msg]\n|move|p2a: Suicune|Calm Mind|p2a: Suicune\n|-boost|p2a: Suicune|spa|1\n|-boost|p2a: Suicune|spd|1\n|move|p1a: Kyogre|Thunder|p2a: Suicune|[miss]\n|-miss|p1a: Kyogre|p2a: Suicune\n|\n|-heal|p2a: Suicune|76/100|[from] item: Leftovers\n|upkeep\n|turn|8\n|inactive|Time left: 300 sec this turn | 300 sec total\n|\n|t:|1783549649\n|move|p2a: Suicune|Scald|p1a: Kyogre\n|-resisted|p1a: Kyogre\n|-damage|p1a: Kyogre|211/259\n|move|p1a: Kyogre|Calm Mind|p1a: Kyogre\n|-boost|p1a: Kyogre|spa|1\n|-boost|p1a: Kyogre|spd|1\n|\n|-heal|p2a: Suicune|82/100|[from] item: Leftovers\n|-heal|p1a: Kyogre|227/259|[from] item: Leftovers\n|upkeep\n|turn|9\n|inactive|Time left: 300 sec this turn | 300 sec total\n|\n|t:|1783549650\n|move|p2a: Suicune|Scald|p1a: Kyogre\n|-resisted|p1a: Kyogre\n|-damage|p1a: Kyogre|187/259\n|move|p1a: Kyogre|Thunder|p2a: Suicune\n|-supereffective|p2a: Suicune\n|-damage|p2a: Suicune|41/100\n|\n|-heal|p2a: Suicune|47/100|[from] item: Leftovers\n|-heal|p1a: Kyogre|203/259|[from] item: Leftovers\n|upkeep\n|turn|10\n|inactive|Time left: 300 sec this turn | 300 sec total\n|\n|t:|1783549651\n|move|p2a: Suicune|Rest|p2a: Suicune\n|-status|p2a: Suicune|slp|[from] move: Rest\n|-heal|p2a: Suicune|100/100 slp|[silent]\n|move|p1a: Kyogre|Thunder|p2a: Suicune\n|-supereffective|p2a: Suicune\n|-damage|p2a: Suicune|61/100 slp\n|\n|-heal|p2a: Suicune|67/100 slp|[from] item: Leftovers\n|-heal|p1a: Kyogre|219/259|[from] item: Leftovers\n|upkeep\n|turn|11\n|inactive|Time left: 300 sec this turn | 300 sec total\n|\n|t:|1783549652\n|cant|p2a: Suicune|slp\n|move|p2a: Suicune|Sleep Talk|p2a: Suicune\n|move|p2a: Suicune|Calm Mind|p2a: Suicune|[from] move: Sleep Talk\n|-boost|p2a: Suicune|spa|1\n|-boost|p2a: Suicune|spd|1\n|move|p1a: Kyogre|Thunder|p2a: Suicune\n|-supereffective|p2a: Suicune\n|-damage|p2a: Suicune|37/100 slp\n|\n|-heal|p2a: Suicune|43/100 slp|[from] item: Leftovers\n|-heal|p1a: Kyogre|235/259|[from] item: Leftovers\n|upkeep\n|turn|12\n|inactive|Time left: 300 sec this turn | 300 sec total\n|\n|t:|1783549653\n|cant|p2a: Suicune|slp\n|move|p2a: Suicune|Sleep Talk|p2a: Suicune\n|move|p2a: Suicune|Scald|p1a: Kyogre|[from] move: Sleep Talk\n|-resisted|p1a: Kyogre\n|-damage|p1a: Kyogre|193/259\n|move|p1a: Kyogre|Thunder|p2a: Suicune\n|-supereffective|p2a: Suicune\n|-damage|p2a: Suicune|13/100 slp\n|\n|-heal|p2a: Suicune|19/100 slp|[from] item: Leftovers\n|-heal|p1a: Kyogre|209/259|[from] item: Leftovers\n|upkeep\n|turn|13\n|inactive|Time left: 300 sec this turn | 300 sec total\n|\n|t:|1783549654\n|-curestatus|p2a: Suicune|slp|[msg]\n|move|p2a: Suicune|Rest|p2a: Suicune\n|-status|p2a: Suicune|slp|[from] move: Rest\n|-heal|p2a: Suicune|100/100 slp|[silent]\n|move|p1a: Kyogre|Calm Mind|p1a: Kyogre\n|-boost|p1a: Kyogre|spa|1\n|-boost|p1a: Kyogre|spd|1\n|\n|-heal|p1a: Kyogre|225/259|[from] item: Leftovers\n|upkeep\n|turn|14\n|inactive|Time left: 300 sec this turn | 300 sec total\n|\n|t:|1783549655\n|cant|p2a: Suicune|slp\n|move|p1a: Kyogre|Calm Mind|p1a: Kyogre\n|-boost|p1a: Kyogre|spa|1\n|-boost|p1a: Kyogre|spd|1\n|\n|-heal|p1a: Kyogre|241/259|[from] item: Leftovers\n|upkeep\n|turn|15\n|inactive|Time left: 300 sec this turn | 300 sec total\n|\n|t:|1783549656\n|cant|p2a: Suicune|slp\n|move|p2a: Suicune|Sleep Talk|p2a: Suicune\n|move|p2a: Suicune|Calm Mind|p2a: Suicune|[from] move: Sleep Talk\n|-boost|p2a: Suicune|spa|1\n|-boost|p2a: Suicune|spd|1\n|move|p1a: Kyogre|Calm Mind|p1a: Kyogre\n|-boost|p1a: Kyogre|spa|1\n|-boost|p1a: Kyogre|spd|1\n|\n|-heal|p1a: Kyogre|257/259|[from] item: Leftovers\n|upkeep\n|turn|16\n|inactive|Time left: 300 sec this turn | 300 sec total\n|\n|t:|1783549657\n|-curestatus|p2a: Suicune|slp|[msg]\n|move|p2a: Suicune|Scald|p1a: Kyogre\n|-resisted|p1a: Kyogre\n|-damage|p1a: Kyogre|228/259\n|move|p1a: Kyogre|Origin Pulse|p2a: Suicune\n|-resisted|p2a: Suicune\n|-damage|p2a: Suicune|83/100\n|\n|-heal|p2a: Suicune|89/100|[from] item: Leftovers\n|-heal|p1a: Kyogre|244/259|[from] item: Leftovers\n|upkeep\n|turn|17\n|inactive|Time left: 300 sec this turn | 300 sec total\n|\n|t:|1783549658\n|move|p2a: Suicune|Scald|p1a: Kyogre\n|-resisted|p1a: Kyogre\n|-damage|p1a: Kyogre|215/259\n|move|p1a: Kyogre|Ice Beam|p2a: Suicune\n|-resisted|p2a: Suicune\n|-damage|p2a: Suicune|79/100\n|\n|-heal|p2a: Suicune|85/100|[from] item: Leftovers\n|-heal|p1a: Kyogre|231/259|[from] item: Leftovers\n|upkeep\n|turn|18\n|inactive|Time left: 300 sec this turn | 300 sec total\n|\n|t:|1783549659\n|move|p2a: Suicune|Scald|p1a: Kyogre\n|-resisted|p1a: Kyogre\n|-damage|p1a: Kyogre|201/259\n|move|p1a: Kyogre|Origin Pulse|p2a: Suicune\n|-resisted|p2a: Suicune\n|-damage|p2a: Suicune|67/100\n|\n|-heal|p2a: Suicune|73/100|[from] item: Leftovers\n|-heal|p1a: Kyogre|217/259|[from] item: Leftovers\n|upkeep\n|turn|19\n|inactive|Time left: 300 sec this turn | 300 sec total\n|\n|t:|1783549660\n|move|p2a: Suicune|Scald|p1a: Kyogre\n|-resisted|p1a: Kyogre\n|-damage|p1a: Kyogre|184/259\n|move|p1a: Kyogre|Ice Beam|p2a: Suicune\n|-resisted|p2a: Suicune\n|-damage|p2a: Suicune|65/100\n|\n|-heal|p2a: Suicune|71/100|[from] item: Leftovers\n|-heal|p1a: Kyogre|200/259|[from] item: Leftovers\n|upkeep\n|turn|20\n|inactive|Time left: 300 sec this turn | 300 sec total\n|\n|t:|1783549661\n|move|p2a: Suicune|Scald|p1a: Kyogre\n|-resisted|p1a: Kyogre\n|-damage|p1a: Kyogre|167/259\n|move|p1a: Kyogre|Origin Pulse|p2a: Suicune\n|-resisted|p2a: Suicune\n|-damage|p2a: Suicune|56/100\n|\n|-heal|p2a: Suicune|62/100|[from] item: Leftovers\n|-heal|p1a: Kyogre|183/259|[from] item: Leftovers\n|upkeep\n|turn|21\n|inactive|Time left: 300 sec this turn | 300 sec total\n|\n|t:|1783549663\n|move|p2a: Suicune|Scald|p1a: Kyogre\n|-resisted|p1a: Kyogre\n|-damage|p1a: Kyogre|153/259\n|move|p1a: Kyogre|Ice Beam|p2a: Suicune\n|-resisted|p2a: Suicune\n|-damage|p2a: Suicune|53/100\n|\n|-heal|p2a: Suicune|59/100|[from] item: Leftovers\n|-heal|p1a: Kyogre|169/259|[from] item: Leftovers\n|upkeep\n|turn|22\n|inactive|Time left: 300 sec this turn | 300 sec total\n|\n|t:|1783549664\n|move|p2a: Suicune|Scald|p1a: Kyogre\n|-resisted|p1a: Kyogre\n|-damage|p1a: Kyogre|140/259\n|-status|p1a: Kyogre|brn\n|move|p1a: Kyogre|Origin Pulse|p2a: Suicune|[miss]\n|-miss|p1a: Kyogre|p2a: Suicune\n|\n|-heal|p2a: Suicune|65/100|[from] item: Leftovers\n|-heal|p1a: Kyogre|156/259 brn|[from] item: Leftovers\n|-damage|p1a: Kyogre|140/259 brn|[from] brn\n|upkeep\n|turn|23\n|inactive|Time left: 300 sec this turn | 300 sec total\n|\n|t:|1783549664\n|move|p2a: Suicune|Scald|p1a: Kyogre\n|-resisted|p1a: Kyogre\n|-crit|p1a: Kyogre\n|-damage|p1a: Kyogre|0 fnt\n|faint|p1a: Kyogre\n|\n|-heal|p2a: Suicune|71/100|[from] item: Leftovers\n|upkeep\n|inactive|Time left: 300 sec this turn | 300 sec total | 5 sec grace\n|\n|t:|1783549665\n|switch|p1a: Dipplin|Dipplin, L88, M|284/284\n|turn|24\n|inactive|Time left: 300 sec this turn | 300 sec total\n|\n|t:|1783549667\n|move|p2a: Suicune|Scald|p1a: Dipplin\n|-resisted|p1a: Dipplin\n|-damage|p1a: Dipplin|236/284\n|move|p1a: Dipplin|Dragon Tail|p2a: Suicune\n|-damage|p2a: Suicune|54/100\n|drag|p2a: Luvdisc|Luvdisc, F|100/100\n|\n|upkeep\n|turn|25\n|inactive|Time left: 300 sec this turn | 300 sec total\n|\n|t:|1783549668\n|switch|p2a: Wigglytuff|Wigglytuff, L96, F|100/100\n|move|p1a: Dipplin|Giga Drain|p2a: Wigglytuff\n|-damage|p2a: Wigglytuff|76/100\n|-heal|p1a: Dipplin|284/284|[from] drain|[of] p2a: Wigglytuff\n|\n|-heal|p2a: Wigglytuff|82/100|[from] item: Leftovers\n|upkeep\n|turn|26\n|inactive|Time left: 300 sec this turn | 300 sec total\n|\n|t:|1783549669\n|move|p2a: Wigglytuff|Alluring Voice|p1a: Dipplin\n|-supereffective|p1a: Dipplin\n|-crit|p1a: Dipplin\n|-damage|p1a: Dipplin|74/284\n|move|p1a: Dipplin|Giga Drain|p2a: Wigglytuff\n|-damage|p2a: Wigglytuff|54/100\n|-heal|p1a: Dipplin|134/284|[from] drain|[of] p2a: Wigglytuff\n|\n|-heal|p2a: Wigglytuff|60/100|[from] item: Leftovers\n|upkeep\n|turn|27\n|inactive|Time left: 300 sec this turn | 300 sec total\n|\n|t:|1783549670\n|move|p2a: Wigglytuff|Alluring Voice|p1a: Dipplin\n|-supereffective|p1a: Dipplin\n|-crit|p1a: Dipplin\n|-damage|p1a: Dipplin|0 fnt\n|faint|p1a: Dipplin\n|\n|-heal|p2a: Wigglytuff|66/100|[from] item: Leftovers\n|upkeep\n|inactive|Time left: 300 sec this turn | 300 sec total | 5 sec grace\n|\n|t:|1783549671\n|switch|p1a: Girafarig|Girafarig, L89, F|269/269\n|turn|28\n|inactive|Time left: 300 sec this turn | 300 sec total\n|\n|t:|1783549672\n|move|p1a: Girafarig|Nasty Plot|p1a: Girafarig\n|-boost|p1a: Girafarig|spa|2\n|move|p2a: Wigglytuff|Alluring Voice|p1a: Girafarig\n|-damage|p1a: Girafarig|184/269\n|-start|p1a: Girafarig|confusion\n|\n|-heal|p2a: Wigglytuff|72/100|[from] item: Leftovers\n|upkeep\n|turn|29\n|inactive|Time left: 300 sec this turn | 300 sec total\n|\n|t:|1783549673\n|-activate|p1a: Girafarig|confusion\n|move|p1a: Girafarig|Psyshock|p2a: Wigglytuff\n|-damage|p2a: Wigglytuff|18/100\n|move|p2a: Wigglytuff|Alluring Voice|p1a: Girafarig\n|-damage|p1a: Girafarig|97/269\n|\n|-heal|p2a: Wigglytuff|24/100|[from] item: Leftovers\n|upkeep\n|turn|30\n|inactive|Time left: 300 sec this turn | 300 sec total\n|\n|t:|1783549675\n|move|p2a: Wigglytuff|Protect|p2a: Wigglytuff\n|-singleturn|p2a: Wigglytuff|Protect\n|-activate|p1a: Girafarig|confusion\n|move|p1a: Girafarig|Psyshock|p2a: Wigglytuff\n|-activate|p2a: Wigglytuff|move: Protect\n|\n|-heal|p2a: Wigglytuff|30/100|[from] item: Leftovers\n|upkeep\n|turn|31\n|inactive|Time left: 300 sec this turn | 300 sec total\n|\n|t:|1783549676\n|-end|p1a: Girafarig|confusion\n|move|p1a: Girafarig|Hyper Voice|p2a: Wigglytuff\n|-damage|p2a: Wigglytuff|0 fnt\n|faint|p2a: Wigglytuff\n|\n|upkeep\n|\n|t:|1783549677\n|switch|p2a: Sudowoodo|Sudowoodo, L94, F|100/100\n|turn|32\n|inactive|Time left: 300 sec this turn | 300 sec total\n|\n|t:|1783549677\n|-terastallize|p1a: Girafarig|Electric\n|move|p1a: Girafarig|Thunderbolt|p2a: Sudowoodo\n|-damage|p2a: Sudowoodo|26/100\n|move|p2a: Sudowoodo|Earthquake|p1a: Girafarig\n|-supereffective|p1a: Girafarig\n|-damage|p1a: Girafarig|0 fnt\n|faint|p1a: Girafarig\n|\n|upkeep\n|inactive|Time left: 300 sec this turn | 300 sec total | 5 sec grace\n|\n|t:|1783549678\n|switch|p1a: Chandelure|Chandelure, L83, F|235/235\n|turn|33\n|inactive|Time left: 300 sec this turn | 300 sec total\n|\n|t:|1783549679\n|switch|p2a: Suicune|Suicune, L82|54/100\n|-ability|p2a: Suicune|Pressure\n|move|p1a: Chandelure|Shadow Ball|p2a: Suicune\n|-damage|p2a: Suicune|21/100\n|\n|-heal|p2a: Suicune|27/100|[from] item: Leftovers\n|upkeep\n|turn|34\n|inactive|Time left: 300 sec this turn | 300 sec total\n|\n|t:|1783549680\n|move|p1a: Chandelure|Shadow Ball|p2a: Suicune\n|-damage|p2a: Suicune|0 fnt\n|faint|p2a: Suicune\n|\n|upkeep\n|\n|t:|1783549681\n|switch|p2a: Oricorio|Oricorio-Pom-Pom, L82, M|100/100\n|turn|35\n|inactive|Time left: 300 sec this turn | 300 sec total\n|\n|t:|1783549682\n|move|p1a: Chandelure|Shadow Ball|p2a: Oricorio\n|-damage|p2a: Oricorio|46/100\n|move|p2a: Oricorio|Quiver Dance|p2a: Oricorio\n|-boost|p2a: Oricorio|spa|1\n|-boost|p2a: Oricorio|spd|1\n|-boost|p2a: Oricorio|spe|1\n|\n|upkeep\n|turn|36\n|inactive|Time left: 300 sec this turn | 300 sec total\n|\n|t:|1783549683\n|move|p2a: Oricorio|Roost|p2a: Oricorio\n|-heal|p2a: Oricorio|97/100\n|-singleturn|p2a: Oricorio|move: Roost\n|move|p1a: Chandelure|Shadow Ball|p2a: Oricorio\n|-damage|p2a: Oricorio|57/100\n|\n|upkeep\n|turn|37\n|inactive|Time left: 300 sec this turn | 300 sec total\n|\n|t:|1783549685\n|move|p2a: Oricorio|Quiver Dance|p2a: Oricorio\n|-boost|p2a: Oricorio|spa|1\n|-boost|p2a: Oricorio|spd|1\n|-boost|p2a: Oricorio|spe|1\n|move|p1a: Chandelure|Shadow Ball|p2a: Oricorio\n|-damage|p2a: Oricorio|30/100\n|\n|upkeep\n|turn|38\n|inactive|Time left: 300 sec this turn | 300 sec total\n|\n|t:|1783549686\n|move|p2a: Oricorio|Roost|p2a: Oricorio\n|-heal|p2a: Oricorio|80/100\n|-singleturn|p2a: Oricorio|move: Roost\n|move|p1a: Chandelure|Shadow Ball|p2a: Oricorio\n|-damage|p2a: Oricorio|52/100\n|\n|upkeep\n|turn|39\n|inactive|Time left: 300 sec this turn | 300 sec total\n|\n|t:|1783549687\n|move|p2a: Oricorio|Quiver Dance|p2a: Oricorio\n|-boost|p2a: Oricorio|spa|1\n|-boost|p2a: Oricorio|spd|1\n|-boost|p2a: Oricorio|spe|1\n|move|p1a: Chandelure|Shadow Ball|p2a: Oricorio\n|-damage|p2a: Oricorio|32/100\n|\n|upkeep\n|turn|40\n|inactive|Time left: 300 sec this turn | 300 sec total\n|\n|t:|1783549688\n|switch|p1a: Kingambit|Kingambit, L74, M|270/270\n|-activate|p1a: Kingambit|ability: Supreme Overlord\n|-start|p1a: Kingambit|fallen3|[silent]\n|move|p2a: Oricorio|Roost|p2a: Oricorio\n|-heal|p2a: Oricorio|83/100\n|-singleturn|p2a: Oricorio|move: Roost\n|\n|upkeep\n|turn|41\n|inactive|Time left: 300 sec this turn | 300 sec total\n|\n|t:|1783549689\n|-terastallize|p2a: Oricorio|Ground\n|move|p1a: Kingambit|Sucker Punch|p2a: Oricorio\n|-damage|p2a: Oricorio|40/100\n|move|p2a: Oricorio|Revelation Dance|p1a: Kingambit\n|-supereffective|p1a: Kingambit\n|-damage|p1a: Kingambit|0 fnt\n|faint|p1a: Kingambit\n|-end|p1a: Kingambit|fallen3|[silent]\n|\n|upkeep\n|inactive|Time left: 300 sec this turn | 300 sec total | 5 sec grace\n|\n|t:|1783549690\n|switch|p1a: Trevenant|Trevenant, L89, M|296/296\n|turn|42\n|inactive|Time left: 300 sec this turn | 300 sec total\n|\n|t:|1783549691\n|move|p1a: Trevenant|Protect|p1a: Trevenant\n|-singleturn|p1a: Trevenant|Protect\n|move|p2a: Oricorio|Hurricane|p1a: Trevenant\n|-activate|p1a: Trevenant|move: Protect\n|\n|upkeep\n|turn|43\n|inactive|Time left: 300 sec this turn | 300 sec total\n|\n|t:|1783549692\n|move|p2a: Oricorio|Hurricane|p1a: Trevenant\n|-supereffective|p1a: Trevenant\n|-damage|p1a: Trevenant|0 fnt\n|faint|p1a: Trevenant\n|\n|upkeep\n|inactive|Time left: 300 sec this turn | 300 sec total | 5 sec grace\n|\n|t:|1783549693\n|switch|p1a: Chandelure|Chandelure, L83, F|235/235\n|turn|44\n|inactive|Time left: 300 sec this turn | 300 sec total\n|\n|t:|1783549694\n|move|p2a: Oricorio|Revelation Dance|p1a: Chandelure\n|-supereffective|p1a: Chandelure\n|-damage|p1a: Chandelure|0 fnt\n|faint|p1a: Chandelure\n|\n|win|p0y904d896", "uploadtime": 1783549694, "views": 0, "rating": 0, "private": 0, "password": null, "_winner": "p0y904d896", "_our_name": "p0x9048e39"}