{"id": "battle-gen9randombattle-172", "formatid": "gen9randombattle", "format": "[Gen 9] Random Battle", "players": ["p0x1727c74", "p0y17230ac"], "log": "|init|battle\n|title|p0x1727c74 vs. p0y17230ac\n|j|\u2606p0x1727c74\n|j|\u2606p0y17230ac\n|t:|1783541574\n|gametype|singles\n|player|p1|p0x1727c74|169|\n|player|p2|p0y17230ac|2|\n|gen|9\n|tier|[Gen 9] Random Battle\n|rule|Species Clause: Limit one of each Pok\u00e9mon\n|rule|HP Percentage Mod: HP is shown in percentages\n|rule|Sleep Clause Mod: Limit one foe put to sleep\n|rule|Illusion Level Mod: Illusion disguises the Pok\u00e9mon's true level\n|\n|t:|1783541574\n|teamsize|p1|6\n|teamsize|p2|6\n|start\n|switch|p1a: Umbreon|Umbreon, L84, M|297/297\n|switch|p2a: Regigigas|Regigigas, L84|100/100\n|-start|p2a: Regigigas|ability: Slow Start\n|turn|1\n|inactive|Battle timer is ON: inactive players will automatically lose when time's up. (requested by p0y17230ac)\n|inactive|Time left: 300 sec this turn | 300 sec total | 60 sec grace\n|\n|t:|1783541575\n|switch|p2a: Amoonguss|Amoonguss, L82, M|100/100\n|move|p1a: Umbreon|Toxic|p2a: Amoonguss\n|-immune|p2a: Amoonguss\n|\n|upkeep\n|turn|2\n|inactive|Time left: 300 sec this turn | 300 sec total\n|inactive|p0x1727c74 also wants the timer to be on.\n|\n|t:|1783541576\n|move|p1a: Umbreon|Protect|p1a: Umbreon\n|-singleturn|p1a: Umbreon|Protect\n|move|p2a: Amoonguss|Spore|p1a: Umbreon\n|-activate|p1a: Umbreon|move: Protect\n|\n|upkeep\n|turn|3\n|inactive|Time left: 300 sec this turn | 300 sec total\n|\n|t:|1783541577\n|move|p1a: Umbreon|Foul Play|p2a: Amoonguss\n|-damage|p2a: Amoonguss|72/100\n|-damage|p1a: Umbreon|248/297|[from] item: Rocky Helmet|[of] p2a: Amoonguss\n|move|p2a: Amoonguss|Spore|p1a: Umbreon\n|-status|p1a: Umbreon|slp|[from] move: Spore\n|\n|-heal|p1a: Umbreon|266/297 slp|[from] item: Leftovers\n|upkeep\n|turn|4\n|inactive|Time left: 300 sec this turn | 300 sec total\n|\n|t:|1783541578\n|switch|p2a: Porygon-Z|Porygon-Z, L83|100/100\n|cant|p1a: Umbreon|slp\n|\n|-heal|p1a: Umbreon|284/297 slp|[from] item: Leftovers\n|upkeep\n|turn|5\n|inactive|Time left: 300 sec this turn | 300 sec total\n|\n|t:|1783541580\n|cant|p1a: Umbreon|slp\n|move|p2a: Porygon-Z|Nasty Plot|p2a: Porygon-Z\n|-boost|p2a: Porygon-Z|spa|2\n|\n|-heal|p1a: Umbreon|297/297 slp|[from] item: Leftovers\n|upkeep\n|turn|6\n|inactive|Time left: 300 sec this turn | 300 sec total\n|\n|t:|1783541580\n|-curestatus|p1a: Umbreon|slp|[msg]\n|move|p1a: Umbreon|Protect|p1a: Umbreon\n|-singleturn|p1a: Umbreon|Protect\n|move|p2a: Porygon-Z|Tera Blast|p1a: Umbreon\n|-activate|p1a: Umbreon|move: Protect\n|\n|upkeep\n|turn|7\n|inactive|Time left: 300 sec this turn | 300 sec total\n|\n|t:|1783541581\n|move|p2a: Porygon-Z|Tera Blast|p1a: Umbreon\n|-damage|p1a: Umbreon|32/297\n|-damage|p2a: Porygon-Z|91/100|[from] item: Life Orb\n|move|p1a: Umbreon|Foul Play|p2a: Porygon-Z\n|-damage|p2a: Porygon-Z|61/100\n|\n|-heal|p1a: Umbreon|50/297|[from] item: Leftovers\n|upkeep\n|turn|8\n|inactive|Time left: 300 sec this turn | 300 sec total\n|\n|t:|1783541583\n|move|p1a: Umbreon|Protect|p1a: Umbreon\n|-singleturn|p1a: Umbreon|Protect\n|move|p2a: Porygon-Z|Tera Blast|p1a: Umbreon\n|-activate|p1a: Umbreon|move: Protect\n|\n|-heal|p1a: Umbreon|68/297|[from] item: Leftovers\n|upkeep\n|turn|9\n|inactive|Time left: 300 sec this turn | 300 sec total\n|\n|t:|1783541584\n|move|p2a: Porygon-Z|Tera Blast|p1a: Umbreon\n|-damage|p1a: Umbreon|0 fnt\n|faint|p1a: Umbreon\n|-damage|p2a: Porygon-Z|51/100|[from] item: Life Orb\n|\n|upkeep\n|inactive|Time left: 300 sec this turn | 300 sec total | 5 sec grace\n|\n|t:|1783541585\n|switch|p1a: Spectrier|Spectrier, L75|274/274\n|turn|10\n|inactive|Time left: 300 sec this turn | 300 sec total\n|\n|t:|1783541586\n|move|p1a: Spectrier|Substitute|p1a: Spectrier\n|-start|p1a: Spectrier|Substitute\n|-damage|p1a: Spectrier|206/274\n|move|p2a: Porygon-Z|Shadow Ball|p1a: Spectrier\n|-supereffective|p1a: Spectrier\n|-end|p1a: Spectrier|Substitute\n|-damage|p2a: Porygon-Z|42/100|[from] item: Life Orb\n|\n|-heal|p1a: Spectrier|223/274|[from] item: Leftovers\n|upkeep\n|turn|11\n|inactive|Time left: 300 sec this turn | 300 sec total\n|\n|t:|1783541587\n|move|p1a: Spectrier|Substitute|p1a: Spectrier\n|-start|p1a: Spectrier|Substitute\n|-damage|p1a: Spectrier|155/274\n|move|p2a: Porygon-Z|Shadow Ball|p1a: Spectrier\n|-supereffective|p1a: Spectrier\n|-end|p1a: Spectrier|Substitute\n|-damage|p2a: Porygon-Z|32/100|[from] item: Life Orb\n|\n|-heal|p1a: Spectrier|172/274|[from] item: Leftovers\n|upkeep\n|turn|12\n|inactive|Time left: 300 sec this turn | 300 sec total\n|\n|t:|1783541588\n|move|p1a: Spectrier|Substitute|p1a: Spectrier\n|-start|p1a: Spectrier|Substitute\n|-damage|p1a: Spectrier|104/274\n|move|p2a: Porygon-Z|Shadow Ball|p1a: Spectrier\n|-supereffective|p1a: Spectrier\n|-end|p1a: Spectrier|Substitute\n|-damage|p2a: Porygon-Z|22/100|[from] item: Life Orb\n|\n|-heal|p1a: Spectrier|121/274|[from] item: Leftovers\n|upkeep\n|turn|13\n|inactive|Time left: 300 sec this turn | 300 sec total\n|\n|t:|1783541589\n|-terastallize|p1a: Spectrier|Fairy\n|move|p1a: Spectrier|Draining Kiss|p2a: Porygon-Z\n|-damage|p2a: Porygon-Z|0 fnt\n|-heal|p1a: Spectrier|166/274|[from] drain|[of] p2a: Porygon-Z\n|faint|p2a: Porygon-Z\n|-ability|p1a: Spectrier|Grim Neigh|boost\n|-boost|p1a: Spectrier|spa|1\n|\n|-heal|p1a: Spectrier|183/274|[from] item: Leftovers\n|upkeep\n|\n|t:|1783541591\n|switch|p2a: Rillaboom|Rillaboom, L79, F|100/100\n|-fieldstart|move: Grassy Terrain|[from] ability: Grassy Surge|[of] p2a: Rillaboom\n|turn|14\n|inactive|Time left: 300 sec this turn | 300 sec total\n|\n|t:|1783541592\n|move|p1a: Spectrier|Shadow Ball|p2a: Rillaboom\n|-damage|p2a: Rillaboom|40/100\n|move|p2a: Rillaboom|Wood Hammer|p1a: Spectrier\n|-damage|p1a: Spectrier|0 fnt\n|faint|p1a: Spectrier\n|-damage|p2a: Rillaboom|19/100|[from] Recoil\n|\n|-heal|p2a: Rillaboom|25/100|[from] Grassy Terrain\n|upkeep\n|inactive|Time left: 300 sec this turn | 300 sec total | 5 sec grace\n|\n|t:|1783541593\n|switch|p1a: Honchkrow|Honchkrow, L86, F|312/312\n|turn|15\n|inactive|Time left: 300 sec this turn | 300 sec total\n|\n|t:|1783541594\n|move|p1a: Honchkrow|Sucker Punch|p2a: Rillaboom\n|-damage|p2a: Rillaboom|0 fnt\n|faint|p2a: Rillaboom\n|-ability|p1a: Honchkrow|Moxie|boost\n|-boost|p1a: Honchkrow|atk|1\n|\n|upkeep\n|\n|t:|1783541595\n|switch|p2a: Hitmonchan|Hitmonchan, L87, M|100/100\n|turn|16\n|inactive|Time left: 300 sec this turn | 300 sec total\n|\n|t:|1783541596\n|move|p2a: Hitmonchan|Ice Punch|p1a: Honchkrow\n|-supereffective|p1a: Honchkrow\n|-damage|p1a: Honchkrow|52/312\n|-status|p1a: Honchkrow|frz\n|-damage|p2a: Hitmonchan|91/100|[from] item: Life Orb\n|-curestatus|p1a: Honchkrow|frz|[msg]\n|move|p1a: Honchkrow|Brave Bird|p2a: Hitmonchan\n|-supereffective|p2a: Hitmonchan\n|-damage|p2a: Hitmonchan|0 fnt\n|faint|p2a: Hitmonchan\n|-ability|p1a: Honchkrow|Moxie|boost\n|-boost|p1a: Honchkrow|atk|1\n|-damage|p1a: Honchkrow|0 fnt|[from] Recoil\n|faint|p1a: Honchkrow\n|\n|upkeep\n|inactive|Time left: 300 sec this turn | 300 sec total | 5 sec grace\n|\n|t:|1783541597\n|switch|p2a: Houndoom|Houndoom, L87, M|100/100\n|switch|p1a: Clodsire|Clodsire, L81, F|343/343\n|turn|17\n|inactive|Time left: 300 sec this turn | 300 sec total\n|\n|t:|1783541598\n|move|p2a: Houndoom|Nasty Plot|p2a: Houndoom\n|-boost|p2a: Houndoom|spa|2\n|move|p1a: Clodsire|Toxic|p2a: Houndoom\n|-status|p2a: Houndoom|tox\n|\n|-damage|p2a: Houndoom|94/100 tox|[from] psn\n|upkeep\n|turn|18\n|inactive|Time left: 300 sec this turn | 300 sec total\n|\n|t:|1783541599\n|move|p2a: Houndoom|Fire Blast|p1a: Clodsire\n|-crit|p1a: Clodsire\n|-damage|p1a: Clodsire|0 fnt\n|faint|p1a: Clodsire\n|\n|-heal|p2a: Houndoom|100/100 tox|[from] Grassy Terrain\n|-damage|p2a: Houndoom|88/100 tox|[from] psn\n|-fieldend|move: Grassy Terrain\n|upkeep\n|inactive|Time left: 300 sec this turn | 300 sec total | 5 sec grace\n|\n|t:|1783541600\n|switch|p1a: Whiscash|Whiscash, L88, M|337/337\n|turn|19\n|inactive|Time left: 300 sec this turn | 300 sec total\n|\n|t:|1783541601\n|move|p2a: Houndoom|Dark Pulse|p1a: Whiscash\n|-damage|p1a: Whiscash|132/337\n|move|p1a: Whiscash|Earthquake|p2a: Houndoom\n|-supereffective|p2a: Houndoom\n|-crit|p2a: Houndoom\n|-damage|p2a: Houndoom|0 fnt\n|faint|p2a: Houndoom\n|\n|-heal|p1a: Whiscash|153/337|[from] item: Leftovers\n|upkeep\n|\n|t:|1783541602\n|switch|p2a: Amoonguss|Amoonguss, L82, M|100/100\n|turn|20\n|inactive|Time left: 300 sec this turn | 300 sec total\n|\n|t:|1783541603\n|switch|p1a: Bellibolt|Bellibolt, L84, M|320/320\n|move|p2a: Amoonguss|Giga Drain|p1a: Bellibolt\n|-crit|p1a: Bellibolt\n|-damage|p1a: Bellibolt|212/320\n|-start|p1a: Bellibolt|Charge|Giga Drain|[from] ability: Electromorphosis\n|\n|-heal|p1a: Bellibolt|232/320|[from] item: Leftovers\n|upkeep\n|turn|21\n|inactive|Time left: 300 sec this turn | 300 sec total\n|\n|t:|1783541604\n|move|p1a: Bellibolt|Thunderbolt|p2a: Amoonguss\n|-resisted|p2a: Amoonguss\n|-damage|p2a: Amoonguss|66/100\n|-end|p1a: Bellibolt|Charge|[silent]\n|move|p2a: Amoonguss|Toxic|p1a: Bellibolt\n|-status|p1a: Bellibolt|tox\n|\n|-heal|p1a: Bellibolt|252/320 tox|[from] item: Leftovers\n|-damage|p1a: Bellibolt|232/320 tox|[from] psn\n|upkeep\n|turn|22\n|inactive|Time left: 300 sec this turn | 300 sec total\n|\n|t:|1783541605\n|move|p1a: Bellibolt|Thunderbolt|p2a: Amoonguss\n|-resisted|p2a: Amoonguss\n|-damage|p2a: Amoonguss|47/100\n|move|p2a: Amoonguss|Giga Drain|p1a: Bellibolt\n|-damage|p1a: Bellibolt|160/320 tox\n|-heal|p2a: Amoonguss|58/100|[from] drain|[of] p1a: Bellibolt\n|-start|p1a: Bellibolt|Charge|Giga Drain|[from] ability: Electromorphosis\n|\n|-heal|p1a: Bellibolt|180/320 tox|[from] item: Leftovers\n|-damage|p1a: Bellibolt|140/320 tox|[from] psn\n|upkeep\n|turn|23\n|inactive|Time left: 300 sec this turn | 300 sec total\n|\n|t:|1783541606\n|move|p1a: Bellibolt|Thunderbolt|p2a: Amoonguss\n|-resisted|p2a: Amoonguss\n|-damage|p2a: Amoonguss|25/100\n|-end|p1a: Bellibolt|Charge|[silent]\n|move|p2a: Amoonguss|Giga Drain|p1a: Bellibolt\n|-damage|p1a: Bellibolt|67/320 tox\n|-heal|p2a: Amoonguss|37/100|[from] drain|[of] p1a: Bellibolt\n|-start|p1a: Bellibolt|Charge|Giga Drain|[from] ability: Electromorphosis\n|\n|-heal|p1a: Bellibolt|87/320 tox|[from] item: Leftovers\n|-damage|p1a: Bellibolt|27/320 tox|[from] psn\n|upkeep\n|turn|24\n|inactive|Time left: 300 sec this turn | 300 sec total\n|\n|t:|1783541607\n|switch|p2a: Regigigas|Regigigas, L84|100/100\n|-start|p2a: Regigigas|ability: Slow Start\n|move|p1a: Bellibolt|Thunderbolt|p2a: Regigigas\n|-damage|p2a: Regigigas|46/100\n|-status|p2a: Regigigas|par\n|-end|p1a: Bellibolt|Charge|[silent]\n|\n|-heal|p1a: Bellibolt|47/320 tox|[from] item: Leftovers\n|-heal|p2a: Regigigas|52/100 par|[from] item: Leftovers\n|-damage|p1a: Bellibolt|0 fnt|[from] psn\n|faint|p1a: Bellibolt\n|upkeep\n|inactive|Time left: 300 sec this turn | 300 sec total | 5 sec grace\n|\n|t:|1783541608\n|switch|p1a: Whiscash|Whiscash, L88, M|153/337\n|turn|25\n|inactive|Time left: 300 sec this turn | 300 sec total\n|\n|t:|1783541609\n|move|p1a: Whiscash|Earthquake|p2a: Regigigas\n|-damage|p2a: Regigigas|23/100 par\n|move|p2a: Regigigas|Knock Off|p1a: Whiscash\n|-damage|p1a: Whiscash|97/337\n|-enditem|p1a: Whiscash|Leftovers|[from] move: Knock Off|[of] p2a: Regigigas\n|\n|-heal|p2a: Regigigas|30/100 par|[from] item: Leftovers\n|upkeep\n|turn|26\n|inactive|Time left: 300 sec this turn | 300 sec total\n|\n|t:|1783541610\n|move|p1a: Whiscash|Ice Beam|p2a: Regigigas\n|-damage|p2a: Regigigas|15/100 par\n|move|p2a: Regigigas|Body Slam|p1a: Whiscash\n|-damage|p1a: Whiscash|16/337\n|\n|-heal|p2a: Regigigas|21/100 par|[from] item: Leftovers\n|upkeep\n|turn|27\n|inactive|Time left: 300 sec this turn | 300 sec total\n|\n|t:|1783541611\n|-terastallize|p2a: Regigigas|Ghost\n|move|p1a: Whiscash|Ice Beam|p2a: Regigigas\n|-damage|p2a: Regigigas|5/100 par\n|move|p2a: Regigigas|Knock Off|p1a: Whiscash\n|-damage|p1a: Whiscash|0 fnt\n|faint|p1a: Whiscash\n|\n|win|p0y17230ac", "uploadtime": 1783541611, "views": 0, "rating": 0, "private": 0, "password": null, "_winner": "p0y17230ac", "_our_name": "p0x1727c74"}