{"id": "battle-gen9randombattle-2886", "formatid": "gen9randombattle", "format": "[Gen 9] Random Battle", "players": ["p0x28860da5", "p0y2886ef26"], "log": "|init|battle\n|title|p0x28860da5 vs. p0y2886ef26\n|j|\u2606p0x28860da5\n|j|\u2606p0y2886ef26\n|t:|1783573241\n|gametype|singles\n|player|p1|p0x28860da5|265|\n|player|p2|p0y2886ef26|101|\n|gen|9\n|tier|[Gen 9] Random Battle\n|rule|Species Clause: Limit one of each Pok\u00e9mon\n|rule|HP Percentage Mod: HP is shown in percentages\n|rule|Sleep Clause Mod: Limit one foe put to sleep\n|rule|Illusion Level Mod: Illusion disguises the Pok\u00e9mon's true level\n|\n|t:|1783573241\n|teamsize|p1|6\n|teamsize|p2|6\n|start\n|switch|p1a: Scrafty|Scrafty, L83, M|100/100\n|switch|p2a: Noctowl|Noctowl, L95, M|344/344\n|turn|1\n|inactive|Battle timer is ON: inactive players will automatically lose when time's up. (requested by p0x28860da5)\n|inactive|Time left: 300 sec this turn | 300 sec total | 60 sec grace\n|\n|t:|1783573242\n|move|p2a: Noctowl|Hurricane|p1a: Scrafty\n|-supereffective|p1a: Scrafty\n|-damage|p1a: Scrafty|14/100\n|move|p1a: Scrafty|Bulk Up|p1a: Scrafty\n|-boost|p1a: Scrafty|atk|1\n|-boost|p1a: Scrafty|def|1\n|\n|-heal|p1a: Scrafty|20/100|[from] item: Leftovers\n|upkeep\n|turn|2\n|inactive|Time left: 300 sec this turn | 300 sec total\n|inactive|p0y2886ef26 also wants the timer to be on.\n|\n|t:|1783573243\n|switch|p1a: Froslass|Froslass, L87, F|100/100\n|move|p2a: Noctowl|Hyper Voice|p1a: Froslass\n|-immune|p1a: Froslass\n|\n|upkeep\n|turn|3\n|inactive|Time left: 300 sec this turn | 300 sec total\n|\n|t:|1783573245\n|move|p1a: Froslass|Triple Axel|p2a: Noctowl\n|-supereffective|p2a: Noctowl\n|-damage|p2a: Noctowl|290/344\n|-supereffective|p2a: Noctowl\n|-damage|p2a: Noctowl|180/344\n|-supereffective|p2a: Noctowl\n|-damage|p2a: Noctowl|16/344\n|-hitcount|p2a: Noctowl|3\n|move|p2a: Noctowl|Nasty Plot|p2a: Noctowl\n|-boost|p2a: Noctowl|spa|2\n|\n|upkeep\n|turn|4\n|inactive|Time left: 300 sec this turn | 300 sec total\n|\n|t:|1783573246\n|move|p1a: Froslass|Triple Axel|p2a: Noctowl\n|-supereffective|p2a: Noctowl\n|-damage|p2a: Noctowl|0 fnt\n|faint|p2a: Noctowl\n|-hitcount|p2: Noctowl|1\n|\n|upkeep\n|inactive|Time left: 300 sec this turn | 300 sec total | 5 sec grace\n|\n|t:|1783573246\n|switch|p2a: Arceus|Arceus-Flying, L69|235/235\n|turn|5\n|inactive|Time left: 300 sec this turn | 300 sec total\n|\n|t:|1783573248\n|move|p1a: Froslass|Triple Axel|p2a: Arceus\n|-damage|p2a: Arceus|207/235\n|replace|p2a: Zoroark|Zoroark, L83, M\n|-end|p2a: Zoroark|Illusion\n|-hint|Illusion Level Mod is active, so this Pok\u00e9mon's true level was hidden.\n|-damage|p2a: Zoroark|156/235\n|-damage|p2a: Zoroark|72/235\n|-hitcount|p2a: Zoroark|3\n|move|p2a: Zoroark|Dark Pulse|p1a: Froslass\n|-supereffective|p1a: Froslass\n|-damage|p1a: Froslass|0 fnt\n|-start|p2a: Zoroark|Disable|Dark Pulse|[from] ability: Cursed Body|[of] p1a: Froslass\n|faint|p1a: Froslass\n|\n|upkeep\n|\n|t:|1783573248\n|switch|p1a: Scrafty|Scrafty, L83, M|20/100\n|turn|6\n|inactive|Time left: 300 sec this turn | 300 sec total\n|\n|t:|1783573249\n|switch|p2a: Arceus|Arceus-Flying, L69|279/279\n|move|p1a: Scrafty|Rest|p1a: Scrafty\n|-status|p1a: Scrafty|slp|[from] move: Rest\n|-heal|p1a: Scrafty|100/100 slp|[silent]\n|\n|upkeep\n|turn|7\n|inactive|Time left: 300 sec this turn | 300 sec total\n|\n|t:|1783573250\n|switch|p1a: Beartic|Beartic, L91, M|100/100\n|move|p2a: Arceus|Judgment|p1a: Beartic\n|-damage|p1a: Beartic|66/100\n|\n|upkeep\n|turn|8\n|inactive|Time left: 300 sec this turn | 300 sec total\n|\n|t:|1783573251\n|move|p2a: Arceus|Calm Mind|p2a: Arceus\n|-boost|p2a: Arceus|spa|1\n|-boost|p2a: Arceus|spd|1\n|move|p1a: Beartic|Icicle Crash|p2a: Arceus|[miss]\n|-miss|p1a: Beartic|p2a: Arceus\n|\n|upkeep\n|turn|9\n|inactive|Time left: 300 sec this turn | 300 sec total\n|\n|t:|1783573252\n|-terastallize|p2a: Arceus|Steel\n|move|p2a: Arceus|Judgment|p1a: Beartic\n|-damage|p1a: Beartic|16/100\n|move|p1a: Beartic|Icicle Crash|p2a: Arceus\n|-resisted|p2a: Arceus\n|-damage|p2a: Arceus|217/279\n|\n|upkeep\n|turn|10\n|inactive|Time left: 300 sec this turn | 300 sec total\n|\n|t:|1783573252\n|move|p2a: Arceus|Judgment|p1a: Beartic\n|-damage|p1a: Beartic|0 fnt\n|faint|p1a: Beartic\n|\n|upkeep\n|\n|t:|1783573253\n|switch|p1a: Cinderace|Cinderace, L77, M|100/100\n|turn|11\n|inactive|Time left: 300 sec this turn | 300 sec total\n|\n|t:|1783573254\n|switch|p2a: Palossand|Palossand, L89, M|296/296\n|move|p1a: Cinderace|High Jump Kick|p2a: Palossand\n|-start|p1a: Cinderace|typechange|Fighting|[from] ability: Libero\n|-immune|p2a: Palossand\n|-damage|p1a: Cinderace|51/100|[from] highjumpkick\n|\n|upkeep\n|turn|12\n|inactive|Time left: 300 sec this turn | 300 sec total\n|\n|t:|1783573255\n|switch|p1a: Scrafty|Scrafty, L83, M|100/100 slp\n|move|p2a: Palossand|Earth Power|p1a: Scrafty\n|-damage|p1a: Scrafty|63/100 slp\n|\n|-heal|p1a: Scrafty|69/100 slp|[from] item: Leftovers\n|upkeep\n|turn|13\n|inactive|Time left: 300 sec this turn | 300 sec total\n|\n|t:|1783573256\n|cant|p1a: Scrafty|slp\n|move|p2a: Palossand|Earth Power|p1a: Scrafty\n|-damage|p1a: Scrafty|33/100 slp\n|\n|-activate|p1a: Scrafty|ability: Shed Skin\n|-curestatus|p1a: Scrafty|slp|[msg]\n|-heal|p1a: Scrafty|39/100|[from] item: Leftovers\n|upkeep\n|turn|14\n|inactive|Time left: 300 sec this turn | 300 sec total\n|\n|t:|1783573256\n|move|p1a: Scrafty|Rest|p1a: Scrafty\n|-status|p1a: Scrafty|slp|[from] move: Rest\n|-heal|p1a: Scrafty|100/100 slp|[silent]\n|move|p2a: Palossand|Earth Power|p1a: Scrafty\n|-damage|p1a: Scrafty|67/100 slp\n|\n|-heal|p1a: Scrafty|73/100 slp|[from] item: Leftovers\n|upkeep\n|turn|15\n|inactive|Time left: 300 sec this turn | 300 sec total\n|\n|t:|1783573257\n|cant|p1a: Scrafty|slp\n|move|p2a: Palossand|Earth Power|p1a: Scrafty\n|-damage|p1a: Scrafty|34/100 slp\n|\n|-heal|p1a: Scrafty|40/100 slp|[from] item: Leftovers\n|upkeep\n|turn|16\n|inactive|Time left: 300 sec this turn | 300 sec total\n|\n|t:|1783573258\n|cant|p1a: Scrafty|slp\n|move|p2a: Palossand|Earth Power|p1a: Scrafty\n|-damage|p1a: Scrafty|5/100 slp\n|\n|-heal|p1a: Scrafty|12/100 slp|[from] item: Leftovers\n|upkeep\n|turn|17\n|inactive|Time left: 300 sec this turn | 300 sec total\n|\n|t:|1783573259\n|-curestatus|p1a: Scrafty|slp|[msg]\n|move|p1a: Scrafty|Rest|p1a: Scrafty\n|-status|p1a: Scrafty|slp|[from] move: Rest\n|-heal|p1a: Scrafty|100/100 slp|[silent]\n|move|p2a: Palossand|Earth Power|p1a: Scrafty\n|-damage|p1a: Scrafty|64/100 slp\n|\n|-activate|p1a: Scrafty|ability: Shed Skin\n|-curestatus|p1a: Scrafty|slp|[msg]\n|-heal|p1a: Scrafty|71/100|[from] item: Leftovers\n|upkeep\n|turn|18\n|inactive|Time left: 300 sec this turn | 300 sec total\n|\n|t:|1783573260\n|move|p1a: Scrafty|Bulk Up|p1a: Scrafty\n|-boost|p1a: Scrafty|atk|1\n|-boost|p1a: Scrafty|def|1\n|move|p2a: Palossand|Earth Power|p1a: Scrafty\n|-damage|p1a: Scrafty|31/100\n|\n|-heal|p1a: Scrafty|37/100|[from] item: Leftovers\n|upkeep\n|turn|19\n|inactive|Time left: 300 sec this turn | 300 sec total\n|\n|t:|1783573261\n|move|p1a: Scrafty|Rest|p1a: Scrafty\n|-status|p1a: Scrafty|slp|[from] move: Rest\n|-heal|p1a: Scrafty|100/100 slp|[silent]\n|move|p2a: Palossand|Earth Power|p1a: Scrafty\n|-damage|p1a: Scrafty|62/100 slp\n|\n|-activate|p1a: Scrafty|ability: Shed Skin\n|-curestatus|p1a: Scrafty|slp|[msg]\n|-heal|p1a: Scrafty|68/100|[from] item: Leftovers\n|upkeep\n|turn|20\n|inactive|Time left: 300 sec this turn | 300 sec total\n|\n|t:|1783573262\n|move|p1a: Scrafty|Knock Off|p2a: Palossand\n|-supereffective|p2a: Palossand\n|-damage|p2a: Palossand|60/296\n|-enditem|p2a: Palossand|Leftovers|[from] move: Knock Off|[of] p1a: Scrafty\n|move|p2a: Palossand|Shore Up|p2a: Palossand\n|-heal|p2a: Palossand|208/296\n|\n|-heal|p1a: Scrafty|74/100|[from] item: Leftovers\n|upkeep\n|turn|21\n|inactive|Time left: 300 sec this turn | 300 sec total\n|\n|t:|1783573263\n|move|p1a: Scrafty|Bulk Up|p1a: Scrafty\n|-boost|p1a: Scrafty|atk|1\n|-boost|p1a: Scrafty|def|1\n|move|p2a: Palossand|Shore Up|p2a: Palossand\n|-heal|p2a: Palossand|296/296\n|\n|-heal|p1a: Scrafty|80/100|[from] item: Leftovers\n|upkeep\n|turn|22\n|inactive|Time left: 300 sec this turn | 300 sec total\n|\n|t:|1783573264\n|move|p1a: Scrafty|Knock Off|p2a: Palossand\n|-supereffective|p2a: Palossand\n|-damage|p2a: Palossand|80/296\n|move|p2a: Palossand|Earth Power|p1a: Scrafty\n|-damage|p1a: Scrafty|43/100\n|\n|-heal|p1a: Scrafty|49/100|[from] item: Leftovers\n|upkeep\n|turn|23\n|inactive|Time left: 300 sec this turn | 300 sec total\n|\n|t:|1783573265\n|move|p1a: Scrafty|Knock Off|p2a: Palossand\n|-supereffective|p2a: Palossand\n|-damage|p2a: Palossand|0 fnt\n|faint|p2a: Palossand\n|\n|-heal|p1a: Scrafty|55/100|[from] item: Leftovers\n|upkeep\n|inactive|Time left: 300 sec this turn | 300 sec total | 5 sec grace\n|\n|t:|1783573266\n|switch|p2a: Arceus|Arceus-Flying, L69|72/235\n|-start|p2a: Arceus|typechange|Steel|[silent]\n|turn|24\n|inactive|Time left: 300 sec this turn | 300 sec total\n|\n|t:|1783573267\n|move|p2a: Arceus|Focus Blast|p1a: Scrafty\n|-supereffective|p1a: Scrafty\n|-damage|p1a: Scrafty|0 fnt\n|faint|p1a: Scrafty\n|\n|upkeep\n|\n|t:|1783573268\n|switch|p1a: Flutter Mane|Flutter Mane, L74|100/100\n|turn|25\n|inactive|Time left: 300 sec this turn | 300 sec total\n|\n|t:|1783573269\n|switch|p2a: Farigiraf|Farigiraf, L90, F|362/362\n|move|p1a: Flutter Mane|Calm Mind|p1a: Flutter Mane\n|-boost|p1a: Flutter Mane|spa|1\n|-boost|p1a: Flutter Mane|spd|1\n|\n|upkeep\n|turn|26\n|inactive|Time left: 300 sec this turn | 300 sec total\n|\n|t:|1783573270\n|move|p1a: Flutter Mane|Calm Mind|p1a: Flutter Mane\n|-boost|p1a: Flutter Mane|spa|1\n|-boost|p1a: Flutter Mane|spd|1\n|move|p2a: Farigiraf|Wish|p2a: Farigiraf\n|\n|upkeep\n|turn|27\n|inactive|Time left: 300 sec this turn | 300 sec total\n|\n|t:|1783573271\n|-terastallize|p1a: Flutter Mane|Fairy\n|move|p1a: Flutter Mane|Moonblast|p2a: Farigiraf\n|-damage|p2a: Farigiraf|0 fnt\n|faint|p2a: Farigiraf\n|-damage|p1a: Flutter Mane|91/100|[from] item: Life Orb\n|\n|upkeep\n|inactive|Time left: 300 sec this turn | 300 sec total | 5 sec grace\n|\n|t:|1783573272\n|switch|p2a: Arceus|Arceus-Flying, L69, tera:Steel|217/279\n|turn|28\n|inactive|Time left: 300 sec this turn | 300 sec total\n|\n|t:|1783573273\n|move|p1a: Flutter Mane|Calm Mind|p1a: Flutter Mane\n|-boost|p1a: Flutter Mane|spa|1\n|-boost|p1a: Flutter Mane|spd|1\n|move|p2a: Arceus|Earth Power|p1a: Flutter Mane\n|-damage|p1a: Flutter Mane|82/100\n|\n|upkeep\n|turn|29\n|inactive|Time left: 300 sec this turn | 300 sec total\n|\n|t:|1783573274\n|switch|p2a: Arceus|Arceus-Flying, L69|72/235\n|move|p1a: Flutter Mane|Shadow Ball|p2a: Arceus\n|-resisted|p2a: Arceus\n|-damage|p2a: Arceus|0 fnt\n|replace|p2a: Zoroark|Zoroark, L83, M\n|-end|p2a: Zoroark|Illusion\n|faint|p2a: Zoroark\n|-damage|p1a: Flutter Mane|72/100|[from] item: Life Orb\n|\n|upkeep\n|inactive|Time left: 300 sec this turn | 300 sec total | 5 sec grace\n|\n|t:|1783573275\n|switch|p2a: Arceus|Arceus-Flying, L69, tera:Steel|217/279\n|turn|30\n|inactive|Time left: 300 sec this turn | 300 sec total\n|\n|t:|1783573276\n|move|p1a: Flutter Mane|Moonblast|p2a: Arceus\n|-resisted|p2a: Arceus\n|-damage|p2a: Arceus|10/279\n|-damage|p1a: Flutter Mane|62/100|[from] item: Life Orb\n|move|p2a: Arceus|Earth Power|p1a: Flutter Mane\n|-damage|p1a: Flutter Mane|54/100\n|-unboost|p1a: Flutter Mane|spd|1\n|\n|upkeep\n|turn|31\n|inactive|Time left: 300 sec this turn | 300 sec total\n|\n|t:|1783573277\n|switch|p2a: Mew|Mew, L82|298/298\n|move|p1a: Flutter Mane|Moonblast|p2a: Mew\n|-damage|p2a: Mew|0 fnt\n|faint|p2a: Mew\n|-damage|p1a: Flutter Mane|44/100|[from] item: Life Orb\n|\n|upkeep\n|inactive|Time left: 300 sec this turn | 300 sec total | 5 sec grace\n|\n|t:|1783573278\n|switch|p2a: Arceus|Arceus-Flying, L69, tera:Steel|10/279\n|turn|32\n|inactive|Time left: 300 sec this turn | 300 sec total\n|\n|t:|1783573279\n|move|p1a: Flutter Mane|Mystical Fire|p2a: Arceus\n|-supereffective|p2a: Arceus\n|-crit|p2a: Arceus\n|-damage|p2a: Arceus|0 fnt\n|faint|p2a: Arceus\n|-damage|p1a: Flutter Mane|34/100|[from] item: Life Orb\n|\n|win|p0x28860da5", "uploadtime": 1783573279, "views": 0, "rating": 0, "private": 0, "password": null, "_winner": "p0x28860da5", "_our_name": "p0y2886ef26"}