{"id": "battle-gen9randombattle-2209", "formatid": "gen9randombattle", "format": "[Gen 9] Random Battle", "players": ["p0x2209251b", "p0y2209f7b2"], "log": "|init|battle\n|title|p0x2209251b vs. p0y2209f7b2\n|j|\u2606p0x2209251b\n|j|\u2606p0y2209f7b2\n|t:|1783565623\n|gametype|singles\n|player|p1|p0x2209251b|1|\n|player|p2|p0y2209f7b2|265|\n|gen|9\n|tier|[Gen 9] Random Battle\n|rule|Species Clause: Limit one of each Pok\u00e9mon\n|rule|HP Percentage Mod: HP is shown in percentages\n|rule|Sleep Clause Mod: Limit one foe put to sleep\n|rule|Illusion Level Mod: Illusion disguises the Pok\u00e9mon's true level\n|\n|t:|1783565623\n|teamsize|p1|6\n|teamsize|p2|6\n|start\n|switch|p1a: Mandibuzz|Mandibuzz, L85, F|100/100\n|switch|p2a: Zangoose|Zangoose, L85, M|263/263\n|turn|1\n|inactive|Battle timer is ON: inactive players will automatically lose when time's up. (requested by p0x2209251b)\n|inactive|Time left: 300 sec this turn | 300 sec total | 60 sec grace\n|\n|t:|1783565624\n|switch|p2a: Porygon2|Porygon2, L81|270/270\n|-ability|p2a: Porygon2|Download|boost\n|-boost|p2a: Porygon2|spa|1\n|move|p1a: Mandibuzz|Foul Play|p2a: Porygon2\n|-damage|p2a: Porygon2|225/270\n|\n|upkeep\n|turn|2\n|inactive|Time left: 300 sec this turn | 300 sec total\n|inactive|p0y2209f7b2 also wants the timer to be on.\n|\n|t:|1783565625\n|move|p1a: Mandibuzz|Toxic|p2a: Porygon2\n|-status|p2a: Porygon2|tox\n|move|p2a: Porygon2|Tri Attack|p1a: Mandibuzz\n|-damage|p1a: Mandibuzz|64/100\n|\n|-damage|p2a: Porygon2|209/270 tox|[from] psn\n|upkeep\n|turn|3\n|inactive|Time left: 300 sec this turn | 300 sec total\n|\n|t:|1783565626\n|move|p1a: Mandibuzz|Roost|p1a: Mandibuzz\n|-heal|p1a: Mandibuzz|100/100\n|-singleturn|p1a: Mandibuzz|move: Roost\n|move|p2a: Porygon2|Tri Attack|p1a: Mandibuzz\n|-damage|p1a: Mandibuzz|61/100\n|\n|-damage|p2a: Porygon2|177/270 tox|[from] psn\n|upkeep\n|turn|4\n|inactive|Time left: 300 sec this turn | 300 sec total\n|\n|t:|1783565627\n|move|p1a: Mandibuzz|Roost|p1a: Mandibuzz\n|-heal|p1a: Mandibuzz|100/100\n|-singleturn|p1a: Mandibuzz|move: Roost\n|move|p2a: Porygon2|Tri Attack|p1a: Mandibuzz\n|-damage|p1a: Mandibuzz|62/100\n|\n|-damage|p2a: Porygon2|129/270 tox|[from] psn\n|upkeep\n|turn|5\n|inactive|Time left: 300 sec this turn | 300 sec total\n|\n|t:|1783565628\n|move|p1a: Mandibuzz|Roost|p1a: Mandibuzz\n|-heal|p1a: Mandibuzz|100/100\n|-singleturn|p1a: Mandibuzz|move: Roost\n|move|p2a: Porygon2|Recover|p2a: Porygon2\n|-heal|p2a: Porygon2|264/270 tox\n|\n|-damage|p2a: Porygon2|200/270 tox|[from] psn\n|upkeep\n|turn|6\n|inactive|Time left: 300 sec this turn | 300 sec total\n|\n|t:|1783565629\n|move|p1a: Mandibuzz|Foul Play|p2a: Porygon2\n|-damage|p2a: Porygon2|152/270 tox\n|move|p2a: Porygon2|Tri Attack|p1a: Mandibuzz\n|-damage|p1a: Mandibuzz|62/100\n|\n|-damage|p2a: Porygon2|72/270 tox|[from] psn\n|upkeep\n|turn|7\n|inactive|Time left: 300 sec this turn | 300 sec total\n|\n|t:|1783565630\n|move|p1a: Mandibuzz|Roost|p1a: Mandibuzz\n|-heal|p1a: Mandibuzz|100/100\n|-singleturn|p1a: Mandibuzz|move: Roost\n|move|p2a: Porygon2|Discharge|p1a: Mandibuzz\n|-damage|p1a: Mandibuzz|76/100\n|\n|-damage|p2a: Porygon2|0 fnt|[from] psn\n|faint|p2a: Porygon2\n|upkeep\n|inactive|Time left: 300 sec this turn | 300 sec total | 5 sec grace\n|\n|t:|1783565631\n|switch|p2a: Sunflora|Sunflora, M|312/312\n|turn|8\n|inactive|Time left: 300 sec this turn | 300 sec total\n|\n|t:|1783565632\n|move|p1a: Mandibuzz|Toxic|p2a: Sunflora\n|-status|p2a: Sunflora|tox\n|move|p2a: Sunflora|Dazzling Gleam|p1a: Mandibuzz\n|-supereffective|p1a: Mandibuzz\n|-damage|p1a: Mandibuzz|0 fnt\n|faint|p1a: Mandibuzz\n|\n|-damage|p2a: Sunflora|293/312 tox|[from] psn\n|upkeep\n|\n|t:|1783565633\n|switch|p1a: Sunflora|Sunflora, M|100/100\n|turn|9\n|inactive|Time left: 300 sec this turn | 300 sec total\n|\n|t:|1783565634\n|move|p2a: Sunflora|Dazzling Gleam|p1a: Sunflora\n|-damage|p1a: Sunflora|63/100\n|move|p1a: Sunflora|Sludge Bomb|p2a: Sunflora\n|-supereffective|p2a: Sunflora\n|-damage|p2a: Sunflora|49/312 tox\n|\n|-damage|p2a: Sunflora|11/312 tox|[from] psn\n|upkeep\n|turn|10\n|inactive|Time left: 300 sec this turn | 300 sec total\n|\n|t:|1783565635\n|move|p1a: Sunflora|Sludge Bomb|p2a: Sunflora\n|-supereffective|p2a: Sunflora\n|-damage|p2a: Sunflora|0 fnt\n|faint|p2a: Sunflora\n|\n|upkeep\n|inactive|Time left: 300 sec this turn | 300 sec total | 5 sec grace\n|\n|t:|1783565636\n|switch|p2a: Klawf|Klawf, L90, M|272/272\n|turn|11\n|inactive|Time left: 300 sec this turn | 300 sec total\n|\n|t:|1783565637\n|move|p2a: Klawf|Swords Dance|p2a: Klawf\n|-boost|p2a: Klawf|atk|2\n|move|p1a: Sunflora|Sludge Bomb|p2a: Klawf\n|-resisted|p2a: Klawf\n|-damage|p2a: Klawf|186/272\n|\n|upkeep\n|turn|12\n|inactive|Time left: 300 sec this turn | 300 sec total\n|\n|t:|1783565638\n|move|p2a: Klawf|Knock Off|p1a: Sunflora\n|-damage|p1a: Sunflora|0 fnt\n|-enditem|p1a: Sunflora|Choice Specs|[from] move: Knock Off|[of] p2a: Klawf\n|faint|p1a: Sunflora\n|\n|upkeep\n|\n|t:|1783565639\n|switch|p1a: Espeon|Espeon, L84, F|100/100\n|turn|13\n|inactive|Time left: 300 sec this turn | 300 sec total\n|\n|t:|1783565641\n|move|p1a: Espeon|Psychic|p2a: Klawf\n|-damage|p2a: Klawf|0 fnt\n|faint|p2a: Klawf\n|-damage|p1a: Espeon|91/100|[from] item: Life Orb\n|\n|upkeep\n|inactive|Time left: 300 sec this turn | 300 sec total | 5 sec grace\n|\n|t:|1783565642\n|switch|p2a: Zangoose|Zangoose, L85, M|263/263\n|turn|14\n|inactive|Time left: 300 sec this turn | 300 sec total\n|\n|t:|1783565643\n|-terastallize|p1a: Espeon|Psychic\n|move|p1a: Espeon|Psychic|p2a: Zangoose\n|-damage|p2a: Zangoose|0 fnt\n|faint|p2a: Zangoose\n|-damage|p1a: Espeon|81/100|[from] item: Life Orb\n|\n|upkeep\n|inactive|Time left: 300 sec this turn | 300 sec total | 5 sec grace\n|\n|t:|1783565644\n|switch|p2a: Appletun|Appletun, L92, M|352/352\n|turn|15\n|inactive|Time left: 300 sec this turn | 300 sec total\n|\n|t:|1783565645\n|move|p1a: Espeon|Psychic|p2a: Appletun\n|-damage|p2a: Appletun|157/352\n|-damage|p1a: Espeon|71/100|[from] item: Life Orb\n|move|p2a: Appletun|Apple Acid|p1a: Espeon\n|-damage|p1a: Espeon|33/100\n|-unboost|p1a: Espeon|spd|1\n|\n|-heal|p2a: Appletun|179/352|[from] item: Leftovers\n|upkeep\n|turn|16\n|inactive|Time left: 300 sec this turn | 300 sec total\n|\n|t:|1783565646\n|-terastallize|p2a: Appletun|Steel\n|move|p1a: Espeon|Psychic|p2a: Appletun\n|-resisted|p2a: Appletun\n|-damage|p2a: Appletun|83/352\n|-unboost|p2a: Appletun|spd|1\n|-damage|p1a: Espeon|23/100|[from] item: Life Orb\n|move|p2a: Appletun|Apple Acid|p1a: Espeon\n|-damage|p1a: Espeon|0 fnt\n|faint|p1a: Espeon\n|\n|-heal|p2a: Appletun|105/352|[from] item: Leftovers\n|upkeep\n|\n|t:|1783565647\n|switch|p1a: Zangoose|Zangoose, L85, F|100/100\n|turn|17\n|inactive|Time left: 300 sec this turn | 300 sec total\n|\n|t:|1783565648\n|move|p1a: Zangoose|Close Combat|p2a: Appletun\n|-supereffective|p2a: Appletun\n|-damage|p2a: Appletun|0 fnt\n|-unboost|p1a: Zangoose|def|1\n|-unboost|p1a: Zangoose|spd|1\n|faint|p2a: Appletun\n|\n|-status|p1a: Zangoose|tox|[from] item: Toxic Orb\n|upkeep\n|inactive|Time left: 300 sec this turn | 300 sec total | 5 sec grace\n|\n|t:|1783565649\n|switch|p2a: Arceus|Arceus-Psychic, L70|284/284\n|turn|18\n|inactive|Time left: 300 sec this turn | 300 sec total\n|\n|t:|1783565650\n|move|p2a: Arceus|Cosmic Power|p2a: Arceus\n|-boost|p2a: Arceus|def|1\n|-boost|p2a: Arceus|spd|1\n|move|p1a: Zangoose|Facade|p2a: Arceus\n|-damage|p2a: Arceus|118/284\n|\n|-damage|p1a: Zangoose|94/100 tox|[from] psn\n|upkeep\n|turn|19\n|inactive|Time left: 300 sec this turn | 300 sec total\n|\n|t:|1783565651\n|switch|p1a: Dedenne|Dedenne, L88, M|100/100\n|move|p2a: Arceus|Recover|p2a: Arceus\n|-heal|p2a: Arceus|260/284\n|\n|upkeep\n|turn|20\n|inactive|Time left: 300 sec this turn | 300 sec total\n|\n|t:|1783565652\n|move|p1a: Dedenne|Nuzzle|p2a: Arceus\n|-damage|p2a: Arceus|250/284\n|-status|p2a: Arceus|par\n|cant|p2a: Arceus|par\n|\n|upkeep\n|turn|21\n|inactive|Time left: 300 sec this turn | 300 sec total\n|\n|t:|1783565653\n|move|p1a: Dedenne|U-turn|p2a: Arceus\n|-supereffective|p2a: Arceus\n|-damage|p2a: Arceus|198/284 par\n|\n|t:|1783565654\n|switch|p1a: Zangoose|Zangoose, L85, F|94/100 tox|[from] U-turn\n|move|p2a: Arceus|Cosmic Power|p2a: Arceus\n|-boost|p2a: Arceus|def|1\n|-boost|p2a: Arceus|spd|1\n|\n|-damage|p1a: Zangoose|88/100 tox|[from] psn\n|upkeep\n|turn|22\n|inactive|Time left: 300 sec this turn | 300 sec total\n|\n|t:|1783565655\n|move|p1a: Zangoose|Facade|p2a: Arceus\n|-damage|p2a: Arceus|68/284 par\n|cant|p2a: Arceus|par\n|\n|-damage|p1a: Zangoose|76/100 tox|[from] psn\n|upkeep\n|turn|23\n|inactive|Time left: 300 sec this turn | 300 sec total\n|\n|t:|1783565656\n|move|p1a: Zangoose|Knock Off|p2a: Arceus\n|-supereffective|p2a: Arceus\n|-crit|p2a: Arceus\n|-damage|p2a: Arceus|0 fnt\n|faint|p2a: Arceus\n|\n|win|p0x2209251b", "uploadtime": 1783565656, "views": 0, "rating": 0, "private": 0, "password": null, "_winner": "p0x2209251b", "_our_name": "p0y2209f7b2"}