{"id": "battle-gen9randombattle-2568", "formatid": "gen9randombattle", "format": "[Gen 9] Random Battle", "players": ["p0x2568643e", "p0y25684d22"], "log": "|init|battle\n|title|p0x2568643e vs. p0y25684d22\n|j|\u2606p0x2568643e\n|j|\u2606p0y25684d22\n|t:|1783569680\n|gametype|singles\n|player|p1|p0x2568643e|101|\n|player|p2|p0y25684d22|265|\n|gen|9\n|tier|[Gen 9] Random Battle\n|rule|Species Clause: Limit one of each Pok\u00e9mon\n|rule|HP Percentage Mod: HP is shown in percentages\n|rule|Sleep Clause Mod: Limit one foe put to sleep\n|rule|Illusion Level Mod: Illusion disguises the Pok\u00e9mon's true level\n|\n|t:|1783569680\n|teamsize|p1|6\n|teamsize|p2|6\n|start\n|switch|p1a: Dewgong|Dewgong, L94, F|100/100\n|switch|p2a: Piloswine|Piloswine, L85, F|309/309\n|turn|1\n|inactive|Battle timer is ON: inactive players will automatically lose when time's up. (requested by p0y25684d22)\n|inactive|p0x2568643e also wants the timer to be on.\n|\n|t:|1783569682\n|move|p1a: Dewgong|Surf|p2a: Piloswine\n|-supereffective|p2a: Piloswine\n|-damage|p2a: Piloswine|145/309\n|move|p2a: Piloswine|Stealth Rock|p1a: Dewgong\n|-sidestart|p1: p0x2568643e|move: Stealth Rock\n|\n|upkeep\n|turn|2\n|inactive|Time left: 300 sec this turn | 300 sec total\n|\n|t:|1783569683\n|switch|p2a: Politoed|Politoed, L88, M|302/302\n|-weather|RainDance|[from] ability: Drizzle|[of] p2a: Politoed\n|move|p1a: Dewgong|Surf|p2a: Politoed\n|-resisted|p2a: Politoed\n|-damage|p2a: Politoed|239/302\n|\n|-weather|RainDance|[upkeep]\n|upkeep\n|turn|3\n|inactive|Time left: 300 sec this turn | 300 sec total\n|\n|t:|1783569684\n|move|p1a: Dewgong|Ice Beam|p2a: Politoed\n|-resisted|p2a: Politoed\n|-damage|p2a: Politoed|198/302\n|move|p2a: Politoed|Hydro Pump|p1a: Dewgong\n|-resisted|p1a: Dewgong\n|-damage|p1a: Dewgong|77/100\n|\n|-weather|RainDance|[upkeep]\n|upkeep\n|turn|4\n|inactive|Time left: 300 sec this turn | 300 sec total\n|\n|t:|1783569685\n|move|p1a: Dewgong|Ice Beam|p2a: Politoed\n|-resisted|p2a: Politoed\n|-damage|p2a: Politoed|161/302\n|move|p2a: Politoed|Hydro Pump|p1a: Dewgong\n|-resisted|p1a: Dewgong\n|-damage|p1a: Dewgong|54/100\n|\n|-weather|RainDance|[upkeep]\n|upkeep\n|turn|5\n|inactive|Time left: 300 sec this turn | 300 sec total\n|\n|t:|1783569686\n|move|p1a: Dewgong|Ice Beam|p2a: Politoed\n|-resisted|p2a: Politoed\n|-damage|p2a: Politoed|124/302\n|move|p2a: Politoed|Rest|p2a: Politoed\n|-status|p2a: Politoed|slp|[from] move: Rest\n|-heal|p2a: Politoed|302/302 slp|[silent]\n|-enditem|p2a: Politoed|Chesto Berry|[eat]\n|-curestatus|p2a: Politoed|slp|[msg]\n|\n|-weather|RainDance|[upkeep]\n|upkeep\n|turn|6\n|inactive|Time left: 300 sec this turn | 300 sec total\n|\n|t:|1783569687\n|move|p1a: Dewgong|Ice Beam|p2a: Politoed\n|-resisted|p2a: Politoed\n|-damage|p2a: Politoed|263/302\n|move|p2a: Politoed|Hydro Pump|p1a: Dewgong\n|-resisted|p1a: Dewgong\n|-damage|p1a: Dewgong|30/100\n|\n|-weather|none\n|upkeep\n|turn|7\n|inactive|Time left: 300 sec this turn | 300 sec total\n|\n|t:|1783569689\n|move|p1a: Dewgong|Surf|p2a: Politoed\n|-resisted|p2a: Politoed\n|-damage|p2a: Politoed|221/302\n|move|p2a: Politoed|Hydro Pump|p1a: Dewgong|[miss]\n|-miss|p2a: Politoed|p1a: Dewgong\n|\n|upkeep\n|turn|8\n|inactive|Time left: 300 sec this turn | 300 sec total\n|\n|t:|1783569689\n|move|p1a: Dewgong|Ice Beam|p2a: Politoed\n|-resisted|p2a: Politoed\n|-crit|p2a: Politoed\n|-damage|p2a: Politoed|161/302\n|move|p2a: Politoed|Hydro Pump|p1a: Dewgong\n|-resisted|p1a: Dewgong\n|-damage|p1a: Dewgong|14/100\n|\n|upkeep\n|turn|9\n|inactive|Time left: 300 sec this turn | 300 sec total\n|\n|t:|1783569690\n|switch|p1a: Porygon-Z|Porygon-Z, L83|100/100\n|-damage|p1a: Porygon-Z|88/100|[from] Stealth Rock\n|-ability|p1a: Porygon-Z|Download|boost\n|-boost|p1a: Porygon-Z|atk|1\n|move|p2a: Politoed|Hydro Pump|p1a: Porygon-Z\n|-damage|p1a: Porygon-Z|37/100\n|\n|upkeep\n|turn|10\n|inactive|Time left: 300 sec this turn | 300 sec total\n|\n|t:|1783569691\n|move|p1a: Porygon-Z|Thunderbolt|p2a: Politoed\n|-supereffective|p2a: Politoed\n|-damage|p2a: Politoed|0 fnt\n|faint|p2a: Politoed\n|\n|upkeep\n|inactive|Time left: 300 sec this turn | 300 sec total | 5 sec grace\n|\n|t:|1783569692\n|switch|p2a: Toxtricity|Toxtricity, L82, F|257/257\n|turn|11\n|inactive|Time left: 300 sec this turn | 300 sec total\n|\n|t:|1783569693\n|switch|p1a: Bastiodon|Bastiodon, L89, F|100/100\n|-damage|p1a: Bastiodon|95/100|[from] Stealth Rock\n|move|p2a: Toxtricity|Overdrive|p1a: Bastiodon\n|-immune|p1a: Bastiodon|[from] ability: Soundproof\n|\n|upkeep\n|turn|12\n|inactive|Time left: 300 sec this turn | 300 sec total\n|\n|t:|1783569694\n|move|p2a: Toxtricity|Shift Gear|p2a: Toxtricity\n|-boost|p2a: Toxtricity|spe|2\n|-boost|p2a: Toxtricity|atk|1\n|move|p1a: Bastiodon|Iron Defense|p1a: Bastiodon\n|-boost|p1a: Bastiodon|def|2\n|\n|upkeep\n|turn|13\n|inactive|Time left: 300 sec this turn | 300 sec total\n|\n|t:|1783569695\n|switch|p2a: Polteageist|Polteageist-Antique, L78|222/222\n|move|p1a: Bastiodon|Body Press|p2a: Polteageist\n|-immune|p2a: Polteageist\n|\n|upkeep\n|turn|14\n|inactive|Time left: 300 sec this turn | 300 sec total\n|\n|t:|1783569695\n|move|p2a: Polteageist|Shadow Ball|p1a: Bastiodon\n|-damage|p1a: Bastiodon|70/100\n|move|p1a: Bastiodon|Foul Play|p2a: Polteageist\n|-supereffective|p2a: Polteageist\n|-crit|p2a: Polteageist\n|-damage|p2a: Polteageist|76/222\n|\n|upkeep\n|turn|15\n|inactive|Time left: 300 sec this turn | 300 sec total\n|\n|t:|1783569696\n|move|p2a: Polteageist|Strength Sap|p1a: Bastiodon\n|-unboost|p1a: Bastiodon|atk|1\n|-heal|p2a: Polteageist|173/222\n|move|p1a: Bastiodon|Foul Play|p2a: Polteageist\n|-supereffective|p2a: Polteageist\n|-damage|p2a: Polteageist|71/222\n|\n|upkeep\n|turn|16\n|inactive|Time left: 300 sec this turn | 300 sec total\n|\n|t:|1783569697\n|move|p2a: Polteageist|Strength Sap|p1a: Bastiodon\n|-unboost|p1a: Bastiodon|atk|1\n|-heal|p2a: Polteageist|135/222\n|move|p1a: Bastiodon|Foul Play|p2a: Polteageist\n|-supereffective|p2a: Polteageist\n|-damage|p2a: Polteageist|29/222\n|\n|upkeep\n|turn|17\n|inactive|Time left: 300 sec this turn | 300 sec total\n|\n|t:|1783569698\n|move|p2a: Polteageist|Strength Sap|p1a: Bastiodon\n|-unboost|p1a: Bastiodon|atk|1\n|-heal|p2a: Polteageist|77/222\n|move|p1a: Bastiodon|Foul Play|p2a: Polteageist\n|-supereffective|p2a: Polteageist\n|-damage|p2a: Polteageist|0 fnt\n|faint|p2a: Polteageist\n|\n|upkeep\n|inactive|Time left: 300 sec this turn | 300 sec total | 5 sec grace\n|\n|t:|1783569699\n|switch|p2a: Toxtricity|Toxtricity, L82, F|257/257\n|turn|18\n|inactive|Time left: 300 sec this turn | 300 sec total\n|\n|t:|1783569700\n|move|p2a: Toxtricity|Shift Gear|p2a: Toxtricity\n|-boost|p2a: Toxtricity|spe|2\n|-boost|p2a: Toxtricity|atk|1\n|move|p1a: Bastiodon|Body Press|p2a: Toxtricity\n|-resisted|p2a: Toxtricity\n|-damage|p2a: Toxtricity|132/257\n|\n|upkeep\n|turn|19\n|inactive|Time left: 300 sec this turn | 300 sec total\n|\n|t:|1783569701\n|move|p2a: Toxtricity|Gunk Shot|p1a: Bastiodon\n|-immune|p1a: Bastiodon\n|move|p1a: Bastiodon|Foul Play|p2a: Toxtricity\n|-damage|p2a: Toxtricity|6/257\n|\n|upkeep\n|turn|20\n|inactive|Time left: 300 sec this turn | 300 sec total\n|\n|t:|1783569702\n|switch|p2a: Venusaur|Venusaur, L84, M|272/272\n|move|p1a: Bastiodon|Body Press|p2a: Venusaur\n|-resisted|p2a: Venusaur\n|-damage|p2a: Venusaur|173/272\n|\n|-heal|p2a: Venusaur|190/272|[from] item: Leftovers\n|upkeep\n|turn|21\n|inactive|Time left: 300 sec this turn | 300 sec total\n|\n|t:|1783569703\n|move|p2a: Venusaur|Knock Off|p1a: Bastiodon\n|-damage|p1a: Bastiodon|63/100\n|-enditem|p1a: Bastiodon|Chesto Berry|[from] move: Knock Off|[of] p2a: Venusaur\n|move|p1a: Bastiodon|Body Press|p2a: Venusaur\n|-resisted|p2a: Venusaur\n|-damage|p2a: Venusaur|79/272\n|\n|-heal|p2a: Venusaur|96/272|[from] item: Leftovers\n|upkeep\n|turn|22\n|inactive|Time left: 300 sec this turn | 300 sec total\n|\n|t:|1783569704\n|move|p2a: Venusaur|Synthesis|p2a: Venusaur\n|-heal|p2a: Venusaur|232/272\n|move|p1a: Bastiodon|Body Press|p2a: Venusaur\n|-resisted|p2a: Venusaur\n|-damage|p2a: Venusaur|136/272\n|\n|-heal|p2a: Venusaur|153/272|[from] item: Leftovers\n|upkeep\n|turn|23\n|inactive|Time left: 300 sec this turn | 300 sec total\n|\n|t:|1783569705\n|move|p2a: Venusaur|Synthesis|p2a: Venusaur\n|-heal|p2a: Venusaur|272/272\n|move|p1a: Bastiodon|Body Press|p2a: Venusaur\n|-resisted|p2a: Venusaur\n|-damage|p2a: Venusaur|177/272\n|\n|-heal|p2a: Venusaur|194/272|[from] item: Leftovers\n|upkeep\n|turn|24\n|inactive|Time left: 300 sec this turn | 300 sec total\n|\n|t:|1783569707\n|move|p2a: Venusaur|Energy Ball|p1a: Bastiodon\n|-damage|p1a: Bastiodon|37/100\n|move|p1a: Bastiodon|Body Press|p2a: Venusaur\n|-resisted|p2a: Venusaur\n|-damage|p2a: Venusaur|91/272\n|\n|-heal|p2a: Venusaur|108/272|[from] item: Leftovers\n|upkeep\n|turn|25\n|inactive|Time left: 300 sec this turn | 300 sec total\n|\n|t:|1783569708\n|move|p2a: Venusaur|Synthesis|p2a: Venusaur\n|-heal|p2a: Venusaur|244/272\n|move|p1a: Bastiodon|Body Press|p2a: Venusaur\n|-resisted|p2a: Venusaur\n|-damage|p2a: Venusaur|140/272\n|\n|-heal|p2a: Venusaur|157/272|[from] item: Leftovers\n|upkeep\n|turn|26\n|inactive|Time left: 300 sec this turn | 300 sec total\n|\n|t:|1783569709\n|move|p2a: Venusaur|Synthesis|p2a: Venusaur\n|-heal|p2a: Venusaur|272/272\n|move|p1a: Bastiodon|Body Press|p2a: Venusaur\n|-resisted|p2a: Venusaur\n|-damage|p2a: Venusaur|169/272\n|\n|-heal|p2a: Venusaur|186/272|[from] item: Leftovers\n|upkeep\n|turn|27\n|inactive|Time left: 300 sec this turn | 300 sec total\n|\n|t:|1783569711\n|move|p2a: Venusaur|Energy Ball|p1a: Bastiodon\n|-damage|p1a: Bastiodon|12/100\n|move|p1a: Bastiodon|Body Press|p2a: Venusaur\n|-resisted|p2a: Venusaur\n|-damage|p2a: Venusaur|85/272\n|\n|-heal|p2a: Venusaur|102/272|[from] item: Leftovers\n|upkeep\n|turn|28\n|inactive|Time left: 300 sec this turn | 300 sec total\n|\n|t:|1783569712\n|move|p2a: Venusaur|Synthesis|p2a: Venusaur\n|-heal|p2a: Venusaur|238/272\n|move|p1a: Bastiodon|Body Press|p2a: Venusaur\n|-resisted|p2a: Venusaur\n|-damage|p2a: Venusaur|129/272\n|\n|-heal|p2a: Venusaur|146/272|[from] item: Leftovers\n|upkeep\n|turn|29\n|inactive|Time left: 300 sec this turn | 300 sec total\n|\n|t:|1783569713\n|move|p2a: Venusaur|Energy Ball|p1a: Bastiodon\n|-damage|p1a: Bastiodon|0 fnt\n|faint|p1a: Bastiodon\n|\n|-heal|p2a: Venusaur|163/272|[from] item: Leftovers\n|upkeep\n|\n|t:|1783569714\n|switch|p1a: Porygon-Z|Porygon-Z, L83|37/100\n|-damage|p1a: Porygon-Z|25/100|[from] Stealth Rock\n|-ability|p1a: Porygon-Z|Download|boost\n|-boost|p1a: Porygon-Z|atk|1\n|turn|30\n|inactive|Time left: 300 sec this turn | 300 sec total\n|\n|t:|1783569715\n|move|p1a: Porygon-Z|Ice Beam|p2a: Venusaur\n|-supereffective|p2a: Venusaur\n|-damage|p2a: Venusaur|0 fnt\n|faint|p2a: Venusaur\n|\n|upkeep\n|inactive|Time left: 300 sec this turn | 300 sec total | 5 sec grace\n|\n|t:|1783569716\n|switch|p2a: Mudsdale|Mudsdale, L83, F|302/302\n|turn|31\n|inactive|Time left: 300 sec this turn | 300 sec total\n|\n|t:|1783569717\n|move|p1a: Porygon-Z|Ice Beam|p2a: Mudsdale\n|-supereffective|p2a: Mudsdale\n|-damage|p2a: Mudsdale|68/302\n|-ability|p2a: Mudsdale|Stamina|boost\n|-boost|p2a: Mudsdale|def|1\n|move|p2a: Mudsdale|Earthquake|p1a: Porygon-Z\n|-damage|p1a: Porygon-Z|0 fnt\n|faint|p1a: Porygon-Z\n|\n|-heal|p2a: Mudsdale|86/302|[from] item: Leftovers\n|upkeep\n|\n|t:|1783569718\n|switch|p1a: Dewgong|Dewgong, L94, F|14/100\n|turn|32\n|inactive|Time left: 300 sec this turn | 300 sec total\n|\n|t:|1783569718\n|switch|p2a: Toxtricity|Toxtricity, L82, F|6/257\n|move|p1a: Dewgong|Surf|p2a: Toxtricity\n|-damage|p2a: Toxtricity|0 fnt\n|faint|p2a: Toxtricity\n|\n|upkeep\n|inactive|Time left: 300 sec this turn | 300 sec total | 5 sec grace\n|\n|t:|1783569719\n|switch|p2a: Piloswine|Piloswine, L85, F|145/309\n|turn|33\n|inactive|Time left: 300 sec this turn | 300 sec total\n|\n|t:|1783569720\n|-terastallize|p2a: Piloswine|Poison\n|move|p1a: Dewgong|Surf|p2a: Piloswine\n|-damage|p2a: Piloswine|69/309\n|move|p2a: Piloswine|Earthquake|p1a: Dewgong\n|-damage|p1a: Dewgong|0 fnt\n|faint|p1a: Dewgong\n|\n|upkeep\n|\n|t:|1783569721\n|switch|p1a: Munkidori|Munkidori, L79, M|100/100\n|-damage|p1a: Munkidori|88/100|[from] Stealth Rock\n|turn|34\n|inactive|Time left: 300 sec this turn | 300 sec total\n|\n|t:|1783569722\n|move|p1a: Munkidori|Psychic Noise|p2a: Piloswine\n|-supereffective|p2a: Piloswine\n|-damage|p2a: Piloswine|0 fnt\n|faint|p2a: Piloswine\n|\n|upkeep\n|inactive|Time left: 300 sec this turn | 300 sec total | 5 sec grace\n|\n|t:|1783569723\n|switch|p2a: Mudsdale|Mudsdale, L83, F|86/302\n|turn|35\n|inactive|Time left: 300 sec this turn | 300 sec total\n|\n|t:|1783569724\n|move|p1a: Munkidori|Psychic Noise|p2a: Mudsdale\n|-damage|p2a: Mudsdale|0 fnt\n|faint|p2a: Mudsdale\n|\n|win|p0x2568643e", "uploadtime": 1783569724, "views": 0, "rating": 0, "private": 0, "password": null, "_winner": "p0x2568643e", "_our_name": "p0y25684d22"}