{"id": "battle-gen9randombattle-189", "formatid": "gen9randombattle", "format": "[Gen 9] Random Battle", "players": ["p0x189c866", "p0y189c9dd"], "log": "|init|battle\n|title|p0x189c866 vs. p0y189c9dd\n|j|\u2606p0x189c866\n|j|\u2606p0y189c9dd\n|t:|1783541757\n|gametype|singles\n|player|p1|p0x189c866|170|\n|player|p2|p0y189c9dd|170|\n|gen|9\n|tier|[Gen 9] Random Battle\n|rule|Species Clause: Limit one of each Pok\u00e9mon\n|rule|HP Percentage Mod: HP is shown in percentages\n|rule|Sleep Clause Mod: Limit one foe put to sleep\n|rule|Illusion Level Mod: Illusion disguises the Pok\u00e9mon's true level\n|\n|t:|1783541757\n|teamsize|p1|6\n|teamsize|p2|6\n|start\n|switch|p1a: Vespiquen|Vespiquen, L99, F|299/299\n|switch|p2a: Toucannon|Toucannon, L88, F|100/100\n|-ability|p1a: Vespiquen|Pressure\n|turn|1\n|inactive|Battle timer is ON: inactive players will automatically lose when time's up. (requested by p0y189c9dd)\n|inactive|Time left: 300 sec this turn | 300 sec total | 60 sec grace\n|inactive|p0x189c866 also wants the timer to be on.\n|\n|t:|1783541759\n|-singleturn|p2a: Toucannon|move: Beak Blast\n|move|p1a: Vespiquen|Air Slash|p2a: Toucannon\n|-damage|p2a: Toucannon|66/100\n|move|p2a: Toucannon|Beak Blast|p1a: Vespiquen\n|-supereffective|p1a: Vespiquen\n|-damage|p1a: Vespiquen|93/299\n|\n|upkeep\n|turn|2\n|inactive|Time left: 300 sec this turn | 300 sec total\n|\n|t:|1783541760\n|switch|p1a: Toxtricity|Toxtricity, L82, M|257/257\n|move|p2a: Toucannon|Boomburst|p1a: Toxtricity\n|-damage|p1a: Toxtricity|181/257\n|\n|upkeep\n|turn|3\n|inactive|Time left: 300 sec this turn | 300 sec total\n|\n|t:|1783541761\n|switch|p2a: Scream Tail|Scream Tail, L84|100/100\n|move|p1a: Toxtricity|Overdrive|p2a: Scream Tail\n|-damage|p2a: Scream Tail|70/100\n|-enditem|p1a: Toxtricity|Throat Spray\n|-boost|p1a: Toxtricity|spa|1|[from] item: Throat Spray\n|\n|-heal|p2a: Scream Tail|76/100|[from] item: Leftovers\n|upkeep\n|turn|4\n|inactive|Time left: 300 sec this turn | 300 sec total\n|\n|t:|1783541762\n|move|p2a: Scream Tail|Play Rough|p1a: Toxtricity\n|-resisted|p1a: Toxtricity\n|-damage|p1a: Toxtricity|142/257\n|move|p1a: Toxtricity|Shift Gear|p1a: Toxtricity\n|-boost|p1a: Toxtricity|spe|2\n|-boost|p1a: Toxtricity|atk|1\n|\n|-heal|p2a: Scream Tail|82/100|[from] item: Leftovers\n|upkeep\n|turn|5\n|inactive|Time left: 300 sec this turn | 300 sec total\n|\n|t:|1783541763\n|move|p2a: Scream Tail|Protect|p2a: Scream Tail\n|-singleturn|p2a: Scream Tail|Protect\n|move|p1a: Toxtricity|Boomburst|p2a: Scream Tail\n|-activate|p2a: Scream Tail|move: Protect\n|\n|-heal|p2a: Scream Tail|88/100|[from] item: Leftovers\n|upkeep\n|turn|6\n|inactive|Time left: 300 sec this turn | 300 sec total\n|\n|t:|1783541764\n|move|p1a: Toxtricity|Overdrive|p2a: Scream Tail\n|-damage|p2a: Scream Tail|48/100\n|move|p2a: Scream Tail|Wish|p2a: Scream Tail\n|\n|-heal|p2a: Scream Tail|54/100|[from] item: Leftovers\n|upkeep\n|turn|7\n|inactive|Time left: 300 sec this turn | 300 sec total\n|\n|t:|1783541765\n|move|p2a: Scream Tail|Protect|p2a: Scream Tail\n|-singleturn|p2a: Scream Tail|Protect\n|move|p1a: Toxtricity|Boomburst|p2a: Scream Tail\n|-activate|p2a: Scream Tail|move: Protect\n|\n|-heal|p2a: Scream Tail|100/100|[from] move: Wish|[wisher] Scream Tail\n|upkeep\n|turn|8\n|inactive|Time left: 300 sec this turn | 300 sec total\n|\n|t:|1783541766\n|-terastallize|p2a: Scream Tail|Steel\n|move|p1a: Toxtricity|Gunk Shot|p2a: Scream Tail\n|-immune|p2a: Scream Tail\n|move|p2a: Scream Tail|Play Rough|p1a: Toxtricity\n|-resisted|p1a: Toxtricity\n|-damage|p1a: Toxtricity|99/257\n|\n|upkeep\n|turn|9\n|inactive|Time left: 300 sec this turn | 300 sec total\n|\n|t:|1783541767\n|move|p1a: Toxtricity|Boomburst|p2a: Scream Tail\n|-resisted|p2a: Scream Tail\n|-damage|p2a: Scream Tail|77/100\n|move|p2a: Scream Tail|Play Rough|p1a: Toxtricity\n|-resisted|p1a: Toxtricity\n|-crit|p1a: Toxtricity\n|-damage|p1a: Toxtricity|39/257\n|-unboost|p1a: Toxtricity|atk|1\n|\n|-heal|p2a: Scream Tail|83/100|[from] item: Leftovers\n|upkeep\n|turn|10\n|inactive|Time left: 300 sec this turn | 300 sec total\n|\n|t:|1783541768\n|move|p1a: Toxtricity|Overdrive|p2a: Scream Tail\n|-damage|p2a: Scream Tail|36/100\n|move|p2a: Scream Tail|Play Rough|p1a: Toxtricity|[miss]\n|-miss|p2a: Scream Tail|p1a: Toxtricity\n|\n|-heal|p2a: Scream Tail|42/100|[from] item: Leftovers\n|upkeep\n|turn|11\n|inactive|Time left: 300 sec this turn | 300 sec total\n|\n|t:|1783541770\n|move|p2a: Scream Tail|Protect|p2a: Scream Tail\n|-singleturn|p2a: Scream Tail|Protect\n|move|p1a: Toxtricity|Overdrive|p2a: Scream Tail\n|-activate|p2a: Scream Tail|move: Protect\n|\n|-heal|p2a: Scream Tail|48/100|[from] item: Leftovers\n|upkeep\n|turn|12\n|inactive|Time left: 300 sec this turn | 300 sec total\n|\n|t:|1783541771\n|move|p1a: Toxtricity|Overdrive|p2a: Scream Tail\n|-damage|p2a: Scream Tail|6/100\n|move|p2a: Scream Tail|Play Rough|p1a: Toxtricity|[miss]\n|-miss|p2a: Scream Tail|p1a: Toxtricity\n|\n|-heal|p2a: Scream Tail|12/100|[from] item: Leftovers\n|upkeep\n|turn|13\n|inactive|Time left: 300 sec this turn | 300 sec total\n|\n|t:|1783541772\n|move|p2a: Scream Tail|Protect|p2a: Scream Tail\n|-singleturn|p2a: Scream Tail|Protect\n|move|p1a: Toxtricity|Boomburst|p2a: Scream Tail\n|-activate|p2a: Scream Tail|move: Protect\n|\n|-heal|p2a: Scream Tail|18/100|[from] item: Leftovers\n|upkeep\n|turn|14\n|inactive|Time left: 300 sec this turn | 300 sec total\n|\n|t:|1783541773\n|move|p2a: Scream Tail|Protect||[still]\n|-fail|p2a: Scream Tail\n|move|p1a: Toxtricity|Boomburst|p2a: Scream Tail\n|-resisted|p2a: Scream Tail\n|-damage|p2a: Scream Tail|0 fnt\n|faint|p2a: Scream Tail\n|-end|p2a: Scream Tail|Protosynthesis|[silent]\n|\n|upkeep\n|\n|t:|1783541774\n|switch|p2a: Venusaur|Venusaur, L84, F|100/100\n|turn|15\n|inactive|Time left: 300 sec this turn | 300 sec total\n|\n|t:|1783541775\n|-terastallize|p1a: Toxtricity|Normal\n|move|p1a: Toxtricity|Boomburst|p2a: Venusaur\n|-damage|p2a: Venusaur|0 fnt\n|faint|p2a: Venusaur\n|\n|upkeep\n|\n|t:|1783541776\n|switch|p2a: Morpeko|Morpeko, L88, M|100/100\n|turn|16\n|inactive|Time left: 300 sec this turn | 300 sec total\n|\n|t:|1783541777\n|move|p2a: Morpeko|Protect|p2a: Morpeko\n|-singleturn|p2a: Morpeko|Protect\n|move|p1a: Toxtricity|Boomburst|p2a: Morpeko\n|-activate|p2a: Morpeko|move: Protect\n|\n|-formechange|p2a: Morpeko|Morpeko-Hangry||[from] ability: Hunger Switch\n|upkeep\n|turn|17\n|inactive|Time left: 300 sec this turn | 300 sec total\n|\n|t:|1783541778\n|move|p2a: Morpeko|Protect||[still]\n|-fail|p2a: Morpeko\n|move|p1a: Toxtricity|Boomburst|p2a: Morpeko\n|-damage|p2a: Morpeko|0 fnt\n|faint|p2a: Morpeko\n|\n|upkeep\n|\n|t:|1783541779\n|switch|p2a: Toucannon|Toucannon, L88, F|66/100\n|turn|18\n|inactive|Time left: 300 sec this turn | 300 sec total\n|\n|t:|1783541780\n|move|p1a: Toxtricity|Boomburst|p2a: Toucannon\n|-damage|p2a: Toucannon|0 fnt\n|faint|p2a: Toucannon\n|\n|upkeep\n|\n|t:|1783541781\n|switch|p2a: Hitmonlee|Hitmonlee, L85, M|100/100\n|turn|19\n|inactive|Time left: 300 sec this turn | 300 sec total\n|\n|t:|1783541782\n|move|p1a: Toxtricity|Boomburst|p2a: Hitmonlee\n|-damage|p2a: Hitmonlee|0 fnt\n|faint|p2a: Hitmonlee\n|\n|upkeep\n|\n|t:|1783541783\n|switch|p2a: Venomoth|Venomoth, L84, M|100/100\n|turn|20\n|inactive|Time left: 300 sec this turn | 300 sec total\n|\n|t:|1783541783\n|move|p1a: Toxtricity|Boomburst|p2a: Venomoth\n|-damage|p2a: Venomoth|0 fnt\n|faint|p2a: Venomoth\n|\n|win|p0x189c866", "uploadtime": 1783541783, "views": 0, "rating": 0, "private": 0, "password": null, "_winner": "p0x189c866", "_our_name": "p0x189c866"}