{"id": "battle-gen9randombattle-2078", "formatid": "gen9randombattle", "format": "[Gen 9] Random Battle", "players": ["p0x207812ed", "p0y2078e203"], "log": "|init|battle\n|title|p0x207812ed vs. p0y2078e203\n|j|\u2606p0x207812ed\n|j|\u2606p0y2078e203\n|t:|1783564092\n|gametype|singles\n|player|p1|p0x207812ed|169|\n|player|p2|p0y2078e203|2|\n|gen|9\n|tier|[Gen 9] Random Battle\n|rule|Species Clause: Limit one of each Pok\u00e9mon\n|rule|HP Percentage Mod: HP is shown in percentages\n|rule|Sleep Clause Mod: Limit one foe put to sleep\n|rule|Illusion Level Mod: Illusion disguises the Pok\u00e9mon's true level\n|\n|t:|1783564092\n|teamsize|p1|6\n|teamsize|p2|6\n|start\n|switch|p1a: Probopass|Probopass, L91, F|100/100\n|switch|p2a: Kricketune|Kricketune, L99, F|311/311\n|turn|1\n|inactive|Battle timer is ON: inactive players will automatically lose when time's up. (requested by p0y2078e203)\n|inactive|p0x207812ed also wants the timer to be on.\n|\n|t:|1783564093\n|move|p2a: Kricketune|Sticky Web|p1a: Probopass\n|-sidestart|p1: p0x207812ed|move: Sticky Web\n|move|p1a: Probopass|Power Gem|p2a: Kricketune\n|-supereffective|p2a: Kricketune\n|-damage|p2a: Kricketune|105/311\n|\n|upkeep\n|turn|2\n|inactive|Time left: 300 sec this turn | 300 sec total\n|\n|t:|1783564094\n|move|p2a: Kricketune|Knock Off|p1a: Probopass\n|-damage|p1a: Probopass|79/100\n|-enditem|p1a: Probopass|Leftovers|[from] move: Knock Off|[of] p2a: Kricketune\n|move|p1a: Probopass|Power Gem|p2a: Kricketune\n|-supereffective|p2a: Kricketune\n|-crit|p2a: Kricketune\n|-damage|p2a: Kricketune|0 fnt\n|faint|p2a: Kricketune\n|\n|upkeep\n|inactive|Time left: 300 sec this turn | 300 sec total | 5 sec grace\n|\n|t:|1783564095\n|switch|p2a: Sandy Shocks|Sandy Shocks, L80|267/267\n|turn|3\n|inactive|Time left: 300 sec this turn | 300 sec total\n|\n|t:|1783564096\n|move|p2a: Sandy Shocks|Earth Power|p1a: Probopass\n|-supereffective|p1a: Probopass\n|-damage|p1a: Probopass|0 fnt\n|faint|p1a: Probopass\n|\n|upkeep\n|\n|t:|1783564097\n|switch|p1a: Camerupt|Camerupt, L91, M|100/100\n|-activate|p1a: Camerupt|move: Sticky Web\n|-unboost|p1a: Camerupt|spe|1\n|turn|4\n|inactive|Time left: 300 sec this turn | 300 sec total\n|\n|t:|1783564098\n|move|p2a: Sandy Shocks|Earth Power|p1a: Camerupt\n|-supereffective|p1a: Camerupt\n|-damage|p1a: Camerupt|42/100\n|move|p1a: Camerupt|Earthquake|p2a: Sandy Shocks\n|-supereffective|p2a: Sandy Shocks\n|-damage|p2a: Sandy Shocks|33/267\n|\n|-heal|p1a: Camerupt|48/100|[from] item: Leftovers\n|upkeep\n|turn|5\n|inactive|Time left: 300 sec this turn | 300 sec total\n|\n|t:|1783564099\n|switch|p1a: Volbeat|Volbeat, L90, M|100/100\n|move|p2a: Sandy Shocks|Earth Power|p1a: Volbeat\n|-resisted|p1a: Volbeat\n|-damage|p1a: Volbeat|80/100\n|-unboost|p1a: Volbeat|spd|1\n|\n|upkeep\n|turn|6\n|inactive|Time left: 300 sec this turn | 300 sec total\n|\n|t:|1783564100\n|move|p2a: Sandy Shocks|Earth Power|p1a: Volbeat\n|-resisted|p1a: Volbeat\n|-damage|p1a: Volbeat|53/100\n|move|p1a: Volbeat|Lunge|p2a: Sandy Shocks\n|-damage|p2a: Sandy Shocks|0 fnt\n|faint|p2a: Sandy Shocks\n|-end|p2a: Sandy Shocks|Protosynthesis|[silent]\n|\n|upkeep\n|inactive|Time left: 300 sec this turn | 300 sec total | 5 sec grace\n|\n|t:|1783564101\n|switch|p2a: Espeon|Espeon, L84, M|246/246\n|turn|7\n|inactive|Time left: 300 sec this turn | 300 sec total\n|\n|t:|1783564102\n|switch|p1a: Darkrai|Darkrai, L77|100/100\n|-activate|p1a: Darkrai|move: Sticky Web\n|-unboost|p1a: Darkrai|spe|1\n|move|p2a: Espeon|Psyshock|p1a: Darkrai\n|-immune|p1a: Darkrai\n|\n|upkeep\n|turn|8\n|inactive|Time left: 300 sec this turn | 300 sec total\n|\n|t:|1783564103\n|move|p2a: Espeon|Psyshock|p1a: Darkrai\n|-immune|p1a: Darkrai\n|move|p1a: Darkrai|Dark Pulse|p2a: Espeon\n|-supereffective|p2a: Espeon\n|-damage|p2a: Espeon|4/246\n|-damage|p1a: Darkrai|91/100|[from] item: Life Orb\n|\n|upkeep\n|turn|9\n|inactive|Time left: 300 sec this turn | 300 sec total\n|\n|t:|1783564104\n|move|p2a: Espeon|Psyshock|p1a: Darkrai\n|-immune|p1a: Darkrai\n|move|p1a: Darkrai|Nasty Plot|p1a: Darkrai\n|-boost|p1a: Darkrai|spa|2\n|\n|upkeep\n|turn|10\n|inactive|Time left: 300 sec this turn | 300 sec total\n|\n|t:|1783564105\n|switch|p2a: Klefki|Klefki, L84, M|233/233\n|move|p1a: Darkrai|Dark Pulse|p2a: Klefki\n|-resisted|p2a: Klefki\n|-damage|p2a: Klefki|119/233\n|-damage|p1a: Darkrai|81/100|[from] item: Life Orb\n|\n|-heal|p2a: Klefki|133/233|[from] item: Leftovers\n|upkeep\n|turn|11\n|inactive|Time left: 300 sec this turn | 300 sec total\n|\n|t:|1783564105\n|move|p2a: Klefki|Dazzling Gleam|p1a: Darkrai\n|-supereffective|p1a: Darkrai\n|-damage|p1a: Darkrai|18/100\n|move|p1a: Darkrai|Dark Pulse|p2a: Klefki\n|-resisted|p2a: Klefki\n|-damage|p2a: Klefki|12/233\n|-damage|p1a: Darkrai|9/100|[from] item: Life Orb\n|\n|-heal|p2a: Klefki|26/233|[from] item: Leftovers\n|upkeep\n|turn|12\n|inactive|Time left: 300 sec this turn | 300 sec total\n|\n|t:|1783564106\n|move|p2a: Klefki|Dazzling Gleam|p1a: Darkrai\n|-supereffective|p1a: Darkrai\n|-damage|p1a: Darkrai|0 fnt\n|faint|p1a: Darkrai\n|\n|-heal|p2a: Klefki|40/233|[from] item: Leftovers\n|upkeep\n|\n|t:|1783564107\n|switch|p1a: Skeledirge|Skeledirge, L79, M|100/100\n|turn|13\n|inactive|Time left: 300 sec this turn | 300 sec total\n|\n|t:|1783564108\n|switch|p2a: Spiritomb|Spiritomb, L89, M|234/234\n|move|p1a: Skeledirge|Torch Song|p2a: Spiritomb\n|-damage|p2a: Spiritomb|162/234\n|-boost|p1a: Skeledirge|spa|1\n|\n|-heal|p2a: Spiritomb|176/234|[from] item: Leftovers\n|upkeep\n|turn|14\n|inactive|Time left: 300 sec this turn | 300 sec total\n|\n|t:|1783564109\n|move|p1a: Skeledirge|Torch Song|p2a: Spiritomb\n|-damage|p2a: Spiritomb|70/234\n|-boost|p1a: Skeledirge|spa|1\n|move|p2a: Spiritomb|Poltergeist|p1a: Skeledirge\n|-activate|p1a: Skeledirge|move: Poltergeist|Heavy-Duty Boots\n|-supereffective|p1a: Skeledirge\n|-damage|p1a: Skeledirge|15/100\n|\n|-heal|p2a: Spiritomb|84/234|[from] item: Leftovers\n|upkeep\n|turn|15\n|inactive|Time left: 300 sec this turn | 300 sec total\n|\n|t:|1783564110\n|move|p1a: Skeledirge|Torch Song|p2a: Spiritomb\n|-damage|p2a: Spiritomb|0 fnt\n|-boost|p1a: Skeledirge|spa|1\n|faint|p2a: Spiritomb\n|\n|upkeep\n|inactive|Time left: 300 sec this turn | 300 sec total | 5 sec grace\n|\n|t:|1783564111\n|switch|p2a: Espeon|Espeon, L84, M|4/246\n|turn|16\n|inactive|Time left: 300 sec this turn | 300 sec total\n|\n|t:|1783564112\n|switch|p1a: Camerupt|Camerupt, L91, M|48/100\n|-activate|p1a: Camerupt|move: Sticky Web\n|-unboost|p1a: Camerupt|spe|1\n|move|p2a: Espeon|Psyshock|p1a: Camerupt\n|-damage|p1a: Camerupt|0 fnt\n|faint|p1a: Camerupt\n|\n|upkeep\n|\n|t:|1783564113\n|switch|p1a: Eiscue|Eiscue, L88, M|100/100\n|-activate|p1a: Eiscue|move: Sticky Web\n|-unboost|p1a: Eiscue|spe|1\n|turn|17\n|inactive|Time left: 300 sec this turn | 300 sec total\n|\n|t:|1783564114\n|move|p2a: Espeon|Psyshock|p1a: Eiscue\n|-damage|p1a: Eiscue|51/100\n|move|p1a: Eiscue|Liquidation|p2a: Espeon\n|-damage|p2a: Espeon|0 fnt\n|faint|p2a: Espeon\n|\n|upkeep\n|inactive|Time left: 300 sec this turn | 300 sec total | 5 sec grace\n|\n|t:|1783564115\n|switch|p2a: Scovillain|Scovillain, L91, F|266/266\n|turn|18\n|inactive|Time left: 300 sec this turn | 300 sec total\n|\n|t:|1783564116\n|move|p2a: Scovillain|Flamethrower|p1a: Eiscue\n|-supereffective|p1a: Eiscue\n|-damage|p1a: Eiscue|0 fnt\n|faint|p1a: Eiscue\n|\n|upkeep\n|\n|t:|1783564117\n|switch|p1a: Volbeat|Volbeat, L90, M|53/100\n|turn|19\n|inactive|Time left: 300 sec this turn | 300 sec total\n|\n|t:|1783564118\n|-terastallize|p1a: Volbeat|Water\n|move|p1a: Volbeat|Roost|p1a: Volbeat\n|-heal|p1a: Volbeat|100/100\n|move|p2a: Scovillain|Flamethrower|p1a: Volbeat\n|-resisted|p1a: Volbeat\n|-damage|p1a: Volbeat|79/100\n|\n|upkeep\n|turn|20\n|inactive|Time left: 300 sec this turn | 300 sec total\n|\n|t:|1783564119\n|move|p1a: Volbeat|Lunge|p2a: Scovillain\n|-damage|p2a: Scovillain|172/266\n|-unboost|p2a: Scovillain|atk|1\n|move|p2a: Scovillain|Leech Seed|p1a: Volbeat\n|-start|p1a: Volbeat|move: Leech Seed\n|\n|-heal|p2a: Scovillain|188/266|[from] item: Leftovers\n|-damage|p1a: Volbeat|67/100|[from] Leech Seed|[of] p2a: Scovillain\n|-heal|p2a: Scovillain|220/266|[silent]\n|upkeep\n|turn|21\n|inactive|Time left: 300 sec this turn | 300 sec total\n|\n|t:|1783564120\n|switch|p1a: Skeledirge|Skeledirge, L79, M|15/100\n|switch|p2a: Klefki|Klefki, L84, M|40/233\n|\n|-heal|p2a: Klefki|54/233|[from] item: Leftovers\n|upkeep\n|turn|22\n|inactive|Time left: 300 sec this turn | 300 sec total\n|\n|t:|1783564121\n|move|p2a: Klefki|Foul Play|p1a: Skeledirge\n|-supereffective|p1a: Skeledirge\n|-damage|p1a: Skeledirge|0 fnt\n|faint|p1a: Skeledirge\n|\n|-heal|p2a: Klefki|68/233|[from] item: Leftovers\n|upkeep\n|\n|t:|1783564122\n|switch|p1a: Volbeat|Volbeat, L90, M, tera:Water|67/100\n|turn|23\n|inactive|Time left: 300 sec this turn | 300 sec total\n|\n|t:|1783564123\n|move|p1a: Volbeat|Roost|p1a: Volbeat\n|-heal|p1a: Volbeat|100/100\n|move|p2a: Klefki|Dazzling Gleam|p1a: Volbeat\n|-damage|p1a: Volbeat|75/100\n|\n|-heal|p2a: Klefki|82/233|[from] item: Leftovers\n|upkeep\n|turn|24\n|inactive|Time left: 300 sec this turn | 300 sec total\n|\n|t:|1783564124\n|move|p1a: Volbeat|Lunge|p2a: Klefki\n|-resisted|p2a: Klefki\n|-damage|p2a: Klefki|62/233\n|-unboost|p2a: Klefki|atk|1\n|move|p2a: Klefki|Dazzling Gleam|p1a: Volbeat\n|-damage|p1a: Volbeat|49/100\n|\n|-heal|p2a: Klefki|76/233|[from] item: Leftovers\n|upkeep\n|turn|25\n|inactive|Time left: 300 sec this turn | 300 sec total\n|\n|t:|1783564125\n|move|p1a: Volbeat|Roost|p1a: Volbeat\n|-heal|p1a: Volbeat|99/100\n|move|p2a: Klefki|Dazzling Gleam|p1a: Volbeat\n|-damage|p1a: Volbeat|70/100\n|\n|-heal|p2a: Klefki|90/233|[from] item: Leftovers\n|upkeep\n|turn|26\n|inactive|Time left: 300 sec this turn | 300 sec total\n|\n|t:|1783564126\n|move|p1a: Volbeat|Lunge|p2a: Klefki\n|-resisted|p2a: Klefki\n|-damage|p2a: Klefki|72/233\n|-unboost|p2a: Klefki|atk|1\n|move|p2a: Klefki|Dazzling Gleam|p1a: Volbeat\n|-damage|p1a: Volbeat|41/100\n|\n|-heal|p2a: Klefki|86/233|[from] item: Leftovers\n|upkeep\n|turn|27\n|inactive|Time left: 300 sec this turn | 300 sec total\n|\n|t:|1783564127\n|move|p1a: Volbeat|Roost|p1a: Volbeat\n|-heal|p1a: Volbeat|91/100\n|move|p2a: Klefki|Thunder Wave|p1a: Volbeat\n|-status|p1a: Volbeat|par\n|\n|-heal|p2a: Klefki|100/233|[from] item: Leftovers\n|upkeep\n|turn|28\n|inactive|Time left: 300 sec this turn | 300 sec total\n|\n|t:|1783564128\n|switch|p2a: Scovillain|Scovillain, L91, F|220/266\n|move|p1a: Volbeat|Lunge|p2a: Scovillain\n|-damage|p2a: Scovillain|129/266\n|-unboost|p2a: Scovillain|atk|1\n|\n|-heal|p2a: Scovillain|145/266|[from] item: Leftovers\n|upkeep\n|turn|29\n|inactive|Time left: 300 sec this turn | 300 sec total\n|\n|t:|1783564129\n|move|p1a: Volbeat|Thunder Wave|p2a: Scovillain\n|-status|p2a: Scovillain|par\n|move|p2a: Scovillain|Leech Seed|p1a: Volbeat\n|-start|p1a: Volbeat|move: Leech Seed\n|\n|-heal|p2a: Scovillain|161/266 par|[from] item: Leftovers\n|-damage|p1a: Volbeat|79/100 par|[from] Leech Seed|[of] p2a: Scovillain\n|-heal|p2a: Scovillain|193/266 par|[silent]\n|upkeep\n|turn|30\n|inactive|Time left: 300 sec this turn | 300 sec total\n|\n|t:|1783564130\n|switch|p2a: Klefki|Klefki, L84, M|100/233\n|move|p1a: Volbeat|Lunge|p2a: Klefki\n|-resisted|p2a: Klefki\n|-damage|p2a: Klefki|80/233\n|-unboost|p2a: Klefki|atk|1\n|\n|-heal|p2a: Klefki|94/233|[from] item: Leftovers\n|-damage|p1a: Volbeat|67/100 par|[from] Leech Seed|[of] p2a: Klefki\n|-heal|p2a: Klefki|126/233|[silent]\n|upkeep\n|turn|31\n|inactive|Time left: 300 sec this turn | 300 sec total\n|\n|t:|1783564131\n|move|p1a: Volbeat|Roost|p1a: Volbeat\n|-heal|p1a: Volbeat|100/100 par\n|move|p2a: Klefki|Dazzling Gleam|p1a: Volbeat\n|-damage|p1a: Volbeat|73/100 par\n|\n|-heal|p2a: Klefki|140/233|[from] item: Leftovers\n|-damage|p1a: Volbeat|61/100 par|[from] Leech Seed|[of] p2a: Klefki\n|-heal|p2a: Klefki|172/233|[silent]\n|upkeep\n|turn|32\n|inactive|Time left: 300 sec this turn | 300 sec total\n|\n|t:|1783564132\n|move|p1a: Volbeat|Roost|p1a: Volbeat\n|-heal|p1a: Volbeat|100/100 par\n|move|p2a: Klefki|Dazzling Gleam|p1a: Volbeat\n|-damage|p1a: Volbeat|74/100 par\n|\n|-heal|p2a: Klefki|186/233|[from] item: Leftovers\n|-damage|p1a: Volbeat|62/100 par|[from] Leech Seed|[of] p2a: Klefki\n|-heal|p2a: Klefki|218/233|[silent]\n|upkeep\n|turn|33\n|inactive|Time left: 300 sec this turn | 300 sec total\n|\n|t:|1783564133\n|move|p1a: Volbeat|Roost|p1a: Volbeat\n|-heal|p1a: Volbeat|100/100 par\n|move|p2a: Klefki|Dazzling Gleam|p1a: Volbeat\n|-damage|p1a: Volbeat|71/100 par\n|\n|-heal|p2a: Klefki|232/233|[from] item: Leftovers\n|-damage|p1a: Volbeat|59/100 par|[from] Leech Seed|[of] p2a: Klefki\n|-heal|p2a: Klefki|233/233|[silent]\n|upkeep\n|turn|34\n|inactive|Time left: 300 sec this turn | 300 sec total\n|\n|t:|1783564134\n|-terastallize|p2a: Klefki|Flying\n|move|p1a: Volbeat|Roost|p1a: Volbeat\n|-heal|p1a: Volbeat|100/100 par\n|move|p2a: Klefki|Dazzling Gleam|p1a: Volbeat\n|-damage|p1a: Volbeat|73/100 par\n|\n|-damage|p1a: Volbeat|61/100 par|[from] Leech Seed|[of] p2a: Klefki\n|upkeep\n|turn|35\n|inactive|Time left: 300 sec this turn | 300 sec total\n|\n|t:|1783564135\n|cant|p1a: Volbeat|par\n|move|p2a: Klefki|Dazzling Gleam|p1a: Volbeat\n|-damage|p1a: Volbeat|33/100 par\n|\n|-damage|p1a: Volbeat|21/100 par|[from] Leech Seed|[of] p2a: Klefki\n|upkeep\n|turn|36\n|inactive|Time left: 300 sec this turn | 300 sec total\n|\n|t:|1783564136\n|move|p2a: Klefki|Thunder Wave|p1a: Volbeat\n|-fail|p1a: Volbeat|par\n|move|p1a: Volbeat|Lunge|p2a: Klefki\n|-resisted|p2a: Klefki\n|-crit|p2a: Klefki\n|-damage|p2a: Klefki|179/233\n|-unboost|p2a: Klefki|atk|1\n|\n|-heal|p2a: Klefki|193/233|[from] item: Leftovers\n|-damage|p1a: Volbeat|8/100 par|[from] Leech Seed|[of] p2a: Klefki\n|-heal|p2a: Klefki|225/233|[silent]\n|upkeep\n|turn|37\n|inactive|Time left: 300 sec this turn | 300 sec total\n|\n|t:|1783564137\n|move|p2a: Klefki|Spikes|p1a: Volbeat\n|-sidestart|p1: p0x207812ed|Spikes\n|move|p1a: Volbeat|Thunder Wave|p2a: Klefki\n|-status|p2a: Klefki|par\n|\n|-heal|p2a: Klefki|233/233 par|[from] item: Leftovers\n|-damage|p1a: Volbeat|0 fnt|[from] Leech Seed|[of] p2a: Klefki\n|faint|p1a: Volbeat\n|\n|win|p0y2078e203", "uploadtime": 1783564137, "views": 0, "rating": 0, "private": 0, "password": null, "_winner": "p0y2078e203", "_our_name": "p0y2078e203"}