{"id": "battle-gen9randombattle-1460", "formatid": "gen9randombattle", "format": "[Gen 9] Random Battle", "players": ["p0x14600385", "p0y14608304"], "log": "|init|battle\n|title|p0x14600385 vs. p0y14608304\n|j|\u2606p0x14600385\n|j|\u2606p0y14608304\n|t:|1783556989\n|gametype|singles\n|player|p1|p0x14600385|101|\n|player|p2|p0y14608304|266|\n|gen|9\n|tier|[Gen 9] Random Battle\n|rule|Species Clause: Limit one of each Pok\u00e9mon\n|rule|HP Percentage Mod: HP is shown in percentages\n|rule|Sleep Clause Mod: Limit one foe put to sleep\n|rule|Illusion Level Mod: Illusion disguises the Pok\u00e9mon's true level\n|\n|t:|1783556989\n|teamsize|p1|6\n|teamsize|p2|6\n|start\n|switch|p1a: Tornadus|Tornadus, L82, M|264/264\n|switch|p2a: Azumarill|Azumarill, L82, M|100/100\n|turn|1\n|inactive|Battle timer is ON: inactive players will automatically lose when time's up. (requested by p0x14600385)\n|inactive|p0y14608304 also wants the timer to be on.\n|\n|t:|1783556991\n|switch|p1a: Tauros|Tauros-Paldea-Aqua, L81, M|254/254\n|-ability|p1a: Tauros|Intimidate|boost\n|-unboost|p2a: Azumarill|atk|1\n|move|p2a: Azumarill|Liquidation|p1a: Tauros\n|-resisted|p1a: Tauros\n|-damage|p1a: Tauros|209/254\n|\n|upkeep\n|turn|2\n|inactive|Time left: 300 sec this turn | 300 sec total\n|\n|t:|1783556992\n|move|p1a: Tauros|Bulk Up|p1a: Tauros\n|-boost|p1a: Tauros|atk|1\n|-boost|p1a: Tauros|def|1\n|move|p2a: Azumarill|Liquidation|p1a: Tauros\n|-resisted|p1a: Tauros\n|-damage|p1a: Tauros|176/254\n|\n|upkeep\n|turn|3\n|inactive|Time left: 300 sec this turn | 300 sec total\n|\n|t:|1783556993\n|switch|p2a: Veluza|Veluza, L85, M|100/100\n|move|p1a: Tauros|Bulk Up|p1a: Tauros\n|-boost|p1a: Tauros|atk|1\n|-boost|p1a: Tauros|def|1\n|\n|upkeep\n|turn|4\n|inactive|Time left: 300 sec this turn | 300 sec total\n|\n|t:|1783556995\n|move|p2a: Veluza|Psycho Cut|p1a: Tauros\n|-supereffective|p1a: Tauros\n|-damage|p1a: Tauros|66/254\n|move|p1a: Tauros|Liquidation|p2a: Veluza\n|-resisted|p2a: Veluza\n|-damage|p2a: Veluza|56/100\n|-damage|p1a: Tauros|41/254|[from] item: Life Orb\n|\n|upkeep\n|turn|5\n|inactive|Time left: 300 sec this turn | 300 sec total\n|\n|t:|1783556996\n|move|p2a: Veluza|Psycho Cut|p1a: Tauros\n|-supereffective|p1a: Tauros\n|-damage|p1a: Tauros|0 fnt\n|faint|p1a: Tauros\n|\n|upkeep\n|inactive|Time left: 300 sec this turn | 300 sec total | 5 sec grace\n|\n|t:|1783556997\n|switch|p1a: Flapple|Flapple, L88, F|266/266\n|turn|6\n|inactive|Time left: 300 sec this turn | 300 sec total\n|\n|t:|1783556998\n|move|p2a: Veluza|Psycho Cut|p1a: Flapple\n|-damage|p1a: Flapple|146/266\n|move|p1a: Flapple|Dragon Dance|p1a: Flapple\n|-boost|p1a: Flapple|atk|1\n|-boost|p1a: Flapple|spe|1\n|\n|upkeep\n|turn|7\n|inactive|Time left: 300 sec this turn | 300 sec total\n|\n|t:|1783556999\n|move|p1a: Flapple|Grav Apple|p2a: Veluza\n|-supereffective|p2a: Veluza\n|-damage|p2a: Veluza|0 fnt\n|faint|p2a: Veluza\n|\n|upkeep\n|\n|t:|1783557000\n|switch|p2a: Revavroom|Revavroom, L79, F|100/100\n|turn|8\n|inactive|Time left: 300 sec this turn | 300 sec total\n|\n|t:|1783557001\n|move|p1a: Flapple|Outrage|p2a: Revavroom|[miss]\n|-miss|p1a: Flapple|p2a: Revavroom\n|move|p2a: Revavroom|Gunk Shot|p1a: Flapple|[miss]\n|-miss|p2a: Revavroom|p1a: Flapple\n|\n|upkeep\n|turn|9\n|inactive|Time left: 300 sec this turn | 300 sec total\n|\n|t:|1783557002\n|switch|p2a: Azumarill|Azumarill, L82, M|100/100\n|-terastallize|p1a: Flapple|Fire\n|move|p1a: Flapple|Tera Blast|p2a: Azumarill|[anim] Tera Blast Fire\n|-resisted|p2a: Azumarill\n|-damage|p2a: Azumarill|55/100\n|\n|upkeep\n|turn|10\n|inactive|Time left: 300 sec this turn | 300 sec total\n|\n|t:|1783557003\n|move|p2a: Azumarill|Aqua Jet|p1a: Flapple\n|-supereffective|p1a: Flapple\n|-damage|p1a: Flapple|0 fnt\n|faint|p1a: Flapple\n|\n|upkeep\n|inactive|Time left: 300 sec this turn | 300 sec total | 5 sec grace\n|\n|t:|1783557004\n|switch|p1a: Okidogi|Okidogi, L77, M|262/262\n|turn|11\n|inactive|Time left: 300 sec this turn | 300 sec total\n|\n|t:|1783557005\n|switch|p2a: Revavroom|Revavroom, L79, F|100/100\n|move|p1a: Okidogi|Knock Off|p2a: Revavroom\n|-damage|p2a: Revavroom|74/100\n|-enditem|p2a: Revavroom|Life Orb|[from] move: Knock Off|[of] p1a: Okidogi\n|\n|upkeep\n|turn|12\n|inactive|Time left: 300 sec this turn | 300 sec total\n|\n|t:|1783557006\n|move|p2a: Revavroom|Shift Gear|p2a: Revavroom\n|-boost|p2a: Revavroom|spe|2\n|-boost|p2a: Revavroom|atk|1\n|move|p1a: Okidogi|Drain Punch|p2a: Revavroom\n|-damage|p2a: Revavroom|42/100\n|\n|upkeep\n|turn|13\n|inactive|Time left: 300 sec this turn | 300 sec total\n|\n|t:|1783557007\n|move|p2a: Revavroom|Iron Head|p1a: Okidogi\n|-damage|p1a: Okidogi|135/262\n|move|p1a: Okidogi|Drain Punch|p2a: Revavroom\n|-damage|p2a: Revavroom|11/100\n|-heal|p1a: Okidogi|175/262|[from] drain|[of] p2a: Revavroom\n|\n|upkeep\n|turn|14\n|inactive|Time left: 300 sec this turn | 300 sec total\n|\n|t:|1783557008\n|switch|p1a: Ho-Oh|Ho-Oh, L71|268/268\n|move|p2a: Revavroom|High Horsepower|p1a: Ho-Oh\n|-immune|p1a: Ho-Oh\n|\n|upkeep\n|turn|15\n|inactive|Time left: 300 sec this turn | 300 sec total\n|\n|t:|1783557009\n|move|p2a: Revavroom|Gunk Shot|p1a: Ho-Oh\n|-damage|p1a: Ho-Oh|57/268\n|-status|p1a: Ho-Oh|psn\n|move|p1a: Ho-Oh|Brave Bird|p2a: Revavroom\n|-resisted|p2a: Revavroom\n|-damage|p2a: Revavroom|0 fnt\n|faint|p2a: Revavroom\n|-damage|p1a: Ho-Oh|48/268 psn|[from] Recoil\n|\n|-damage|p1a: Ho-Oh|15/268 psn|[from] psn\n|upkeep\n|\n|t:|1783557010\n|switch|p2a: Ursaluna|Ursaluna-Bloodmoon, L79, M|100/100\n|turn|16\n|inactive|Time left: 300 sec this turn | 300 sec total\n|\n|t:|1783557011\n|move|p1a: Ho-Oh|Recover|p1a: Ho-Oh\n|-heal|p1a: Ho-Oh|149/268 psn\n|move|p2a: Ursaluna|Calm Mind|p2a: Ursaluna\n|-boost|p2a: Ursaluna|spa|1\n|-boost|p2a: Ursaluna|spd|1\n|\n|-damage|p1a: Ho-Oh|116/268 psn|[from] psn\n|upkeep\n|turn|17\n|inactive|Time left: 300 sec this turn | 300 sec total\n|\n|t:|1783557012\n|move|p1a: Ho-Oh|Recover|p1a: Ho-Oh\n|-heal|p1a: Ho-Oh|250/268 psn\n|move|p2a: Ursaluna|Blood Moon|p1a: Ho-Oh\n|-damage|p1a: Ho-Oh|57/268 psn\n|\n|-damage|p1a: Ho-Oh|24/268 psn|[from] psn\n|upkeep\n|turn|18\n|inactive|Time left: 300 sec this turn | 300 sec total\n|\n|t:|1783557013\n|move|p1a: Ho-Oh|Recover|p1a: Ho-Oh\n|-heal|p1a: Ho-Oh|158/268 psn\n|move|p2a: Ursaluna|Calm Mind|p2a: Ursaluna\n|-boost|p2a: Ursaluna|spa|1\n|-boost|p2a: Ursaluna|spd|1\n|\n|-damage|p1a: Ho-Oh|125/268 psn|[from] psn\n|upkeep\n|turn|19\n|inactive|Time left: 300 sec this turn | 300 sec total\n|\n|t:|1783557014\n|move|p1a: Ho-Oh|Brave Bird|p2a: Ursaluna\n|-damage|p2a: Ursaluna|70/100\n|-damage|p1a: Ho-Oh|94/268 psn|[from] Recoil\n|move|p2a: Ursaluna|Blood Moon|p1a: Ho-Oh\n|-damage|p1a: Ho-Oh|0 fnt\n|faint|p1a: Ho-Oh\n|\n|-heal|p2a: Ursaluna|76/100|[from] item: Leftovers\n|upkeep\n|inactive|Time left: 300 sec this turn | 300 sec total | 5 sec grace\n|\n|t:|1783557015\n|switch|p1a: Okidogi|Okidogi, L77, M|175/262\n|turn|20\n|inactive|Time left: 300 sec this turn | 300 sec total\n|\n|t:|1783557016\n|move|p1a: Okidogi|Drain Punch|p2a: Ursaluna\n|-supereffective|p2a: Ursaluna\n|-damage|p2a: Ursaluna|33/100\n|-heal|p1a: Okidogi|242/262|[from] drain|[of] p2a: Ursaluna\n|move|p2a: Ursaluna|Moonlight|p2a: Ursaluna\n|-heal|p2a: Ursaluna|83/100\n|\n|-heal|p2a: Ursaluna|89/100|[from] item: Leftovers\n|upkeep\n|turn|21\n|inactive|Time left: 300 sec this turn | 300 sec total\n|\n|t:|1783557017\n|move|p1a: Okidogi|Drain Punch|p2a: Ursaluna\n|-supereffective|p2a: Ursaluna\n|-damage|p2a: Ursaluna|44/100\n|-heal|p1a: Okidogi|262/262|[from] drain|[of] p2a: Ursaluna\n|move|p2a: Ursaluna|Blood Moon|p1a: Okidogi\n|-damage|p1a: Okidogi|31/262\n|\n|-heal|p2a: Ursaluna|50/100|[from] item: Leftovers\n|upkeep\n|turn|22\n|inactive|Time left: 300 sec this turn | 300 sec total\n|\n|t:|1783557018\n|move|p1a: Okidogi|Drain Punch|p2a: Ursaluna\n|-supereffective|p2a: Ursaluna\n|-damage|p2a: Ursaluna|3/100\n|-heal|p1a: Okidogi|104/262|[from] drain|[of] p2a: Ursaluna\n|move|p2a: Ursaluna|Moonlight|p2a: Ursaluna\n|-heal|p2a: Ursaluna|53/100\n|\n|-heal|p2a: Ursaluna|59/100|[from] item: Leftovers\n|upkeep\n|turn|23\n|inactive|Time left: 300 sec this turn | 300 sec total\n|\n|t:|1783557019\n|move|p1a: Okidogi|Drain Punch|p2a: Ursaluna\n|-supereffective|p2a: Ursaluna\n|-damage|p2a: Ursaluna|10/100\n|-heal|p1a: Okidogi|180/262|[from] drain|[of] p2a: Ursaluna\n|move|p2a: Ursaluna|Moonlight|p2a: Ursaluna\n|-heal|p2a: Ursaluna|60/100\n|\n|-heal|p2a: Ursaluna|66/100|[from] item: Leftovers\n|upkeep\n|turn|24\n|inactive|Time left: 300 sec this turn | 300 sec total\n|\n|t:|1783557020\n|move|p1a: Okidogi|Drain Punch|p2a: Ursaluna\n|-supereffective|p2a: Ursaluna\n|-damage|p2a: Ursaluna|24/100\n|-heal|p1a: Okidogi|244/262|[from] drain|[of] p2a: Ursaluna\n|move|p2a: Ursaluna|Blood Moon|p1a: Okidogi\n|-damage|p1a: Okidogi|0 fnt\n|faint|p1a: Okidogi\n|\n|-heal|p2a: Ursaluna|30/100|[from] item: Leftovers\n|upkeep\n|inactive|Time left: 300 sec this turn | 300 sec total | 5 sec grace\n|\n|t:|1783557021\n|switch|p1a: Tornadus|Tornadus, L82, M|264/264\n|turn|25\n|inactive|Time left: 300 sec this turn | 300 sec total\n|\n|t:|1783557022\n|move|p1a: Tornadus|Grass Knot|p2a: Ursaluna\n|-supereffective|p2a: Ursaluna\n|-damage|p2a: Ursaluna|0 fnt\n|faint|p2a: Ursaluna\n|\n|upkeep\n|\n|t:|1783557023\n|switch|p2a: Kingambit|Kingambit, L74, F|100/100\n|-activate|p2a: Kingambit|ability: Supreme Overlord\n|-start|p2a: Kingambit|fallen3|[silent]\n|turn|26\n|inactive|Time left: 300 sec this turn | 300 sec total\n|\n|t:|1783557024\n|move|p1a: Tornadus|Heat Wave|p2a: Kingambit\n|-supereffective|p2a: Kingambit\n|-damage|p2a: Kingambit|38/100\n|move|p2a: Kingambit|Swords Dance|p2a: Kingambit\n|-boost|p2a: Kingambit|atk|2\n|\n|-heal|p2a: Kingambit|44/100|[from] item: Leftovers\n|upkeep\n|turn|27\n|inactive|Time left: 300 sec this turn | 300 sec total\n|\n|t:|1783557025\n|-terastallize|p2a: Kingambit|Dark\n|move|p1a: Tornadus|Nasty Plot|p1a: Tornadus\n|-boost|p1a: Tornadus|spa|2\n|move|p2a: Kingambit|Sucker Punch||[still]\n|-fail|p2a: Kingambit\n|\n|-heal|p2a: Kingambit|50/100|[from] item: Leftovers\n|upkeep\n|turn|28\n|inactive|Time left: 300 sec this turn | 300 sec total\n|\n|t:|1783557026\n|move|p1a: Tornadus|Nasty Plot|p1a: Tornadus\n|-boost|p1a: Tornadus|spa|2\n|move|p2a: Kingambit|Sucker Punch||[still]\n|-fail|p2a: Kingambit\n|\n|-heal|p2a: Kingambit|56/100|[from] item: Leftovers\n|upkeep\n|turn|29\n|inactive|Time left: 300 sec this turn | 300 sec total\n|\n|t:|1783557027\n|move|p1a: Tornadus|Nasty Plot|p1a: Tornadus\n|-boost|p1a: Tornadus|spa|2\n|move|p2a: Kingambit|Sucker Punch||[still]\n|-fail|p2a: Kingambit\n|\n|-heal|p2a: Kingambit|62/100|[from] item: Leftovers\n|upkeep\n|turn|30\n|inactive|Time left: 300 sec this turn | 300 sec total\n|\n|t:|1783557028\n|move|p1a: Tornadus|Nasty Plot|p1a: Tornadus\n|-boost|p1a: Tornadus|spa|0\n|move|p2a: Kingambit|Sucker Punch||[still]\n|-fail|p2a: Kingambit\n|\n|-heal|p2a: Kingambit|68/100|[from] item: Leftovers\n|upkeep\n|turn|31\n|inactive|Time left: 300 sec this turn | 300 sec total\n|\n|t:|1783557029\n|move|p1a: Tornadus|Nasty Plot|p1a: Tornadus\n|-boost|p1a: Tornadus|spa|0\n|move|p2a: Kingambit|Sucker Punch||[still]\n|-fail|p2a: Kingambit\n|\n|-heal|p2a: Kingambit|74/100|[from] item: Leftovers\n|upkeep\n|turn|32\n|inactive|Time left: 300 sec this turn | 300 sec total\n|\n|t:|1783557030\n|move|p1a: Tornadus|Nasty Plot|p1a: Tornadus\n|-boost|p1a: Tornadus|spa|0\n|move|p2a: Kingambit|Sucker Punch||[still]\n|-fail|p2a: Kingambit\n|\n|-heal|p2a: Kingambit|80/100|[from] item: Leftovers\n|upkeep\n|turn|33\n|inactive|Time left: 300 sec this turn | 300 sec total\n|\n|t:|1783557031\n|move|p1a: Tornadus|Nasty Plot|p1a: Tornadus\n|-boost|p1a: Tornadus|spa|0\n|move|p2a: Kingambit|Sucker Punch||[still]\n|-fail|p2a: Kingambit\n|\n|-heal|p2a: Kingambit|86/100|[from] item: Leftovers\n|upkeep\n|turn|34\n|inactive|Time left: 300 sec this turn | 300 sec total\n|\n|t:|1783557032\n|move|p1a: Tornadus|Nasty Plot|p1a: Tornadus\n|-boost|p1a: Tornadus|spa|0\n|move|p2a: Kingambit|Sucker Punch||[still]\n|-fail|p2a: Kingambit\n|\n|-heal|p2a: Kingambit|92/100|[from] item: Leftovers\n|upkeep\n|turn|35\n|inactive|Time left: 300 sec this turn | 300 sec total\n|\n|t:|1783557033\n|-end|p2a: Kingambit|fallen3|[silent]\n|switch|p2a: Azumarill|Azumarill, L82, M|55/100\n|move|p1a: Tornadus|Grass Knot|p2a: Azumarill\n|-supereffective|p2a: Azumarill\n|-damage|p2a: Azumarill|0 fnt\n|faint|p2a: Azumarill\n|\n|upkeep\n|\n|t:|1783557034\n|switch|p2a: Kingambit|Kingambit, L74, F, tera:Dark|92/100\n|-activate|p2a: Kingambit|ability: Supreme Overlord\n|-start|p2a: Kingambit|fallen4|[silent]\n|turn|36\n|inactive|Time left: 300 sec this turn | 300 sec total\n|\n|t:|1783557035\n|-end|p2a: Kingambit|fallen4|[silent]\n|switch|p2a: Malamar|Malamar, L82, F|100/100\n|move|p1a: Tornadus|Grass Knot|p2a: Malamar\n|-damage|p2a: Malamar|19/100\n|\n|upkeep\n|turn|37\n|inactive|Time left: 300 sec this turn | 300 sec total\n|\n|t:|1783557036\n|switch|p2a: Kingambit|Kingambit, L74, F, tera:Dark|92/100\n|-activate|p2a: Kingambit|ability: Supreme Overlord\n|-start|p2a: Kingambit|fallen4|[silent]\n|move|p1a: Tornadus|Grass Knot|p2a: Kingambit\n|-damage|p2a: Kingambit|0 fnt\n|faint|p2a: Kingambit\n|-end|p2a: Kingambit|fallen4|[silent]\n|\n|upkeep\n|\n|t:|1783557037\n|switch|p2a: Malamar|Malamar, L82, F|19/100\n|turn|38\n|inactive|Time left: 300 sec this turn | 300 sec total\n|\n|t:|1783557038\n|move|p1a: Tornadus|Grass Knot|p2a: Malamar\n|-damage|p2a: Malamar|0 fnt\n|faint|p2a: Malamar\n|\n|win|p0x14600385", "uploadtime": 1783557038, "views": 0, "rating": 0, "private": 0, "password": null, "_winner": "p0x14600385", "_our_name": "p0x14600385"}