{"id": "battle-gen9randombattle-2653", "formatid": "gen9randombattle", "format": "[Gen 9] Random Battle", "players": ["p0x26538cec", "p0y2653bdca"], "log": "|init|battle\n|title|p0x26538cec vs. p0y2653bdca\n|j|\u2606p0x26538cec\n|j|\u2606p0y2653bdca\n|t:|1783569593\n|gametype|singles\n|player|p1|p0x26538cec|266|\n|player|p2|p0y2653bdca|101|\n|gen|9\n|tier|[Gen 9] Random Battle\n|rule|Species Clause: Limit one of each Pok\u00e9mon\n|rule|HP Percentage Mod: HP is shown in percentages\n|rule|Sleep Clause Mod: Limit one foe put to sleep\n|rule|Illusion Level Mod: Illusion disguises the Pok\u00e9mon's true level\n|\n|t:|1783569593\n|teamsize|p1|6\n|teamsize|p2|6\n|start\n|switch|p1a: Excadrill|Excadrill, L79, F|303/303\n|switch|p2a: Landorus|Landorus-Therian, L76, M|100/100\n|-ability|p1a: Excadrill|Mold Breaker\n|-ability|p2a: Landorus|Intimidate|boost\n|-unboost|p1a: Excadrill|atk|1\n|turn|1\n|inactive|Battle timer is ON: inactive players will automatically lose when time's up. (requested by p0x26538cec)\n|inactive|p0y2653bdca also wants the timer to be on.\n|\n|t:|1783569595\n|switch|p1a: Ursaluna|Ursaluna-Bloodmoon, L79, M|308/308\n|move|p2a: Landorus|Earthquake|p1a: Ursaluna\n|-damage|p1a: Ursaluna|208/308\n|\n|-heal|p1a: Ursaluna|227/308|[from] item: Leftovers\n|upkeep\n|turn|2\n|inactive|Time left: 300 sec this turn | 300 sec total\n|\n|t:|1783569596\n|move|p2a: Landorus|Stealth Rock|p1a: Ursaluna\n|-sidestart|p1: p0x26538cec|move: Stealth Rock\n|move|p1a: Ursaluna|Blood Moon|p2a: Landorus\n|-damage|p2a: Landorus|23/100\n|\n|-heal|p2a: Landorus|29/100|[from] item: Leftovers\n|-heal|p1a: Ursaluna|246/308|[from] item: Leftovers\n|upkeep\n|turn|3\n|inactive|Time left: 300 sec this turn | 300 sec total\n|\n|t:|1783569597\n|switch|p2a: Ribombee|Ribombee, L83, F|100/100\n|move|p1a: Ursaluna|Calm Mind|p1a: Ursaluna\n|-boost|p1a: Ursaluna|spa|1\n|-boost|p1a: Ursaluna|spd|1\n|\n|-heal|p1a: Ursaluna|265/308|[from] item: Leftovers\n|upkeep\n|turn|4\n|inactive|Time left: 300 sec this turn | 300 sec total\n|\n|t:|1783569599\n|-terastallize|p2a: Ribombee|Ghost\n|move|p2a: Ribombee|Sticky Web|p1a: Ursaluna\n|-sidestart|p1: p0x26538cec|move: Sticky Web\n|move|p1a: Ursaluna|Blood Moon|p2a: Ribombee\n|-damage|p2a: Ribombee|0 fnt\n|faint|p2a: Ribombee\n|\n|-heal|p1a: Ursaluna|284/308|[from] item: Leftovers\n|upkeep\n|\n|t:|1783569600\n|switch|p2a: Landorus|Landorus-Therian, L76, M|29/100\n|-ability|p2a: Landorus|Intimidate|boost\n|-unboost|p1a: Ursaluna|atk|1\n|turn|5\n|inactive|Time left: 300 sec this turn | 300 sec total\n|\n|t:|1783569601\n|move|p2a: Landorus|Earthquake|p1a: Ursaluna\n|-damage|p1a: Ursaluna|187/308\n|move|p1a: Ursaluna|Calm Mind|p1a: Ursaluna\n|-boost|p1a: Ursaluna|spa|1\n|-boost|p1a: Ursaluna|spd|1\n|\n|-heal|p2a: Landorus|35/100|[from] item: Leftovers\n|-heal|p1a: Ursaluna|206/308|[from] item: Leftovers\n|upkeep\n|turn|6\n|inactive|Time left: 300 sec this turn | 300 sec total\n|\n|t:|1783569602\n|move|p2a: Landorus|Earthquake|p1a: Ursaluna\n|-damage|p1a: Ursaluna|106/308\n|move|p1a: Ursaluna|Blood Moon|p2a: Landorus\n|-damage|p2a: Landorus|0 fnt\n|faint|p2a: Landorus\n|\n|-heal|p1a: Ursaluna|125/308|[from] item: Leftovers\n|upkeep\n|\n|t:|1783569603\n|switch|p2a: Electrode|Electrode-Hisui, L87|100/100\n|turn|7\n|inactive|Time left: 300 sec this turn | 300 sec total\n|\n|t:|1783569604\n|move|p2a: Electrode|Leaf Storm|p1a: Ursaluna\n|-supereffective|p1a: Ursaluna\n|-damage|p1a: Ursaluna|0 fnt\n|-unboost|p2a: Electrode|spa|2\n|faint|p1a: Ursaluna\n|-damage|p2a: Electrode|91/100|[from] item: Life Orb\n|\n|upkeep\n|inactive|Time left: 300 sec this turn | 300 sec total | 5 sec grace\n|\n|t:|1783569605\n|switch|p1a: Excadrill|Excadrill, L79, F|303/303\n|-damage|p1a: Excadrill|294/303|[from] Stealth Rock\n|-activate|p1a: Excadrill|move: Sticky Web\n|-unboost|p1a: Excadrill|spe|1\n|-ability|p1a: Excadrill|Mold Breaker\n|turn|8\n|inactive|Time left: 300 sec this turn | 300 sec total\n|\n|t:|1783569607\n|switch|p2a: Sandaconda|Sandaconda, L84, F|100/100\n|move|p1a: Excadrill|Rapid Spin|p2a: Sandaconda\n|-damage|p2a: Sandaconda|88/100\n|-boost|p1a: Excadrill|spe|1\n|-sideend|p1: p0x26538cec|Stealth Rock|[from] move: Rapid Spin|[of] p1a: Excadrill\n|-sideend|p1: p0x26538cec|Sticky Web|[from] move: Rapid Spin|[of] p1a: Excadrill\n|\n|-heal|p1a: Excadrill|303/303|[from] item: Leftovers\n|-heal|p2a: Sandaconda|94/100|[from] item: Leftovers\n|upkeep\n|turn|9\n|inactive|Time left: 300 sec this turn | 300 sec total\n|\n|t:|1783569608\n|-terastallize|p1a: Excadrill|Grass\n|move|p1a: Excadrill|Swords Dance|p1a: Excadrill\n|-boost|p1a: Excadrill|atk|2\n|move|p2a: Sandaconda|Earthquake|p1a: Excadrill\n|-resisted|p1a: Excadrill\n|-damage|p1a: Excadrill|219/303\n|\n|-heal|p1a: Excadrill|237/303|[from] item: Leftovers\n|-heal|p2a: Sandaconda|100/100|[from] item: Leftovers\n|upkeep\n|turn|10\n|inactive|Time left: 300 sec this turn | 300 sec total\n|\n|t:|1783569609\n|move|p1a: Excadrill|Earthquake|p2a: Sandaconda\n|-damage|p2a: Sandaconda|23/100\n|move|p2a: Sandaconda|Coil|p2a: Sandaconda\n|-boost|p2a: Sandaconda|atk|1\n|-boost|p2a: Sandaconda|def|1\n|-boost|p2a: Sandaconda|accuracy|1\n|\n|-heal|p1a: Excadrill|255/303|[from] item: Leftovers\n|-heal|p2a: Sandaconda|29/100|[from] item: Leftovers\n|upkeep\n|turn|11\n|inactive|Time left: 300 sec this turn | 300 sec total\n|\n|t:|1783569610\n|move|p1a: Excadrill|Earthquake|p2a: Sandaconda\n|-damage|p2a: Sandaconda|0 fnt\n|faint|p2a: Sandaconda\n|\n|-heal|p1a: Excadrill|273/303|[from] item: Leftovers\n|upkeep\n|\n|t:|1783569611\n|switch|p2a: Munkidori|Munkidori, L79, M|100/100\n|turn|12\n|inactive|Time left: 300 sec this turn | 300 sec total\n|\n|t:|1783569612\n|switch|p1a: Slither Wing|Slither Wing, L81|270/270\n|move|p2a: Munkidori|Sludge Wave|p1a: Slither Wing\n|-damage|p1a: Slither Wing|164/270\n|-status|p1a: Slither Wing|tox|[from] ability: Toxic Chain|[of] p2a: Munkidori\n|\n|-damage|p1a: Slither Wing|148/270 tox|[from] psn\n|upkeep\n|turn|13\n|inactive|Time left: 300 sec this turn | 300 sec total\n|\n|t:|1783569613\n|move|p1a: Slither Wing|First Impression|p2a: Munkidori\n|-damage|p2a: Munkidori|32/100\n|-damage|p1a: Slither Wing|121/270 tox|[from] item: Life Orb\n|move|p2a: Munkidori|Psychic Noise|p1a: Slither Wing\n|-supereffective|p1a: Slither Wing\n|-damage|p1a: Slither Wing|0 fnt\n|faint|p1a: Slither Wing\n|-end|p1a: Slither Wing|Protosynthesis|[silent]\n|\n|upkeep\n|inactive|Time left: 300 sec this turn | 300 sec total | 5 sec grace\n|\n|t:|1783569614\n|switch|p1a: Lokix|Lokix, L82, M|251/251\n|turn|14\n|inactive|Time left: 300 sec this turn | 300 sec total\n|\n|t:|1783569615\n|move|p1a: Lokix|First Impression|p2a: Munkidori\n|-damage|p2a: Munkidori|0 fnt\n|faint|p2a: Munkidori\n|\n|upkeep\n|\n|t:|1783569616\n|switch|p2a: Slowbro|Slowbro, L85, M|100/100\n|turn|15\n|inactive|Time left: 300 sec this turn | 300 sec total\n|\n|t:|1783569617\n|move|p1a: Lokix|Knock Off|p2a: Slowbro\n|-supereffective|p2a: Slowbro\n|-damage|p2a: Slowbro|48/100\n|-enditem|p2a: Slowbro|Leftovers|[from] move: Knock Off|[of] p1a: Lokix\n|move|p2a: Slowbro|Scald|p1a: Lokix\n|-damage|p1a: Lokix|119/251\n|-status|p1a: Lokix|brn\n|\n|-damage|p1a: Lokix|104/251 brn|[from] brn\n|upkeep\n|turn|16\n|inactive|Time left: 300 sec this turn | 300 sec total\n|\n|t:|1783569618\n|move|p1a: Lokix|U-turn|p2a: Slowbro\n|-supereffective|p2a: Slowbro\n|-damage|p2a: Slowbro|21/100\n|inactive|Time left: 300 sec this turn | 300 sec total | 5 sec grace\n|\n|t:|1783569619\n|switch|p1a: Gothitelle|Gothitelle, L90, M|272/272|[from] U-turn\n|move|p2a: Slowbro|Slack Off|p2a: Slowbro\n|-heal|p2a: Slowbro|71/100\n|\n|upkeep\n|turn|17\n|inactive|Time left: 300 sec this turn | 300 sec total\n|\n|t:|1783569620\n|move|p1a: Gothitelle|Dark Pulse|p2a: Slowbro\n|-supereffective|p2a: Slowbro\n|-damage|p2a: Slowbro|23/100\n|cant|p2a: Slowbro|flinch\n|\n|upkeep\n|turn|18\n|inactive|Time left: 300 sec this turn | 300 sec total\n|\n|t:|1783569620\n|move|p1a: Gothitelle|Dark Pulse|p2a: Slowbro\n|-supereffective|p2a: Slowbro\n|-damage|p2a: Slowbro|0 fnt\n|faint|p2a: Slowbro\n|\n|upkeep\n|\n|t:|1783569621\n|switch|p2a: Electrode|Electrode-Hisui, L87|91/100\n|turn|19\n|inactive|Time left: 300 sec this turn | 300 sec total\n|\n|t:|1783569622\n|switch|p1a: Excadrill|Excadrill, L79, F, tera:Grass|273/303\n|-ability|p1a: Excadrill|Mold Breaker\n|move|p2a: Electrode|Thunderbolt|p1a: Excadrill\n|-resisted|p1a: Excadrill\n|-damage|p1a: Excadrill|196/303\n|-damage|p2a: Electrode|81/100|[from] item: Life Orb\n|\n|-heal|p1a: Excadrill|214/303|[from] item: Leftovers\n|upkeep\n|turn|20\n|inactive|Time left: 300 sec this turn | 300 sec total\n|\n|t:|1783569623\n|move|p2a: Electrode|Thunderbolt|p1a: Excadrill\n|-resisted|p1a: Excadrill\n|-crit|p1a: Excadrill\n|-damage|p1a: Excadrill|105/303\n|-damage|p2a: Electrode|71/100|[from] item: Life Orb\n|move|p1a: Excadrill|Earthquake|p2a: Electrode\n|-damage|p2a: Electrode|10/100\n|\n|-heal|p1a: Excadrill|123/303|[from] item: Leftovers\n|upkeep\n|turn|21\n|inactive|Time left: 300 sec this turn | 300 sec total\n|\n|t:|1783569624\n|move|p2a: Electrode|Leaf Storm|p1a: Excadrill\n|-resisted|p1a: Excadrill\n|-damage|p1a: Excadrill|6/303\n|-unboost|p2a: Electrode|spa|2\n|-damage|p2a: Electrode|0 fnt|[from] item: Life Orb\n|faint|p2a: Electrode\n|\n|win|p0x26538cec", "uploadtime": 1783569624, "views": 0, "rating": 0, "private": 0, "password": null, "_winner": "p0x26538cec", "_our_name": "p0x26538cec"}