{"id": "battle-gen9randombattle-2601", "formatid": "gen9randombattle", "format": "[Gen 9] Random Battle", "players": ["p0x26017612", "p0y2601ac4a"], "log": "|init|battle\n|title|p0x26017612 vs. p0y2601ac4a\n|j|\u2606p0x26017612\n|j|\u2606p0y2601ac4a\n|t:|1783570026\n|gametype|singles\n|player|p1|p0x26017612|2|\n|player|p2|p0y2601ac4a|265|\n|gen|9\n|tier|[Gen 9] Random Battle\n|rule|Species Clause: Limit one of each Pok\u00e9mon\n|rule|HP Percentage Mod: HP is shown in percentages\n|rule|Sleep Clause Mod: Limit one foe put to sleep\n|rule|Illusion Level Mod: Illusion disguises the Pok\u00e9mon's true level\n|\n|t:|1783570026\n|teamsize|p1|6\n|teamsize|p2|6\n|start\n|switch|p1a: Koraidon|Koraidon, L64|100/100\n|switch|p2a: Braviary|Braviary, L85, M|309/309\n|-weather|SunnyDay|[from] ability: Orichalcum Pulse|[of] p1a: Koraidon\n|-activate|p1a: Koraidon|Orichalcum Pulse|[source]\n|turn|1\n|inactive|Battle timer is ON: inactive players will automatically lose when time's up. (requested by p0x26017612)\n|inactive|Time left: 300 sec this turn | 300 sec total | 60 sec grace\n|inactive|p0y2601ac4a also wants the timer to be on.\n|\n|t:|1783570028\n|move|p1a: Koraidon|Swords Dance|p1a: Koraidon\n|-boost|p1a: Koraidon|atk|2\n|move|p2a: Braviary|Brave Bird|p1a: Koraidon\n|-supereffective|p1a: Koraidon\n|-damage|p1a: Koraidon|0 fnt\n|faint|p1a: Koraidon\n|-damage|p2a: Braviary|231/309|[from] Recoil\n|\n|-weather|SunnyDay|[upkeep]\n|upkeep\n|\n|t:|1783570029\n|switch|p1a: Miraidon|Miraidon, L65|100/100\n|-fieldstart|move: Electric Terrain|[from] ability: Hadron Engine|[of] p1a: Miraidon\n|turn|2\n|inactive|Time left: 300 sec this turn | 300 sec total\n|\n|t:|1783570030\n|switch|p2a: Ogerpon|Ogerpon, L80, F|259/259\n|move|p1a: Miraidon|Electro Drift|p2a: Ogerpon\n|-resisted|p2a: Ogerpon\n|-damage|p2a: Ogerpon|162/259\n|-damage|p1a: Miraidon|91/100|[from] item: Life Orb\n|\n|-weather|SunnyDay|[upkeep]\n|upkeep\n|turn|3\n|inactive|Time left: 300 sec this turn | 300 sec total\n|\n|t:|1783570032\n|move|p2a: Ogerpon|Knock Off|p1a: Miraidon\n|-damage|p1a: Miraidon|45/100\n|-enditem|p1a: Miraidon|Life Orb|[from] move: Knock Off|[of] p2a: Ogerpon\n|-damage|p2a: Ogerpon|137/259|[from] item: Life Orb\n|move|p1a: Miraidon|Electro Drift|p2a: Ogerpon\n|-resisted|p2a: Ogerpon\n|-damage|p2a: Ogerpon|68/259\n|\n|-weather|SunnyDay|[upkeep]\n|upkeep\n|turn|4\n|inactive|Time left: 300 sec this turn | 300 sec total\n|\n|t:|1783570033\n|move|p2a: Ogerpon|Superpower|p1a: Miraidon\n|-damage|p1a: Miraidon|0 fnt\n|-unboost|p2a: Ogerpon|atk|1\n|-unboost|p2a: Ogerpon|def|1\n|faint|p1a: Miraidon\n|-damage|p2a: Ogerpon|43/259|[from] item: Life Orb\n|\n|-weather|SunnyDay|[upkeep]\n|upkeep\n|\n|t:|1783570034\n|switch|p1a: Girafarig|Girafarig, L89, M|100/100\n|turn|5\n|inactive|Time left: 300 sec this turn | 300 sec total\n|\n|t:|1783570035\n|move|p2a: Ogerpon|Knock Off|p1a: Girafarig\n|-supereffective|p1a: Girafarig\n|-damage|p1a: Girafarig|60/100\n|-enditem|p1a: Girafarig|Eviolite|[from] move: Knock Off|[of] p2a: Ogerpon\n|-damage|p2a: Ogerpon|18/259|[from] item: Life Orb\n|move|p1a: Girafarig|Nasty Plot|p1a: Girafarig\n|-boost|p1a: Girafarig|spa|2\n|\n|-weather|none\n|upkeep\n|turn|6\n|inactive|Time left: 300 sec this turn | 300 sec total\n|\n|t:|1783570036\n|move|p2a: Ogerpon|Knock Off|p1a: Girafarig\n|-supereffective|p1a: Girafarig\n|-damage|p1a: Girafarig|18/100\n|-damage|p2a: Ogerpon|0 fnt|[from] item: Life Orb\n|faint|p2a: Ogerpon\n|move|p1a: Girafarig|Nasty Plot|p1a: Girafarig\n|-boost|p1a: Girafarig|spa|2\n|\n|-fieldend|move: Electric Terrain\n|upkeep\n|inactive|Time left: 300 sec this turn | 300 sec total | 5 sec grace\n|\n|t:|1783570037\n|switch|p2a: Basculin|Basculin-Blue-Striped, L86, F|261/261\n|turn|7\n|inactive|Time left: 300 sec this turn | 300 sec total\n|\n|t:|1783570038\n|move|p2a: Basculin|Wave Crash|p1a: Girafarig\n|-damage|p1a: Girafarig|0 fnt\n|faint|p1a: Girafarig\n|-damage|p2a: Basculin|246/261|[from] Recoil\n|\n|upkeep\n|\n|t:|1783570039\n|switch|p1a: Tropius|Tropius, L91, F|100/100\n|turn|8\n|inactive|Time left: 300 sec this turn | 300 sec total\n|\n|t:|1783570039\n|switch|p2a: Braviary|Braviary, L85, M|231/309\n|move|p1a: Tropius|Air Slash|p2a: Braviary\n|-damage|p2a: Braviary|152/309\n|\n|upkeep\n|turn|9\n|inactive|Time left: 300 sec this turn | 300 sec total\n|\n|t:|1783570040\n|switch|p1a: Electivire|Electivire, L84, F|100/100\n|move|p2a: Braviary|Roost|p2a: Braviary\n|-heal|p2a: Braviary|307/309\n|-singleturn|p2a: Braviary|move: Roost\n|\n|upkeep\n|turn|10\n|inactive|Time left: 300 sec this turn | 300 sec total\n|\n|t:|1783570041\n|switch|p2a: Wyrdeer|Wyrdeer, L87, M|321/321\n|-ability|p2a: Wyrdeer|Intimidate|boost\n|-unboost|p1a: Electivire|atk|1\n|move|p1a: Electivire|Supercell Slam|p2a: Wyrdeer\n|-damage|p2a: Wyrdeer|199/321\n|-damage|p1a: Electivire|91/100|[from] item: Life Orb\n|\n|-heal|p2a: Wyrdeer|219/321|[from] item: Leftovers\n|upkeep\n|turn|11\n|inactive|Time left: 300 sec this turn | 300 sec total\n|\n|t:|1783570042\n|move|p1a: Electivire|Knock Off|p2a: Wyrdeer\n|-supereffective|p2a: Wyrdeer\n|-damage|p2a: Wyrdeer|63/321\n|-enditem|p2a: Wyrdeer|Leftovers|[from] move: Knock Off|[of] p1a: Electivire\n|-damage|p1a: Electivire|81/100|[from] item: Life Orb\n|move|p2a: Wyrdeer|Earthquake|p1a: Electivire\n|-supereffective|p1a: Electivire\n|-damage|p1a: Electivire|11/100\n|\n|upkeep\n|turn|12\n|inactive|Time left: 300 sec this turn | 300 sec total\n|\n|t:|1783570043\n|switch|p2a: Registeel|Registeel, L81|262/262\n|move|p1a: Electivire|Volt Switch|p2a: Registeel\n|-damage|p2a: Registeel|202/262\n|-damage|p1a: Electivire|1/100|[from] item: Life Orb\n|\n|t:|1783570043\n|switch|p1a: Quagsire|Quagsire, L84, F|100/100|[from] Volt Switch\n|\n|upkeep\n|turn|13\n|inactive|Time left: 300 sec this turn | 300 sec total\n|\n|t:|1783570044\n|switch|p2a: Wyrdeer|Wyrdeer, L87, M|63/321\n|-ability|p2a: Wyrdeer|Intimidate|boost\n|-unboost|p1a: Quagsire|atk|1\n|move|p1a: Quagsire|Earthquake|p2a: Wyrdeer\n|-damage|p2a: Wyrdeer|0 fnt\n|faint|p2a: Wyrdeer\n|\n|upkeep\n|inactive|Time left: 300 sec this turn | 300 sec total | 5 sec grace\n|\n|t:|1783570045\n|switch|p2a: Basculin|Basculin-Blue-Striped, L86, F|246/261\n|turn|14\n|inactive|Time left: 300 sec this turn | 300 sec total\n|\n|t:|1783570046\n|switch|p1a: Tropius|Tropius, L91, F|100/100\n|move|p2a: Basculin|Wave Crash|p1a: Tropius\n|-resisted|p1a: Tropius\n|-damage|p1a: Tropius|63/100\n|-damage|p2a: Basculin|206/261|[from] Recoil\n|\n|upkeep\n|turn|15\n|inactive|Time left: 300 sec this turn | 300 sec total\n|\n|t:|1783570047\n|move|p2a: Basculin|Wave Crash|p1a: Tropius\n|-resisted|p1a: Tropius\n|-damage|p1a: Tropius|27/100\n|-enditem|p1a: Tropius|Sitrus Berry|[eat]\n|-heal|p1a: Tropius|52/100|[from] item: Sitrus Berry\n|-damage|p2a: Basculin|167/261|[from] Recoil\n|move|p1a: Tropius|Leech Seed|p2a: Basculin\n|-start|p2a: Basculin|move: Leech Seed\n|\n|-damage|p2a: Basculin|135/261|[from] Leech Seed|[of] p1a: Tropius\n|-heal|p1a: Tropius|62/100|[silent]\n|-item|p1a: Tropius|Sitrus Berry|[from] ability: Harvest\n|upkeep\n|turn|16\n|inactive|Time left: 300 sec this turn | 300 sec total\n|\n|t:|1783570048\n|move|p2a: Basculin|Wave Crash|p1a: Tropius\n|-resisted|p1a: Tropius\n|-damage|p1a: Tropius|22/100\n|-enditem|p1a: Tropius|Sitrus Berry|[eat]\n|-heal|p1a: Tropius|47/100|[from] item: Sitrus Berry\n|-damage|p2a: Basculin|92/261|[from] Recoil\n|move|p1a: Tropius|Leech Seed||[still]\n|-fail|p1a: Tropius\n|\n|-damage|p2a: Basculin|60/261|[from] Leech Seed|[of] p1a: Tropius\n|-heal|p1a: Tropius|57/100|[silent]\n|upkeep\n|turn|17\n|inactive|Time left: 300 sec this turn | 300 sec total\n|\n|t:|1783570049\n|move|p2a: Basculin|Wave Crash|p1a: Tropius\n|-resisted|p1a: Tropius\n|-damage|p1a: Tropius|21/100\n|-damage|p2a: Basculin|21/261|[from] Recoil\n|move|p1a: Tropius|Leech Seed||[still]\n|-fail|p1a: Tropius\n|\n|-damage|p2a: Basculin|0 fnt|[from] Leech Seed|[of] p1a: Tropius\n|-heal|p1a: Tropius|27/100|[silent]\n|faint|p2a: Basculin\n|upkeep\n|inactive|Time left: 300 sec this turn | 300 sec total | 5 sec grace\n|\n|t:|1783570050\n|switch|p2a: Ribombee|Ribombee, L83, M|235/235\n|turn|18\n|inactive|Time left: 300 sec this turn | 300 sec total\n|\n|t:|1783570051\n|move|p2a: Ribombee|Moonblast|p1a: Tropius\n|-damage|p1a: Tropius|2/100\n|move|p1a: Tropius|Air Slash|p2a: Ribombee\n|-supereffective|p2a: Ribombee\n|-damage|p2a: Ribombee|61/235\n|\n|upkeep\n|turn|19\n|inactive|Time left: 300 sec this turn | 300 sec total\n|\n|t:|1783570052\n|move|p2a: Ribombee|Sticky Web|p1a: Tropius\n|-sidestart|p1: p0x26017612|move: Sticky Web\n|move|p1a: Tropius|Air Slash|p2a: Ribombee\n|-supereffective|p2a: Ribombee\n|-damage|p2a: Ribombee|0 fnt\n|faint|p2a: Ribombee\n|\n|-item|p1a: Tropius|Sitrus Berry|[from] ability: Harvest\n|upkeep\n|-enditem|p1a: Tropius|Sitrus Berry|[eat]\n|-heal|p1a: Tropius|27/100|[from] item: Sitrus Berry\n|inactive|Time left: 300 sec this turn | 300 sec total | 5 sec grace\n|\n|t:|1783570053\n|switch|p2a: Braviary|Braviary, L85, M|307/309\n|turn|20\n|inactive|Time left: 300 sec this turn | 300 sec total\n|\n|t:|1783570054\n|move|p2a: Braviary|Brave Bird|p1a: Tropius\n|-supereffective|p1a: Tropius\n|-damage|p1a: Tropius|0 fnt\n|faint|p1a: Tropius\n|-damage|p2a: Braviary|279/309|[from] Recoil\n|\n|upkeep\n|\n|t:|1783570055\n|switch|p1a: Quagsire|Quagsire, L84, F|100/100\n|-activate|p1a: Quagsire|move: Sticky Web\n|-unboost|p1a: Quagsire|spe|1\n|turn|21\n|inactive|Time left: 300 sec this turn | 300 sec total\n|\n|t:|1783570056\n|move|p2a: Braviary|Bulk Up|p2a: Braviary\n|-boost|p2a: Braviary|atk|1\n|-boost|p2a: Braviary|def|1\n|move|p1a: Quagsire|Toxic|p2a: Braviary\n|-status|p2a: Braviary|tox\n|\n|-damage|p2a: Braviary|260/309 tox|[from] psn\n|upkeep\n|turn|22\n|inactive|Time left: 300 sec this turn | 300 sec total\n|\n|t:|1783570057\n|move|p2a: Braviary|Bulk Up|p2a: Braviary\n|-boost|p2a: Braviary|atk|1\n|-boost|p2a: Braviary|def|1\n|move|p1a: Quagsire|Recover||[still]\n|-fail|p1a: Quagsire|heal\n|\n|-damage|p2a: Braviary|222/309 tox|[from] psn\n|upkeep\n|turn|23\n|inactive|Time left: 300 sec this turn | 300 sec total\n|\n|t:|1783570058\n|move|p2a: Braviary|Brave Bird|p1a: Quagsire\n|-damage|p1a: Quagsire|46/100\n|-damage|p2a: Braviary|169/309 tox|[from] Recoil\n|move|p1a: Quagsire|Recover|p1a: Quagsire\n|-heal|p1a: Quagsire|96/100\n|\n|-heal|p1a: Quagsire|100/100|[from] item: Leftovers\n|-damage|p2a: Braviary|112/309 tox|[from] psn\n|upkeep\n|turn|24\n|inactive|Time left: 300 sec this turn | 300 sec total\n|\n|t:|1783570059\n|move|p2a: Braviary|Roost|p2a: Braviary\n|-heal|p2a: Braviary|267/309 tox\n|-singleturn|p2a: Braviary|move: Roost\n|move|p1a: Quagsire|Earthquake|p2a: Braviary\n|-damage|p2a: Braviary|153/309 tox\n|\n|-damage|p2a: Braviary|77/309 tox|[from] psn\n|upkeep\n|turn|25\n|inactive|Time left: 300 sec this turn | 300 sec total\n|\n|t:|1783570060\n|move|p2a: Braviary|Roost|p2a: Braviary\n|-heal|p2a: Braviary|232/309 tox\n|-singleturn|p2a: Braviary|move: Roost\n|move|p1a: Quagsire|Earthquake|p2a: Braviary\n|-damage|p2a: Braviary|127/309 tox\n|\n|-damage|p2a: Braviary|32/309 tox|[from] psn\n|upkeep\n|turn|26\n|inactive|Time left: 300 sec this turn | 300 sec total\n|\n|t:|1783570060\n|switch|p1a: Electivire|Electivire, L84, F|1/100\n|-activate|p1a: Electivire|move: Sticky Web\n|-unboost|p1a: Electivire|spe|1\n|move|p2a: Braviary|Brave Bird|p1a: Electivire\n|-resisted|p1a: Electivire\n|-damage|p1a: Electivire|0 fnt\n|faint|p1a: Electivire\n|-damage|p2a: Braviary|31/309 tox|[from] Recoil\n|\n|-damage|p2a: Braviary|0 fnt|[from] psn\n|faint|p2a: Braviary\n|upkeep\n|inactive|Time left: 300 sec this turn | 300 sec total | 5 sec grace\n|\n|t:|1783570061\n|switch|p1a: Quagsire|Quagsire, L84, F|100/100\n|switch|p2a: Registeel|Registeel, L81|202/262\n|-activate|p1a: Quagsire|move: Sticky Web\n|-unboost|p1a: Quagsire|spe|1\n|turn|27\n|inactive|Time left: 300 sec this turn | 300 sec total\n|\n|t:|1783570062\n|-terastallize|p2a: Registeel|Fighting\n|move|p2a: Registeel|Body Press|p1a: Quagsire\n|-damage|p1a: Quagsire|59/100\n|move|p1a: Quagsire|Earthquake|p2a: Registeel\n|-damage|p2a: Registeel|136/262\n|\n|-heal|p1a: Quagsire|65/100|[from] item: Leftovers\n|upkeep\n|turn|28\n|inactive|Time left: 300 sec this turn | 300 sec total\n|\n|t:|1783570063\n|move|p2a: Registeel|Body Press|p1a: Quagsire\n|-damage|p1a: Quagsire|26/100\n|move|p1a: Quagsire|Recover|p1a: Quagsire\n|-heal|p1a: Quagsire|76/100\n|\n|-heal|p1a: Quagsire|82/100|[from] item: Leftovers\n|upkeep\n|turn|29\n|inactive|Time left: 300 sec this turn | 300 sec total\n|\n|t:|1783570064\n|move|p2a: Registeel|Body Press|p1a: Quagsire\n|-damage|p1a: Quagsire|41/100\n|move|p1a: Quagsire|Recover|p1a: Quagsire\n|-heal|p1a: Quagsire|91/100\n|\n|-heal|p1a: Quagsire|97/100|[from] item: Leftovers\n|upkeep\n|turn|30\n|inactive|Time left: 300 sec this turn | 300 sec total\n|\n|t:|1783570065\n|move|p2a: Registeel|Iron Defense|p2a: Registeel\n|-boost|p2a: Registeel|def|2\n|move|p1a: Quagsire|Earthquake|p2a: Registeel\n|-damage|p2a: Registeel|75/262\n|\n|-heal|p1a: Quagsire|100/100|[from] item: Leftovers\n|upkeep\n|turn|31\n|inactive|Time left: 300 sec this turn | 300 sec total\n|\n|t:|1783570066\n|move|p2a: Registeel|Rest|p2a: Registeel\n|-status|p2a: Registeel|slp|[from] move: Rest\n|-heal|p2a: Registeel|262/262 slp|[silent]\n|-enditem|p2a: Registeel|Chesto Berry|[eat]\n|-curestatus|p2a: Registeel|slp|[msg]\n|move|p1a: Quagsire|Earthquake|p2a: Registeel\n|-damage|p2a: Registeel|198/262\n|\n|upkeep\n|turn|32\n|inactive|Time left: 300 sec this turn | 300 sec total\n|\n|t:|1783570067\n|move|p2a: Registeel|Body Press|p1a: Quagsire\n|-damage|p1a: Quagsire|61/100\n|move|p1a: Quagsire|Toxic|p2a: Registeel\n|-status|p2a: Registeel|tox\n|\n|-heal|p1a: Quagsire|67/100|[from] item: Leftovers\n|-damage|p2a: Registeel|182/262 tox|[from] psn\n|upkeep\n|turn|33\n|inactive|Time left: 300 sec this turn | 300 sec total\n|\n|t:|1783570068\n|move|p2a: Registeel|Rest|p2a: Registeel\n|-status|p2a: Registeel|slp|[from] move: Rest\n|-heal|p2a: Registeel|262/262 slp|[silent]\n|move|p1a: Quagsire|Recover|p1a: Quagsire\n|-heal|p1a: Quagsire|100/100\n|\n|upkeep\n|turn|34\n|inactive|Time left: 300 sec this turn | 300 sec total\n|\n|t:|1783570069\n|cant|p2a: Registeel|slp\n|move|p1a: Quagsire|Earthquake|p2a: Registeel\n|-damage|p2a: Registeel|198/262 slp\n|\n|upkeep\n|turn|35\n|inactive|Time left: 300 sec this turn | 300 sec total\n|\n|t:|1783570070\n|cant|p2a: Registeel|slp\n|move|p1a: Quagsire|Earthquake|p2a: Registeel\n|-damage|p2a: Registeel|129/262 slp\n|\n|upkeep\n|turn|36\n|inactive|Time left: 300 sec this turn | 300 sec total\n|\n|t:|1783570071\n|-curestatus|p2a: Registeel|slp|[msg]\n|move|p2a: Registeel|Rest|p2a: Registeel\n|-status|p2a: Registeel|slp|[from] move: Rest\n|-heal|p2a: Registeel|262/262 slp|[silent]\n|move|p1a: Quagsire|Earthquake|p2a: Registeel\n|-crit|p2a: Registeel\n|-damage|p2a: Registeel|166/262 slp\n|\n|upkeep\n|turn|37\n|inactive|Time left: 300 sec this turn | 300 sec total\n|\n|t:|1783570072\n|cant|p2a: Registeel|slp\n|move|p1a: Quagsire|Earthquake|p2a: Registeel\n|-damage|p2a: Registeel|99/262 slp\n|\n|upkeep\n|turn|38\n|inactive|Time left: 300 sec this turn | 300 sec total\n|\n|t:|1783570073\n|cant|p2a: Registeel|slp\n|move|p1a: Quagsire|Spikes|p2a: Registeel\n|-sidestart|p2: p0y2601ac4a|Spikes\n|\n|upkeep\n|turn|39\n|inactive|Time left: 300 sec this turn | 300 sec total\n|\n|t:|1783570074\n|-curestatus|p2a: Registeel|slp|[msg]\n|move|p2a: Registeel|Rest|p2a: Registeel\n|-status|p2a: Registeel|slp|[from] move: Rest\n|-heal|p2a: Registeel|262/262 slp|[silent]\n|move|p1a: Quagsire|Earthquake|p2a: Registeel\n|-damage|p2a: Registeel|195/262 slp\n|\n|upkeep\n|turn|40\n|inactive|Time left: 300 sec this turn | 300 sec total\n|\n|t:|1783570075\n|cant|p2a: Registeel|slp\n|move|p1a: Quagsire|Earthquake|p2a: Registeel\n|-damage|p2a: Registeel|123/262 slp\n|\n|upkeep\n|turn|41\n|inactive|Time left: 300 sec this turn | 300 sec total\n|\n|t:|1783570076\n|cant|p2a: Registeel|slp\n|move|p1a: Quagsire|Earthquake|p2a: Registeel\n|-damage|p2a: Registeel|54/262 slp\n|\n|upkeep\n|turn|42\n|inactive|Time left: 300 sec this turn | 300 sec total\n|\n|t:|1783570077\n|-curestatus|p2a: Registeel|slp|[msg]\n|move|p2a: Registeel|Rest|p2a: Registeel\n|-status|p2a: Registeel|slp|[from] move: Rest\n|-heal|p2a: Registeel|262/262 slp|[silent]\n|move|p1a: Quagsire|Earthquake|p2a: Registeel\n|-damage|p2a: Registeel|196/262 slp\n|\n|upkeep\n|turn|43\n|inactive|Time left: 300 sec this turn | 300 sec total\n|\n|t:|1783570078\n|cant|p2a: Registeel|slp\n|move|p1a: Quagsire|Earthquake|p2a: Registeel\n|-damage|p2a: Registeel|133/262 slp\n|\n|upkeep\n|turn|44\n|inactive|Time left: 300 sec this turn | 300 sec total\n|\n|t:|1783570079\n|cant|p2a: Registeel|slp\n|move|p1a: Quagsire|Toxic||[still]\n|-fail|p1a: Quagsire\n|\n|upkeep\n|turn|45\n|inactive|Time left: 300 sec this turn | 300 sec total\n|\n|t:|1783570080\n|-curestatus|p2a: Registeel|slp|[msg]\n|move|p2a: Registeel|Rest|p2a: Registeel\n|-status|p2a: Registeel|slp|[from] move: Rest\n|-heal|p2a: Registeel|262/262 slp|[silent]\n|move|p1a: Quagsire|Earthquake|p2a: Registeel\n|-damage|p2a: Registeel|195/262 slp\n|\n|upkeep\n|turn|46\n|inactive|Time left: 300 sec this turn | 300 sec total\n|\n|t:|1783570081\n|cant|p2a: Registeel|slp\n|move|p1a: Quagsire|Toxic||[still]\n|-fail|p1a: Quagsire\n|\n|upkeep\n|turn|47\n|inactive|Time left: 300 sec this turn | 300 sec total\n|\n|t:|1783570083\n|cant|p2a: Registeel|slp\n|move|p1a: Quagsire|Spikes|p2a: Registeel\n|-sidestart|p2: p0y2601ac4a|Spikes\n|\n|upkeep\n|turn|48\n|inactive|Time left: 300 sec this turn | 300 sec total\n|\n|t:|1783570084\n|-curestatus|p2a: Registeel|slp|[msg]\n|move|p2a: Registeel|Rest|p2a: Registeel\n|-status|p2a: Registeel|slp|[from] move: Rest\n|-heal|p2a: Registeel|262/262 slp|[silent]\n|move|p1a: Quagsire|Toxic||[still]\n|-fail|p1a: Quagsire\n|\n|upkeep\n|turn|49\n|inactive|Time left: 300 sec this turn | 300 sec total\n|\n|t:|1783570085\n|cant|p2a: Registeel|slp\n|move|p1a: Quagsire|Toxic||[still]\n|-fail|p1a: Quagsire\n|\n|upkeep\n|turn|50\n|inactive|Time left: 300 sec this turn | 300 sec total\n|\n|t:|1783570086\n|cant|p2a: Registeel|slp\n|move|p1a: Quagsire|Toxic||[still]\n|-fail|p1a: Quagsire\n|\n|upkeep\n|turn|51\n|inactive|Time left: 300 sec this turn | 300 sec total\n|\n|t:|1783570087\n|-curestatus|p2a: Registeel|slp|[msg]\n|move|p2a: Registeel|Rest|p2a: Registeel\n|-fail|p2a: Registeel|heal\n|move|p1a: Quagsire|Toxic|p2a: Registeel\n|-status|p2a: Registeel|tox\n|\n|-damage|p2a: Registeel|246/262 tox|[from] psn\n|upkeep\n|turn|52\n|inactive|Time left: 300 sec this turn | 300 sec total\n|\n|t:|1783570088\n|move|p2a: Registeel|Iron Head|p1a: Quagsire\n|-resisted|p1a: Quagsire\n|-damage|p1a: Quagsire|90/100\n|move|p1a: Quagsire|Recover|p1a: Quagsire\n|-heal|p1a: Quagsire|100/100\n|\n|-damage|p2a: Registeel|214/262 tox|[from] psn\n|upkeep\n|turn|53\n|inactive|Time left: 300 sec this turn | 300 sec total\n|\n|t:|1783570089\n|move|p2a: Registeel|Iron Head|p1a: Quagsire\n|-resisted|p1a: Quagsire\n|-damage|p1a: Quagsire|89/100\n|move|p1a: Quagsire|Recover|p1a: Quagsire\n|-heal|p1a: Quagsire|100/100\n|\n|-damage|p2a: Registeel|166/262 tox|[from] psn\n|upkeep\n|turn|54\n|inactive|Time left: 300 sec this turn | 300 sec total\n|\n|t:|1783570090\n|move|p2a: Registeel|Body Press|p1a: Quagsire\n|-damage|p1a: Quagsire|64/100\n|move|p1a: Quagsire|Recover|p1a: Quagsire\n|-heal|p1a: Quagsire|100/100\n|\n|-damage|p2a: Registeel|102/262 tox|[from] psn\n|upkeep\n|turn|55\n|inactive|Time left: 300 sec this turn | 300 sec total\n|\n|t:|1783570091\n|move|p2a: Registeel|Iron Defense|p2a: Registeel\n|-boost|p2a: Registeel|def|2\n|move|p1a: Quagsire|Spikes|p2a: Registeel\n|-sidestart|p2: p0y2601ac4a|Spikes\n|\n|-damage|p2a: Registeel|22/262 tox|[from] psn\n|upkeep\n|turn|56\n|inactive|Time left: 300 sec this turn | 300 sec total\n|\n|t:|1783570092\n|move|p2a: Registeel|Body Press|p1a: Quagsire\n|-damage|p1a: Quagsire|62/100\n|move|p1a: Quagsire|Spikes||[still]\n|-fail|p1a: Quagsire\n|\n|-heal|p1a: Quagsire|68/100|[from] item: Leftovers\n|-damage|p2a: Registeel|0 fnt|[from] psn\n|faint|p2a: Registeel\n|\n|win|p0x26017612", "uploadtime": 1783570092, "views": 0, "rating": 0, "private": 0, "password": null, "_winner": "p0x26017612", "_our_name": "p0y2601ac4a"}