{"id": "battle-gen9randombattle-1087", "formatid": "gen9randombattle", "format": "[Gen 9] Random Battle", "players": ["p0x10874a8d", "p0y10875118"], "log": "|init|battle\n|title|p0x10874a8d vs. p0y10875118\n|j|\u2606p0x10874a8d\n|j|\u2606p0y10875118\n|t:|1783552534\n|gametype|singles\n|player|p1|p0x10874a8d|2|\n|player|p2|p0y10875118|101|\n|gen|9\n|tier|[Gen 9] Random Battle\n|rule|Species Clause: Limit one of each Pok\u00e9mon\n|rule|HP Percentage Mod: HP is shown in percentages\n|rule|Sleep Clause Mod: Limit one foe put to sleep\n|rule|Illusion Level Mod: Illusion disguises the Pok\u00e9mon's true level\n|\n|t:|1783552534\n|teamsize|p1|6\n|teamsize|p2|6\n|start\n|switch|p1a: Shiftry|Shiftry, L89, F|100/100\n|switch|p2a: Meloetta|Meloetta, L82|298/298\n|turn|1\n|inactive|Battle timer is ON: inactive players will automatically lose when time's up. (requested by p0y10875118)\n|\n|t:|1783552536\n|move|p2a: Meloetta|Relic Song|p1a: Shiftry\n|-damage|p1a: Shiftry|48/100\n|-formechange|p2a: Meloetta|Meloetta-Pirouette|[msg]\n|-damage|p2a: Meloetta|269/298|[from] item: Life Orb\n|move|p1a: Shiftry|Knock Off|p2a: Meloetta\n|-resisted|p2a: Meloetta\n|-damage|p2a: Meloetta|199/298\n|-enditem|p2a: Meloetta|Life Orb|[from] move: Knock Off|[of] p1a: Shiftry\n|-damage|p1a: Shiftry|38/100|[from] item: Life Orb\n|\n|upkeep\n|turn|2\n|inactive|Time left: 300 sec this turn | 300 sec total\n|inactive|p0x10874a8d also wants the timer to be on.\n|\n|t:|1783552537\n|switch|p1a: Kingdra|Kingdra, L84, F|100/100\n|move|p2a: Meloetta|Triple Axel|p1a: Kingdra\n|-damage|p1a: Kingdra|94/100\n|-damage|p1a: Kingdra|83/100\n|-damage|p1a: Kingdra|66/100\n|-hitcount|p1a: Kingdra|3\n|\n|upkeep\n|turn|3\n|inactive|Time left: 300 sec this turn | 300 sec total\n|\n|t:|1783552538\n|move|p2a: Meloetta|Knock Off|p1a: Kingdra\n|-damage|p1a: Kingdra|34/100\n|-enditem|p1a: Kingdra|Lum Berry|[from] move: Knock Off|[of] p2a: Meloetta\n|move|p1a: Kingdra|Outrage|p2a: Meloetta\n|-damage|p2a: Meloetta|81/298\n|\n|upkeep\n|turn|4\n|inactive|Time left: 300 sec this turn | 300 sec total\n|\n|t:|1783552539\n|move|p2a: Meloetta|Close Combat|p1a: Kingdra\n|-damage|p1a: Kingdra|0 fnt\n|-unboost|p2a: Meloetta|def|1\n|-unboost|p2a: Meloetta|spd|1\n|faint|p1a: Kingdra\n|\n|upkeep\n|\n|t:|1783552540\n|switch|p1a: Perrserker|Perrserker, L89, F|100/100\n|turn|5\n|inactive|Time left: 300 sec this turn | 300 sec total\n|\n|t:|1783552542\n|move|p2a: Meloetta|Close Combat|p1a: Perrserker\n|-supereffective|p1a: Perrserker\n|-damage|p1a: Perrserker|0 fnt\n|-unboost|p2a: Meloetta|def|1\n|-unboost|p2a: Meloetta|spd|1\n|faint|p1a: Perrserker\n|\n|upkeep\n|\n|t:|1783552543\n|switch|p1a: Latios|Latios, L78, M|100/100\n|turn|6\n|inactive|Time left: 300 sec this turn | 300 sec total\n|\n|t:|1783552544\n|move|p2a: Meloetta|Triple Axel|p1a: Latios\n|-supereffective|p1a: Latios\n|-damage|p1a: Latios|83/100\n|-supereffective|p1a: Latios\n|-damage|p1a: Latios|50/100\n|-supereffective|p1a: Latios\n|-damage|p1a: Latios|6/100\n|-hitcount|p1a: Latios|3\n|move|p1a: Latios|Psyshock|p2a: Meloetta\n|-supereffective|p2a: Meloetta\n|-damage|p2a: Meloetta|0 fnt\n|faint|p2a: Meloetta\n|\n|upkeep\n|inactive|Time left: 300 sec this turn | 300 sec total | 5 sec grace\n|\n|t:|1783552545\n|switch|p2a: Indeedee|Indeedee-F, L90, F|272/272\n|-fieldstart|move: Psychic Terrain|[from] ability: Psychic Surge|[of] p2a: Indeedee\n|turn|7\n|inactive|Time left: 300 sec this turn | 300 sec total\n|\n|t:|1783552546\n|move|p1a: Latios|Draco Meteor|p2a: Indeedee\n|-damage|p2a: Indeedee|134/272\n|-unboost|p1a: Latios|spa|2\n|move|p2a: Indeedee|Hyper Voice|p1a: Latios\n|-damage|p1a: Latios|0 fnt\n|faint|p1a: Latios\n|\n|upkeep\n|\n|t:|1783552547\n|switch|p1a: Ursaring|Ursaring, L84, M|100/100\n|turn|8\n|inactive|Time left: 300 sec this turn | 300 sec total\n|\n|t:|1783552548\n|move|p2a: Indeedee|Hyper Voice|p1a: Ursaring\n|-damage|p1a: Ursaring|39/100\n|move|p1a: Ursaring|Swords Dance|p1a: Ursaring\n|-boost|p1a: Ursaring|atk|2\n|\n|-status|p1a: Ursaring|tox|[from] item: Toxic Orb\n|upkeep\n|turn|9\n|inactive|Time left: 300 sec this turn | 300 sec total\n|\n|t:|1783552549\n|move|p1a: Ursaring|Facade|p2a: Indeedee\n|-damage|p2a: Indeedee|0 fnt\n|faint|p2a: Indeedee\n|\n|-damage|p1a: Ursaring|33/100 tox|[from] psn\n|upkeep\n|inactive|Time left: 300 sec this turn | 300 sec total | 5 sec grace\n|\n|t:|1783552550\n|switch|p2a: Iron Moth|Iron Moth, L78|253/253\n|turn|10\n|inactive|Time left: 300 sec this turn | 300 sec total\n|\n|t:|1783552551\n|switch|p1a: Phione|Phione, L91|100/100\n|move|p2a: Iron Moth|Fiery Dance|p1a: Phione\n|-resisted|p1a: Phione\n|-damage|p1a: Phione|84/100\n|-boost|p2a: Iron Moth|spa|1\n|\n|-heal|p1a: Phione|90/100|[from] item: Leftovers\n|upkeep\n|turn|11\n|inactive|Time left: 300 sec this turn | 300 sec total\n|\n|t:|1783552552\n|move|p2a: Iron Moth|Sludge Wave|p1a: Phione\n|-damage|p1a: Phione|30/100\n|-status|p1a: Phione|psn\n|move|p1a: Phione|Scald|p2a: Iron Moth\n|-supereffective|p2a: Iron Moth\n|-damage|p2a: Iron Moth|107/253\n|\n|-heal|p1a: Phione|36/100 psn|[from] item: Leftovers\n|-damage|p1a: Phione|24/100 psn|[from] psn\n|-fieldend|move: Psychic Terrain\n|upkeep\n|turn|12\n|inactive|Time left: 300 sec this turn | 300 sec total\n|\n|t:|1783552554\n|move|p2a: Iron Moth|Fiery Dance|p1a: Phione\n|-resisted|p1a: Phione\n|-damage|p1a: Phione|0 fnt\n|-boost|p2a: Iron Moth|spa|1\n|faint|p1a: Phione\n|\n|upkeep\n|\n|t:|1783552555\n|switch|p1a: Ursaring|Ursaring, L84, M|33/100 tox\n|turn|13\n|inactive|Time left: 300 sec this turn | 300 sec total\n|\n|t:|1783552555\n|switch|p1a: Shiftry|Shiftry, L89, F|38/100\n|move|p2a: Iron Moth|Sludge Wave|p1a: Shiftry\n|-supereffective|p1a: Shiftry\n|-damage|p1a: Shiftry|0 fnt\n|faint|p1a: Shiftry\n|\n|upkeep\n|\n|t:|1783552556\n|switch|p1a: Ursaring|Ursaring, L84, M|33/100 tox\n|turn|14\n|inactive|Time left: 300 sec this turn | 300 sec total\n|\n|t:|1783552557\n|move|p2a: Iron Moth|Fiery Dance|p1a: Ursaring\n|-damage|p1a: Ursaring|0 fnt\n|-boost|p2a: Iron Moth|spa|1\n|faint|p1a: Ursaring\n|\n|win|p0y10875118", "uploadtime": 1783552557, "views": 0, "rating": 0, "private": 0, "password": null, "_winner": "p0y10875118", "_our_name": "p0y10875118"}