{"id": "battle-gen9randombattle-1039", "formatid": "gen9randombattle", "format": "[Gen 9] Random Battle", "players": ["p0x10398bbe", "p0y10391ff5"], "log": "|init|battle\n|title|p0x10398bbe vs. p0y10391ff5\n|j|\u2606p0x10398bbe\n|j|\u2606p0y10391ff5\n|t:|1783551220\n|gametype|singles\n|player|p1|p0x10398bbe|2|\n|player|p2|p0y10391ff5|102|\n|gen|9\n|tier|[Gen 9] Random Battle\n|rule|Species Clause: Limit one of each Pok\u00e9mon\n|rule|HP Percentage Mod: HP is shown in percentages\n|rule|Sleep Clause Mod: Limit one foe put to sleep\n|rule|Illusion Level Mod: Illusion disguises the Pok\u00e9mon's true level\n|\n|t:|1783551220\n|teamsize|p1|6\n|teamsize|p2|6\n|start\n|switch|p1a: Diancie|Diancie, L82|100/100\n|switch|p2a: Hawlucha|Hawlucha, L80, M|256/256\n|turn|1\n|inactive|Battle timer is ON: inactive players will automatically lose when time's up. (requested by p0y10391ff5)\n|inactive|p0x10398bbe also wants the timer to be on.\n|\n|t:|1783551222\n|move|p2a: Hawlucha|Swords Dance|p2a: Hawlucha\n|-boost|p2a: Hawlucha|atk|2\n|move|p1a: Diancie|Diamond Storm|p2a: Hawlucha\n|-damage|p2a: Hawlucha|135/256\n|-boost|p1a: Diancie|def|2\n|\n|upkeep\n|turn|2\n|inactive|Time left: 300 sec this turn | 300 sec total\n|\n|t:|1783551223\n|move|p2a: Hawlucha|Close Combat|p1a: Diancie\n|-damage|p1a: Diancie|63/100\n|-unboost|p2a: Hawlucha|def|1\n|-unboost|p2a: Hawlucha|spd|1\n|-enditem|p2a: Hawlucha|White Herb\n|-clearnegativeboost|p2a: Hawlucha|[silent]\n|move|p1a: Diancie|Draining Kiss|p2a: Hawlucha\n|-supereffective|p2a: Hawlucha\n|-damage|p2a: Hawlucha|7/256\n|-heal|p1a: Diancie|100/100|[from] drain|[of] p2a: Hawlucha\n|\n|upkeep\n|turn|3\n|inactive|Time left: 300 sec this turn | 300 sec total\n|\n|t:|1783551225\n|move|p2a: Hawlucha|Close Combat|p1a: Diancie\n|-damage|p1a: Diancie|67/100\n|-unboost|p2a: Hawlucha|def|1\n|-unboost|p2a: Hawlucha|spd|1\n|move|p1a: Diancie|Diamond Storm|p2a: Hawlucha|[miss]\n|-miss|p1a: Diancie|p2a: Hawlucha\n|\n|-heal|p1a: Diancie|73/100|[from] item: Leftovers\n|upkeep\n|turn|4\n|inactive|Time left: 300 sec this turn | 300 sec total\n|\n|t:|1783551226\n|move|p2a: Hawlucha|Close Combat|p1a: Diancie\n|-damage|p1a: Diancie|38/100\n|-unboost|p2a: Hawlucha|def|1\n|-unboost|p2a: Hawlucha|spd|1\n|move|p1a: Diancie|Draining Kiss|p2a: Hawlucha\n|-supereffective|p2a: Hawlucha\n|-damage|p2a: Hawlucha|0 fnt\n|-heal|p1a: Diancie|40/100|[from] drain|[of] p2a: Hawlucha\n|faint|p2a: Hawlucha\n|\n|-heal|p1a: Diancie|46/100|[from] item: Leftovers\n|upkeep\n|inactive|Time left: 300 sec this turn | 300 sec total | 5 sec grace\n|\n|t:|1783551227\n|switch|p2a: Arceus|Arceus-Water, L71|288/288\n|turn|5\n|inactive|Time left: 300 sec this turn | 300 sec total\n|\n|t:|1783551228\n|move|p2a: Arceus|Judgment|p1a: Diancie\n|-supereffective|p1a: Diancie\n|-damage|p1a: Diancie|0 fnt\n|faint|p1a: Diancie\n|\n|upkeep\n|\n|t:|1783551229\n|switch|p1a: Zangoose|Zangoose, L85, M|100/100\n|turn|6\n|inactive|Time left: 300 sec this turn | 300 sec total\n|\n|t:|1783551230\n|move|p2a: Arceus|Judgment|p1a: Zangoose\n|-damage|p1a: Zangoose|45/100\n|move|p1a: Zangoose|Swords Dance|p1a: Zangoose\n|-boost|p1a: Zangoose|atk|2\n|\n|-status|p1a: Zangoose|tox|[from] item: Toxic Orb\n|upkeep\n|turn|7\n|inactive|Time left: 300 sec this turn | 300 sec total\n|\n|t:|1783551231\n|switch|p1a: Deoxys|Deoxys-Defense, L84|100/100\n|-ability|p1a: Deoxys|Pressure\n|move|p2a: Arceus|Judgment|p1a: Deoxys\n|-damage|p1a: Deoxys|67/100\n|\n|-heal|p1a: Deoxys|72/100|[from] item: Leftovers\n|upkeep\n|turn|8\n|inactive|Time left: 300 sec this turn | 300 sec total\n|\n|t:|1783551232\n|move|p2a: Arceus|Calm Mind|p2a: Arceus\n|-boost|p2a: Arceus|spa|1\n|-boost|p2a: Arceus|spd|1\n|move|p1a: Deoxys|Cosmic Power|p1a: Deoxys\n|-boost|p1a: Deoxys|def|1\n|-boost|p1a: Deoxys|spd|1\n|\n|-heal|p1a: Deoxys|78/100|[from] item: Leftovers\n|upkeep\n|turn|9\n|inactive|Time left: 300 sec this turn | 300 sec total\n|\n|t:|1783551233\n|move|p2a: Arceus|Calm Mind|p2a: Arceus\n|-boost|p2a: Arceus|spa|1\n|-boost|p2a: Arceus|spd|1\n|move|p1a: Deoxys|Cosmic Power|p1a: Deoxys\n|-boost|p1a: Deoxys|def|1\n|-boost|p1a: Deoxys|spd|1\n|\n|-heal|p1a: Deoxys|84/100|[from] item: Leftovers\n|upkeep\n|turn|10\n|inactive|Time left: 300 sec this turn | 300 sec total\n|\n|t:|1783551234\n|move|p2a: Arceus|Judgment|p1a: Deoxys\n|-damage|p1a: Deoxys|53/100\n|move|p1a: Deoxys|Night Shade|p2a: Arceus\n|-damage|p2a: Arceus|204/288\n|\n|-heal|p1a: Deoxys|59/100|[from] item: Leftovers\n|upkeep\n|turn|11\n|inactive|Time left: 300 sec this turn | 300 sec total\n|\n|t:|1783551235\n|move|p2a: Arceus|Judgment|p1a: Deoxys\n|-damage|p1a: Deoxys|28/100\n|move|p1a: Deoxys|Recover|p1a: Deoxys\n|-heal|p1a: Deoxys|78/100\n|\n|-heal|p1a: Deoxys|84/100|[from] item: Leftovers\n|upkeep\n|turn|12\n|inactive|Time left: 300 sec this turn | 300 sec total\n|\n|t:|1783551236\n|move|p2a: Arceus|Calm Mind|p2a: Arceus\n|-boost|p2a: Arceus|spa|1\n|-boost|p2a: Arceus|spd|1\n|move|p1a: Deoxys|Night Shade|p2a: Arceus\n|-damage|p2a: Arceus|120/288\n|\n|-heal|p1a: Deoxys|90/100|[from] item: Leftovers\n|upkeep\n|turn|13\n|inactive|Time left: 300 sec this turn | 300 sec total\n|\n|t:|1783551237\n|move|p2a: Arceus|Recover|p2a: Arceus\n|-heal|p2a: Arceus|264/288\n|move|p1a: Deoxys|Night Shade|p2a: Arceus\n|-damage|p2a: Arceus|180/288\n|\n|-heal|p1a: Deoxys|96/100|[from] item: Leftovers\n|upkeep\n|turn|14\n|inactive|Time left: 300 sec this turn | 300 sec total\n|\n|t:|1783551238\n|move|p2a: Arceus|Recover|p2a: Arceus\n|-heal|p2a: Arceus|288/288\n|move|p1a: Deoxys|Night Shade|p2a: Arceus\n|-damage|p2a: Arceus|204/288\n|\n|-heal|p1a: Deoxys|100/100|[from] item: Leftovers\n|upkeep\n|turn|15\n|inactive|Time left: 300 sec this turn | 300 sec total\n|\n|t:|1783551239\n|move|p2a: Arceus|Judgment|p1a: Deoxys\n|-damage|p1a: Deoxys|61/100\n|move|p1a: Deoxys|Cosmic Power|p1a: Deoxys\n|-boost|p1a: Deoxys|def|1\n|-boost|p1a: Deoxys|spd|1\n|\n|-heal|p1a: Deoxys|67/100|[from] item: Leftovers\n|upkeep\n|turn|16\n|inactive|Time left: 300 sec this turn | 300 sec total\n|\n|t:|1783551240\n|move|p2a: Arceus|Recover|p2a: Arceus\n|-heal|p2a: Arceus|288/288\n|move|p1a: Deoxys|Night Shade|p2a: Arceus\n|-damage|p2a: Arceus|204/288\n|\n|-heal|p1a: Deoxys|72/100|[from] item: Leftovers\n|upkeep\n|turn|17\n|inactive|Time left: 300 sec this turn | 300 sec total\n|\n|t:|1783551241\n|move|p2a: Arceus|Recover|p2a: Arceus\n|-heal|p2a: Arceus|288/288\n|move|p1a: Deoxys|Night Shade|p2a: Arceus\n|-damage|p2a: Arceus|204/288\n|\n|-heal|p1a: Deoxys|78/100|[from] item: Leftovers\n|upkeep\n|turn|18\n|inactive|Time left: 300 sec this turn | 300 sec total\n|\n|t:|1783551242\n|move|p2a: Arceus|Judgment|p1a: Deoxys\n|-damage|p1a: Deoxys|48/100\n|move|p1a: Deoxys|Night Shade|p2a: Arceus\n|-damage|p2a: Arceus|120/288\n|\n|-heal|p1a: Deoxys|54/100|[from] item: Leftovers\n|upkeep\n|turn|19\n|inactive|Time left: 300 sec this turn | 300 sec total\n|\n|t:|1783551243\n|move|p2a: Arceus|Recover|p2a: Arceus\n|-heal|p2a: Arceus|264/288\n|move|p1a: Deoxys|Recover|p1a: Deoxys\n|-heal|p1a: Deoxys|100/100\n|\n|upkeep\n|turn|20\n|inactive|Time left: 300 sec this turn | 300 sec total\n|\n|t:|1783551244\n|move|p2a: Arceus|Judgment|p1a: Deoxys\n|-damage|p1a: Deoxys|70/100\n|move|p1a: Deoxys|Night Shade|p2a: Arceus\n|-damage|p2a: Arceus|180/288\n|\n|-heal|p1a: Deoxys|76/100|[from] item: Leftovers\n|upkeep\n|turn|21\n|inactive|Time left: 300 sec this turn | 300 sec total\n|\n|t:|1783551245\n|move|p2a: Arceus|Recover|p2a: Arceus\n|-heal|p2a: Arceus|288/288\n|move|p1a: Deoxys|Night Shade|p2a: Arceus\n|-damage|p2a: Arceus|204/288\n|\n|-heal|p1a: Deoxys|82/100|[from] item: Leftovers\n|upkeep\n|turn|22\n|inactive|Time left: 300 sec this turn | 300 sec total\n|\n|t:|1783551247\n|move|p2a: Arceus|Calm Mind|p2a: Arceus\n|-boost|p2a: Arceus|spa|1\n|-boost|p2a: Arceus|spd|1\n|move|p1a: Deoxys|Night Shade|p2a: Arceus\n|-damage|p2a: Arceus|120/288\n|\n|-heal|p1a: Deoxys|88/100|[from] item: Leftovers\n|upkeep\n|turn|23\n|inactive|Time left: 300 sec this turn | 300 sec total\n|\n|t:|1783551248\n|move|p2a: Arceus|Recover|p2a: Arceus\n|-heal|p2a: Arceus|264/288\n|move|p1a: Deoxys|Night Shade|p2a: Arceus\n|-damage|p2a: Arceus|180/288\n|\n|-heal|p1a: Deoxys|94/100|[from] item: Leftovers\n|upkeep\n|turn|24\n|inactive|Time left: 300 sec this turn | 300 sec total\n|\n|t:|1783551249\n|move|p2a: Arceus|Recover|p2a: Arceus\n|-heal|p2a: Arceus|288/288\n|move|p1a: Deoxys|Night Shade|p2a: Arceus\n|-damage|p2a: Arceus|204/288\n|\n|-heal|p1a: Deoxys|99/100|[from] item: Leftovers\n|upkeep\n|turn|25\n|inactive|Time left: 300 sec this turn | 300 sec total\n|\n|t:|1783551250\n|move|p2a: Arceus|Calm Mind|p2a: Arceus\n|-boost|p2a: Arceus|spa|1\n|-boost|p2a: Arceus|spd|1\n|move|p1a: Deoxys|Night Shade|p2a: Arceus\n|-damage|p2a: Arceus|120/288\n|\n|-heal|p1a: Deoxys|100/100|[from] item: Leftovers\n|upkeep\n|turn|26\n|inactive|Time left: 300 sec this turn | 300 sec total\n|\n|t:|1783551251\n|move|p2a: Arceus|Ice Beam|p1a: Deoxys\n|-damage|p1a: Deoxys|78/100\n|move|p1a: Deoxys|Night Shade|p2a: Arceus\n|-damage|p2a: Arceus|36/288\n|\n|-heal|p1a: Deoxys|84/100|[from] item: Leftovers\n|upkeep\n|turn|27\n|inactive|Time left: 300 sec this turn | 300 sec total\n|\n|t:|1783551253\n|move|p2a: Arceus|Ice Beam|p1a: Deoxys\n|-damage|p1a: Deoxys|62/100\n|move|p1a: Deoxys|Night Shade|p2a: Arceus\n|-damage|p2a: Arceus|0 fnt\n|faint|p2a: Arceus\n|\n|-heal|p1a: Deoxys|68/100|[from] item: Leftovers\n|upkeep\n|inactive|Time left: 300 sec this turn | 300 sec total | 5 sec grace\n|\n|t:|1783551254\n|switch|p2a: Furret|Furret, L94, M|312/312\n|-item|p1a: Deoxys|Leftovers|[from] ability: Frisk|[of] p2a: Furret\n|turn|28\n|inactive|Time left: 300 sec this turn | 300 sec total\n|\n|t:|1783551256\n|move|p2a: Furret|Knock Off|p1a: Deoxys\n|-supereffective|p1a: Deoxys\n|-damage|p1a: Deoxys|43/100\n|-enditem|p1a: Deoxys|Leftovers|[from] move: Knock Off|[of] p2a: Furret\n|move|p1a: Deoxys|Stored Power|p2a: Furret\n|-damage|p2a: Furret|164/312\n|\n|upkeep\n|turn|29\n|inactive|Time left: 300 sec this turn | 300 sec total\n|\n|t:|1783551257\n|move|p2a: Furret|Knock Off|p1a: Deoxys\n|-supereffective|p1a: Deoxys\n|-damage|p1a: Deoxys|28/100\n|move|p1a: Deoxys|Recover|p1a: Deoxys\n|-heal|p1a: Deoxys|78/100\n|\n|upkeep\n|turn|30\n|inactive|Time left: 300 sec this turn | 300 sec total\n|\n|t:|1783551258\n|move|p2a: Furret|Knock Off|p1a: Deoxys\n|-supereffective|p1a: Deoxys\n|-damage|p1a: Deoxys|62/100\n|move|p1a: Deoxys|Stored Power|p2a: Furret\n|-damage|p2a: Furret|11/312\n|\n|upkeep\n|turn|31\n|inactive|Time left: 300 sec this turn | 300 sec total\n|\n|t:|1783551259\n|switch|p2a: Bellibolt|Bellibolt, L84, F|320/320\n|move|p1a: Deoxys|Stored Power|p2a: Bellibolt\n|-damage|p2a: Bellibolt|196/320\n|-start|p2a: Bellibolt|Charge|Stored Power|[from] ability: Electromorphosis\n|\n|-heal|p2a: Bellibolt|216/320|[from] item: Leftovers\n|upkeep\n|turn|32\n|inactive|Time left: 300 sec this turn | 300 sec total\n|\n|t:|1783551261\n|move|p1a: Deoxys|Stored Power|p2a: Bellibolt\n|-damage|p2a: Bellibolt|95/320\n|-start|p2a: Bellibolt|Charge|Stored Power|[from] ability: Electromorphosis\n|move|p2a: Bellibolt|Thunderbolt|p1a: Deoxys\n|-damage|p1a: Deoxys|38/100\n|-end|p2a: Bellibolt|Charge|[silent]\n|\n|-heal|p2a: Bellibolt|115/320|[from] item: Leftovers\n|upkeep\n|turn|33\n|inactive|Time left: 300 sec this turn | 300 sec total\n|\n|t:|1783551262\n|switch|p2a: Arboliva|Arboliva, L91, M|288/288\n|move|p1a: Deoxys|Stored Power|p2a: Arboliva\n|-damage|p2a: Arboliva|191/288\n|\n|upkeep\n|turn|34\n|inactive|Time left: 300 sec this turn | 300 sec total\n|\n|t:|1783551263\n|move|p1a: Deoxys|Recover|p1a: Deoxys\n|-heal|p1a: Deoxys|88/100\n|move|p2a: Arboliva|Leech Seed|p1a: Deoxys\n|-start|p1a: Deoxys|move: Leech Seed\n|\n|-damage|p1a: Deoxys|76/100|[from] Leech Seed|[of] p2a: Arboliva\n|-heal|p2a: Arboliva|218/288|[silent]\n|upkeep\n|turn|35\n|inactive|Time left: 300 sec this turn | 300 sec total\n|\n|t:|1783551264\n|move|p1a: Deoxys|Stored Power|p2a: Arboliva\n|-damage|p2a: Arboliva|121/288\n|-enditem|p2a: Arboliva|Sitrus Berry|[eat]\n|-heal|p2a: Arboliva|193/288|[from] item: Sitrus Berry\n|move|p2a: Arboliva|Hyper Voice|p1a: Deoxys\n|-damage|p1a: Deoxys|60/100\n|\n|-damage|p1a: Deoxys|48/100|[from] Leech Seed|[of] p2a: Arboliva\n|-heal|p2a: Arboliva|220/288|[silent]\n|upkeep\n|turn|36\n|inactive|Time left: 300 sec this turn | 300 sec total\n|\n|t:|1783551266\n|move|p1a: Deoxys|Recover|p1a: Deoxys\n|-heal|p1a: Deoxys|98/100\n|move|p2a: Arboliva|Hyper Voice|p1a: Deoxys\n|-damage|p1a: Deoxys|83/100\n|\n|-damage|p1a: Deoxys|71/100|[from] Leech Seed|[of] p2a: Arboliva\n|-heal|p2a: Arboliva|247/288|[silent]\n|-item|p2a: Arboliva|Sitrus Berry|[from] ability: Harvest\n|upkeep\n|turn|37\n|inactive|Time left: 300 sec this turn | 300 sec total\n|\n|t:|1783551267\n|move|p1a: Deoxys|Stored Power|p2a: Arboliva\n|-damage|p2a: Arboliva|154/288\n|move|p2a: Arboliva|Hyper Voice|p1a: Deoxys\n|-damage|p1a: Deoxys|54/100\n|\n|-damage|p1a: Deoxys|42/100|[from] Leech Seed|[of] p2a: Arboliva\n|-heal|p2a: Arboliva|181/288|[silent]\n|upkeep\n|turn|38\n|inactive|Time left: 300 sec this turn | 300 sec total\n|\n|t:|1783551268\n|move|p1a: Deoxys|Recover|p1a: Deoxys\n|-heal|p1a: Deoxys|92/100\n|move|p2a: Arboliva|Hyper Voice|p1a: Deoxys\n|-damage|p1a: Deoxys|77/100\n|\n|-damage|p1a: Deoxys|65/100|[from] Leech Seed|[of] p2a: Arboliva\n|-heal|p2a: Arboliva|208/288|[silent]\n|upkeep\n|turn|39\n|inactive|Time left: 300 sec this turn | 300 sec total\n|\n|t:|1783551269\n|move|p1a: Deoxys|Stored Power|p2a: Arboliva\n|-damage|p2a: Arboliva|123/288\n|-enditem|p2a: Arboliva|Sitrus Berry|[eat]\n|-heal|p2a: Arboliva|195/288|[from] item: Sitrus Berry\n|move|p2a: Arboliva|Hyper Voice|p1a: Deoxys\n|-damage|p1a: Deoxys|48/100\n|\n|-damage|p1a: Deoxys|36/100|[from] Leech Seed|[of] p2a: Arboliva\n|-heal|p2a: Arboliva|222/288|[silent]\n|-item|p2a: Arboliva|Sitrus Berry|[from] ability: Harvest\n|upkeep\n|turn|40\n|inactive|Time left: 300 sec this turn | 300 sec total\n|\n|t:|1783551270\n|move|p1a: Deoxys|Recover|p1a: Deoxys\n|-heal|p1a: Deoxys|86/100\n|move|p2a: Arboliva|Hyper Voice|p1a: Deoxys\n|-damage|p1a: Deoxys|72/100\n|\n|-damage|p1a: Deoxys|59/100|[from] Leech Seed|[of] p2a: Arboliva\n|-heal|p2a: Arboliva|249/288|[silent]\n|upkeep\n|turn|41\n|inactive|Time left: 300 sec this turn | 300 sec total\n|\n|t:|1783551271\n|move|p1a: Deoxys|Stored Power|p2a: Arboliva\n|-damage|p2a: Arboliva|162/288\n|move|p2a: Arboliva|Hyper Voice|p1a: Deoxys\n|-damage|p1a: Deoxys|43/100\n|\n|-damage|p1a: Deoxys|31/100|[from] Leech Seed|[of] p2a: Arboliva\n|-heal|p2a: Arboliva|189/288|[silent]\n|upkeep\n|turn|42\n|inactive|Time left: 300 sec this turn | 300 sec total\n|\n|t:|1783551272\n|move|p1a: Deoxys|Recover|p1a: Deoxys\n|-heal|p1a: Deoxys|81/100\n|move|p2a: Arboliva|Hyper Voice|p1a: Deoxys\n|-damage|p1a: Deoxys|65/100\n|\n|-damage|p1a: Deoxys|53/100|[from] Leech Seed|[of] p2a: Arboliva\n|-heal|p2a: Arboliva|216/288|[silent]\n|upkeep\n|turn|43\n|inactive|Time left: 300 sec this turn | 300 sec total\n|\n|t:|1783551274\n|move|p2a: Arboliva|Protect|p2a: Arboliva\n|-singleturn|p2a: Arboliva|Protect\n|move|p1a: Deoxys|Stored Power|p2a: Arboliva\n|-activate|p2a: Arboliva|move: Protect\n|\n|-damage|p1a: Deoxys|40/100|[from] Leech Seed|[of] p2a: Arboliva\n|-heal|p2a: Arboliva|243/288|[silent]\n|upkeep\n|turn|44\n|inactive|Time left: 300 sec this turn | 300 sec total\n|\n|t:|1783551275\n|move|p1a: Deoxys|Stored Power|p2a: Arboliva\n|-damage|p2a: Arboliva|156/288\n|move|p2a: Arboliva|Leech Seed||[still]\n|-fail|p2a: Arboliva\n|\n|-damage|p1a: Deoxys|28/100|[from] Leech Seed|[of] p2a: Arboliva\n|-heal|p2a: Arboliva|183/288|[silent]\n|upkeep\n|turn|45\n|inactive|Time left: 300 sec this turn | 300 sec total\n|\n|t:|1783551276\n|move|p1a: Deoxys|Stored Power|p2a: Arboliva\n|-damage|p2a: Arboliva|90/288\n|-enditem|p2a: Arboliva|Sitrus Berry|[eat]\n|-heal|p2a: Arboliva|162/288|[from] item: Sitrus Berry\n|move|p2a: Arboliva|Substitute|p2a: Arboliva\n|-start|p2a: Arboliva|Substitute\n|-damage|p2a: Arboliva|90/288\n|\n|-damage|p1a: Deoxys|16/100|[from] Leech Seed|[of] p2a: Arboliva\n|-heal|p2a: Arboliva|117/288|[silent]\n|upkeep\n|turn|46\n|inactive|Time left: 300 sec this turn | 300 sec total\n|\n|t:|1783551277\n|move|p1a: Deoxys|Stored Power|p2a: Arboliva\n|-end|p2a: Arboliva|Substitute\n|move|p2a: Arboliva|Leech Seed||[still]\n|-fail|p2a: Arboliva\n|\n|-damage|p1a: Deoxys|4/100|[from] Leech Seed|[of] p2a: Arboliva\n|-heal|p2a: Arboliva|144/288|[silent]\n|-item|p2a: Arboliva|Sitrus Berry|[from] ability: Harvest\n|upkeep\n|-enditem|p2a: Arboliva|Sitrus Berry|[eat]\n|-heal|p2a: Arboliva|216/288|[from] item: Sitrus Berry\n|turn|47\n|inactive|Time left: 300 sec this turn | 300 sec total\n|\n|t:|1783551278\n|move|p1a: Deoxys|Stored Power|p2a: Arboliva\n|-damage|p2a: Arboliva|119/288\n|move|p2a: Arboliva|Substitute|p2a: Arboliva\n|-start|p2a: Arboliva|Substitute\n|-damage|p2a: Arboliva|47/288\n|\n|-damage|p1a: Deoxys|0 fnt|[from] Leech Seed|[of] p2a: Arboliva\n|-heal|p2a: Arboliva|54/288|[silent]\n|faint|p1a: Deoxys\n|-item|p2a: Arboliva|Sitrus Berry|[from] ability: Harvest\n|upkeep\n|-enditem|p2a: Arboliva|Sitrus Berry|[eat]\n|-heal|p2a: Arboliva|126/288|[from] item: Sitrus Berry\n|\n|t:|1783551279\n|switch|p1a: Tauros|Tauros-Paldea-Blaze, L81, M|100/100\n|-ability|p1a: Tauros|Intimidate|boost\n|-immune|p2a: Arboliva\n|turn|48\n|inactive|Time left: 300 sec this turn | 300 sec total\n|\n|t:|1783551280\n|move|p1a: Tauros|Flare Blitz|p2a: Arboliva\n|-supereffective|p2a: Arboliva\n|-end|p2a: Arboliva|Substitute\n|-damage|p1a: Tauros|91/100|[from] Recoil|[of] p2a: Arboliva\n|move|p2a: Arboliva|Leech Seed|p1a: Tauros\n|-start|p1a: Tauros|move: Leech Seed\n|\n|-damage|p1a: Tauros|79/100|[from] Leech Seed|[of] p2a: Arboliva\n|-heal|p2a: Arboliva|157/288|[silent]\n|upkeep\n|turn|49\n|inactive|Time left: 300 sec this turn | 300 sec total\n|\n|t:|1783551280\n|move|p2a: Arboliva|Protect|p2a: Arboliva\n|-singleturn|p2a: Arboliva|Protect\n|move|p1a: Tauros|Flare Blitz|p2a: Arboliva\n|-activate|p2a: Arboliva|move: Protect\n|\n|-damage|p1a: Tauros|67/100|[from] Leech Seed|[of] p2a: Arboliva\n|-heal|p2a: Arboliva|188/288|[silent]\n|upkeep\n|turn|50\n|inactive|Time left: 300 sec this turn | 300 sec total\n|\n|t:|1783551281\n|move|p2a: Arboliva|Protect||[still]\n|-fail|p2a: Arboliva\n|move|p1a: Tauros|Flare Blitz|p2a: Arboliva\n|-supereffective|p2a: Arboliva\n|-damage|p2a: Arboliva|0 fnt\n|faint|p2a: Arboliva\n|-damage|p1a: Tauros|42/100|[from] Recoil\n|\n|upkeep\n|inactive|Time left: 300 sec this turn | 300 sec total | 5 sec grace\n|\n|t:|1783551282\n|switch|p2a: Gengar|Gengar, L81, F|230/230\n|turn|51\n|inactive|Time left: 300 sec this turn | 300 sec total\n|\n|t:|1783551283\n|switch|p1a: Probopass|Probopass, L91, F|100/100\n|move|p2a: Gengar|Sludge Wave|p1a: Probopass\n|-immune|p1a: Probopass\n|\n|upkeep\n|turn|52\n|inactive|Time left: 300 sec this turn | 300 sec total\n|\n|t:|1783551284\n|move|p2a: Gengar|Focus Blast|p1a: Probopass|[miss]\n|-miss|p2a: Gengar|p1a: Probopass\n|move|p1a: Probopass|Power Gem|p2a: Gengar\n|-damage|p2a: Gengar|136/230\n|\n|upkeep\n|turn|53\n|inactive|Time left: 300 sec this turn | 300 sec total\n|\n|t:|1783551285\n|-terastallize|p1a: Probopass|Fighting\n|move|p2a: Gengar|Focus Blast|p1a: Probopass\n|-damage|p1a: Probopass|68/100\n|-unboost|p1a: Probopass|spd|1\n|-damage|p2a: Gengar|113/230|[from] item: Life Orb\n|move|p1a: Probopass|Power Gem|p2a: Gengar\n|-damage|p2a: Gengar|20/230\n|\n|upkeep\n|turn|54\n|inactive|Time left: 300 sec this turn | 300 sec total\n|\n|t:|1783551286\n|move|p2a: Gengar|Will-O-Wisp|p1a: Probopass\n|-status|p1a: Probopass|brn\n|move|p1a: Probopass|Rest|p1a: Probopass\n|-status|p1a: Probopass|slp|[from] move: Rest\n|-heal|p1a: Probopass|100/100 slp|[silent]\n|-enditem|p1a: Probopass|Chesto Berry|[eat]\n|-curestatus|p1a: Probopass|slp|[msg]\n|\n|upkeep\n|turn|55\n|inactive|Time left: 300 sec this turn | 300 sec total\n|\n|t:|1783551287\n|move|p2a: Gengar|Will-O-Wisp|p1a: Probopass\n|-status|p1a: Probopass|brn\n|move|p1a: Probopass|Iron Defense|p1a: Probopass\n|-boost|p1a: Probopass|def|2\n|\n|-damage|p1a: Probopass|94/100 brn|[from] brn\n|upkeep\n|turn|56\n|inactive|Time left: 300 sec this turn | 300 sec total\n|\n|t:|1783551288\n|move|p2a: Gengar|Shadow Ball|p1a: Probopass\n|-damage|p1a: Probopass|52/100 brn\n|-damage|p2a: Gengar|0 fnt|[from] item: Life Orb\n|faint|p2a: Gengar\n|move|p1a: Probopass|Power Gem|p2: Gengar|[notarget]\n|-fail|p1a: Probopass\n|\n|-damage|p1a: Probopass|46/100 brn|[from] brn\n|upkeep\n|inactive|Time left: 300 sec this turn | 300 sec total | 5 sec grace\n|\n|t:|1783551288\n|switch|p2a: Furret|Furret, L94, M|11/312\n|turn|57\n|inactive|Time left: 300 sec this turn | 300 sec total\n|\n|t:|1783551289\n|-terastallize|p2a: Furret|Normal\n|move|p2a: Furret|Double-Edge|p1a: Probopass\n|-damage|p1a: Probopass|13/100 brn\n|-damage|p2a: Furret|0 fnt|[from] Recoil\n|faint|p2a: Furret\n|move|p1a: Probopass|Body Press|p2: Furret|[notarget]\n|-fail|p1a: Probopass\n|\n|-damage|p1a: Probopass|7/100 brn|[from] brn\n|upkeep\n|inactive|Time left: 300 sec this turn | 300 sec total | 5 sec grace\n|\n|t:|1783551290\n|switch|p2a: Bellibolt|Bellibolt, L84, F|115/320\n|turn|58\n|inactive|Time left: 300 sec this turn | 300 sec total\n|\n|t:|1783551291\n|move|p1a: Probopass|Body Press|p2a: Bellibolt\n|-damage|p2a: Bellibolt|0 fnt\n|faint|p2a: Bellibolt\n|\n|win|p0x10398bbe", "uploadtime": 1783551291, "views": 0, "rating": 0, "private": 0, "password": null, "_winner": "p0x10398bbe", "_our_name": "p0y10391ff5"}