{"id": "battle-gen9randombattle-1495", "formatid": "gen9randombattle", "format": "[Gen 9] Random Battle", "players": ["p0x1495e6ed", "p0y1495590f"], "log": "|init|battle\n|title|p0x1495e6ed vs. p0y1495590f\n|j|\u2606p0x1495e6ed\n|j|\u2606p0y1495590f\n|t:|1783556486\n|gametype|singles\n|player|p1|p0x1495e6ed|266|\n|player|p2|p0y1495590f|265|\n|gen|9\n|tier|[Gen 9] Random Battle\n|rule|Species Clause: Limit one of each Pok\u00e9mon\n|rule|HP Percentage Mod: HP is shown in percentages\n|rule|Sleep Clause Mod: Limit one foe put to sleep\n|rule|Illusion Level Mod: Illusion disguises the Pok\u00e9mon's true level\n|\n|t:|1783556486\n|teamsize|p1|6\n|teamsize|p2|6\n|start\n|switch|p1a: Gastrodon|Gastrodon-East, L86, F|100/100\n|switch|p2a: Krookodile|Krookodile, L79, F|280/280\n|-ability|p2a: Krookodile|Intimidate|boost\n|-unboost|p1a: Gastrodon|atk|1\n|turn|1\n|inactive|Battle timer is ON: inactive players will automatically lose when time's up. (requested by p0x1495e6ed)\n|inactive|Time left: 300 sec this turn | 300 sec total | 60 sec grace\n|inactive|p0y1495590f also wants the timer to be on.\n|\n|t:|1783556488\n|move|p2a: Krookodile|Earthquake|p1a: Gastrodon\n|-damage|p1a: Gastrodon|62/100\n|move|p1a: Gastrodon|Surf|p2a: Krookodile\n|-supereffective|p2a: Krookodile\n|-damage|p2a: Krookodile|26/280\n|\n|-heal|p1a: Gastrodon|68/100|[from] item: Leftovers\n|upkeep\n|turn|2\n|inactive|Time left: 300 sec this turn | 300 sec total\n|\n|t:|1783556489\n|switch|p1a: Lurantis|Lurantis, L87, F|100/100\n|move|p2a: Krookodile|Earthquake|p1a: Lurantis\n|-resisted|p1a: Lurantis\n|-damage|p1a: Lurantis|82/100\n|\n|-heal|p1a: Lurantis|88/100|[from] item: Leftovers\n|upkeep\n|turn|3\n|inactive|Time left: 300 sec this turn | 300 sec total\n|\n|t:|1783556490\n|switch|p2a: Okidogi|Okidogi, L77, M|262/262\n|move|p1a: Lurantis|Leaf Storm|p2a: Okidogi\n|-resisted|p2a: Okidogi\n|-damage|p2a: Okidogi|193/262\n|-boost|p1a: Lurantis|spa|2\n|\n|-heal|p2a: Okidogi|209/262|[from] item: Leftovers\n|-heal|p1a: Lurantis|94/100|[from] item: Leftovers\n|upkeep\n|turn|4\n|inactive|Time left: 300 sec this turn | 300 sec total\n|\n|t:|1783556492\n|-terastallize|p1a: Lurantis|Fighting\n|move|p2a: Okidogi|Gunk Shot|p1a: Lurantis\n|-damage|p1a: Lurantis|49/100\n|-status|p1a: Lurantis|tox|[from] ability: Toxic Chain|[of] p2a: Okidogi\n|move|p1a: Lurantis|Superpower|p2a: Okidogi\n|-resisted|p2a: Okidogi\n|-damage|p2a: Okidogi|146/262\n|-boost|p1a: Lurantis|atk|1\n|-boost|p1a: Lurantis|def|1\n|\n|-heal|p2a: Okidogi|162/262|[from] item: Leftovers\n|-heal|p1a: Lurantis|55/100 tox|[from] item: Leftovers\n|-damage|p1a: Lurantis|49/100 tox|[from] psn\n|upkeep\n|turn|5\n|inactive|Time left: 300 sec this turn | 300 sec total\n|\n|t:|1783556493\n|move|p2a: Okidogi|Gunk Shot|p1a: Lurantis\n|-damage|p1a: Lurantis|16/100 tox\n|move|p1a: Lurantis|Synthesis|p1a: Lurantis\n|-heal|p1a: Lurantis|66/100 tox\n|\n|-heal|p2a: Okidogi|178/262|[from] item: Leftovers\n|-heal|p1a: Lurantis|72/100 tox|[from] item: Leftovers\n|-damage|p1a: Lurantis|60/100 tox|[from] psn\n|upkeep\n|turn|6\n|inactive|Time left: 300 sec this turn | 300 sec total\n|\n|t:|1783556494\n|move|p2a: Okidogi|Gunk Shot|p1a: Lurantis\n|-damage|p1a: Lurantis|28/100 tox\n|move|p1a: Lurantis|Synthesis|p1a: Lurantis\n|-heal|p1a: Lurantis|78/100 tox\n|\n|-heal|p2a: Okidogi|194/262|[from] item: Leftovers\n|-heal|p1a: Lurantis|84/100 tox|[from] item: Leftovers\n|-damage|p1a: Lurantis|66/100 tox|[from] psn\n|upkeep\n|turn|7\n|inactive|Time left: 300 sec this turn | 300 sec total\n|\n|t:|1783556495\n|move|p2a: Okidogi|Drain Punch|p1a: Lurantis\n|-damage|p1a: Lurantis|46/100 tox\n|-heal|p2a: Okidogi|220/262|[from] drain|[of] p1a: Lurantis\n|move|p1a: Lurantis|Synthesis|p1a: Lurantis\n|-heal|p1a: Lurantis|96/100 tox\n|\n|-heal|p2a: Okidogi|236/262|[from] item: Leftovers\n|-heal|p1a: Lurantis|100/100 tox|[from] item: Leftovers\n|-damage|p1a: Lurantis|76/100 tox|[from] psn\n|upkeep\n|turn|8\n|inactive|Time left: 300 sec this turn | 300 sec total\n|\n|t:|1783556495\n|move|p2a: Okidogi|Knock Off|p1a: Lurantis\n|-resisted|p1a: Lurantis\n|-damage|p1a: Lurantis|67/100 tox\n|-enditem|p1a: Lurantis|Leftovers|[from] move: Knock Off|[of] p2a: Okidogi\n|move|p1a: Lurantis|Superpower|p2a: Okidogi\n|-resisted|p2a: Okidogi\n|-damage|p2a: Okidogi|143/262\n|-boost|p1a: Lurantis|atk|1\n|-boost|p1a: Lurantis|def|1\n|\n|-heal|p2a: Okidogi|159/262|[from] item: Leftovers\n|-damage|p1a: Lurantis|36/100 tox|[from] psn\n|upkeep\n|turn|9\n|inactive|Time left: 300 sec this turn | 300 sec total\n|\n|t:|1783556496\n|move|p2a: Okidogi|Bulk Up|p2a: Okidogi\n|-boost|p2a: Okidogi|atk|1\n|-boost|p2a: Okidogi|def|1\n|move|p1a: Lurantis|Synthesis|p1a: Lurantis\n|-heal|p1a: Lurantis|86/100 tox\n|\n|-heal|p2a: Okidogi|175/262|[from] item: Leftovers\n|-damage|p1a: Lurantis|50/100 tox|[from] psn\n|upkeep\n|turn|10\n|inactive|Time left: 300 sec this turn | 300 sec total\n|\n|t:|1783556497\n|move|p2a: Okidogi|Drain Punch|p1a: Lurantis\n|-damage|p1a: Lurantis|27/100 tox\n|-heal|p2a: Okidogi|206/262|[from] drain|[of] p1a: Lurantis\n|move|p1a: Lurantis|Leaf Storm|p2a: Okidogi\n|-resisted|p2a: Okidogi\n|-damage|p2a: Okidogi|70/262\n|-boost|p1a: Lurantis|spa|2\n|\n|-heal|p2a: Okidogi|86/262|[from] item: Leftovers\n|-damage|p1a: Lurantis|0 fnt|[from] psn\n|faint|p1a: Lurantis\n|upkeep\n|\n|t:|1783556498\n|switch|p1a: Milotic|Milotic, L83, M|100/100\n|turn|11\n|inactive|Time left: 300 sec this turn | 300 sec total\n|\n|t:|1783556499\n|move|p1a: Milotic|Scald|p2a: Okidogi\n|-damage|p2a: Okidogi|0 fnt\n|faint|p2a: Okidogi\n|\n|upkeep\n|inactive|Time left: 300 sec this turn | 300 sec total | 5 sec grace\n|\n|t:|1783556500\n|switch|p2a: Drednaw|Drednaw, L81, M|278/278\n|turn|12\n|inactive|Time left: 300 sec this turn | 300 sec total\n|\n|t:|1783556501\n|move|p2a: Drednaw|Shell Smash|p2a: Drednaw\n|-unboost|p2a: Drednaw|def|1\n|-unboost|p2a: Drednaw|spd|1\n|-boost|p2a: Drednaw|atk|2\n|-boost|p2a: Drednaw|spa|2\n|-boost|p2a: Drednaw|spe|2\n|-enditem|p2a: Drednaw|White Herb\n|-clearnegativeboost|p2a: Drednaw|[silent]\n|move|p1a: Milotic|Dragon Tail|p2a: Drednaw\n|-damage|p2a: Drednaw|249/278\n|drag|p2a: Slither Wing|Slither Wing, L81|270/270\n|\n|upkeep\n|turn|13\n|inactive|Time left: 300 sec this turn | 300 sec total\n|\n|t:|1783556502\n|move|p1a: Milotic|Scald|p2a: Slither Wing\n|-crit|p2a: Slither Wing\n|-damage|p2a: Slither Wing|153/270\n|move|p2a: Slither Wing|U-turn|p1a: Milotic\n|-damage|p1a: Milotic|69/100\n|inactive|Time left: 300 sec this turn | 300 sec total | 5 sec grace\n|\n|t:|1783556504\n|-end|p2a: Slither Wing|Protosynthesis|[silent]\n|switch|p2a: Drednaw|Drednaw, L81, M|249/278|[from] U-turn\n|\n|-heal|p1a: Milotic|76/100|[from] item: Leftovers\n|upkeep\n|turn|14\n|inactive|Time left: 300 sec this turn | 300 sec total\n|\n|t:|1783556505\n|move|p1a: Milotic|Scald|p2a: Drednaw\n|-damage|p2a: Drednaw|132/278\n|-status|p2a: Drednaw|brn\n|move|p2a: Drednaw|Shell Smash|p2a: Drednaw\n|-unboost|p2a: Drednaw|def|1\n|-unboost|p2a: Drednaw|spd|1\n|-boost|p2a: Drednaw|atk|2\n|-boost|p2a: Drednaw|spa|2\n|-boost|p2a: Drednaw|spe|2\n|\n|-heal|p1a: Milotic|82/100|[from] item: Leftovers\n|-damage|p2a: Drednaw|115/278 brn|[from] brn\n|upkeep\n|turn|15\n|inactive|Time left: 300 sec this turn | 300 sec total\n|\n|t:|1783556506\n|move|p2a: Drednaw|Stone Edge|p1a: Milotic\n|-damage|p1a: Milotic|42/100\n|move|p1a: Milotic|Scald|p2a: Drednaw\n|-damage|p2a: Drednaw|0 fnt\n|faint|p2a: Drednaw\n|\n|-heal|p1a: Milotic|48/100|[from] item: Leftovers\n|upkeep\n|inactive|Time left: 300 sec this turn | 300 sec total | 5 sec grace\n|\n|t:|1783556507\n|switch|p2a: Rotom|Rotom-Heat, L83|219/219\n|turn|16\n|inactive|Time left: 300 sec this turn | 300 sec total\n|\n|t:|1783556508\n|switch|p1a: Gastrodon|Gastrodon-East, L86, F|68/100\n|move|p2a: Rotom|Thunderbolt|p1a: Gastrodon\n|-immune|p1a: Gastrodon\n|\n|-heal|p1a: Gastrodon|74/100|[from] item: Leftovers\n|upkeep\n|turn|17\n|inactive|Time left: 300 sec this turn | 300 sec total\n|\n|t:|1783556509\n|switch|p2a: Gyarados|Gyarados, L79, M|280/280\n|-ability|p2a: Gyarados|Intimidate|boost\n|-unboost|p1a: Gastrodon|atk|1\n|move|p1a: Gastrodon|Surf|p2a: Gyarados\n|-resisted|p2a: Gyarados\n|-damage|p2a: Gyarados|234/280\n|\n|-heal|p1a: Gastrodon|80/100|[from] item: Leftovers\n|upkeep\n|turn|18\n|inactive|Time left: 300 sec this turn | 300 sec total\n|\n|t:|1783556510\n|move|p2a: Gyarados|Dragon Dance|p2a: Gyarados\n|-boost|p2a: Gyarados|atk|1\n|-boost|p2a: Gyarados|spe|1\n|move|p1a: Gastrodon|Sludge Bomb|p2a: Gyarados\n|-damage|p2a: Gyarados|175/280\n|\n|-heal|p1a: Gastrodon|86/100|[from] item: Leftovers\n|upkeep\n|turn|19\n|inactive|Time left: 300 sec this turn | 300 sec total\n|\n|t:|1783556511\n|move|p2a: Gyarados|Dragon Dance|p2a: Gyarados\n|-boost|p2a: Gyarados|atk|1\n|-boost|p2a: Gyarados|spe|1\n|move|p1a: Gastrodon|Sludge Bomb|p2a: Gyarados\n|-damage|p2a: Gyarados|110/280\n|\n|-heal|p1a: Gastrodon|92/100|[from] item: Leftovers\n|upkeep\n|turn|20\n|inactive|Time left: 300 sec this turn | 300 sec total\n|\n|t:|1783556512\n|move|p2a: Gyarados|Earthquake|p1a: Gastrodon\n|-damage|p1a: Gastrodon|39/100\n|move|p1a: Gastrodon|Sludge Bomb|p2a: Gyarados\n|-damage|p2a: Gyarados|45/280\n|\n|-heal|p1a: Gastrodon|45/100|[from] item: Leftovers\n|upkeep\n|turn|21\n|inactive|Time left: 300 sec this turn | 300 sec total\n|\n|t:|1783556513\n|move|p2a: Gyarados|Earthquake|p1a: Gastrodon\n|-damage|p1a: Gastrodon|0 fnt\n|faint|p1a: Gastrodon\n|\n|upkeep\n|\n|t:|1783556514\n|switch|p1a: Garganacl|Garganacl, L80, M|100/100\n|turn|22\n|inactive|Time left: 300 sec this turn | 300 sec total\n|\n|t:|1783556515\n|move|p2a: Gyarados|Waterfall|p1a: Garganacl\n|-supereffective|p1a: Garganacl\n|-damage|p1a: Garganacl|6/100\n|cant|p1a: Garganacl|flinch\n|\n|-heal|p1a: Garganacl|12/100|[from] item: Leftovers\n|upkeep\n|turn|23\n|inactive|Time left: 300 sec this turn | 300 sec total\n|\n|t:|1783556516\n|move|p2a: Gyarados|Waterfall|p1a: Garganacl\n|-supereffective|p1a: Garganacl\n|-damage|p1a: Garganacl|0 fnt\n|faint|p1a: Garganacl\n|\n|upkeep\n|\n|t:|1783556517\n|switch|p1a: Salazzle|Salazzle, L83, F|100/100\n|turn|24\n|inactive|Time left: 300 sec this turn | 300 sec total\n|\n|t:|1783556519\n|move|p1a: Salazzle|Protect|p1a: Salazzle\n|-singleturn|p1a: Salazzle|Protect\n|move|p2a: Gyarados|Earthquake|p1a: Salazzle\n|-activate|p1a: Salazzle|move: Protect\n|\n|upkeep\n|turn|25\n|inactive|Time left: 300 sec this turn | 300 sec total\n|\n|t:|1783556519\n|move|p1a: Salazzle|Protect||[still]\n|-fail|p1a: Salazzle\n|move|p2a: Gyarados|Earthquake|p1a: Salazzle\n|-supereffective|p1a: Salazzle\n|-damage|p1a: Salazzle|0 fnt\n|faint|p1a: Salazzle\n|\n|upkeep\n|\n|t:|1783556520\n|switch|p1a: Camerupt|Camerupt, L91, F|100/100\n|turn|26\n|inactive|Time left: 300 sec this turn | 300 sec total\n|\n|t:|1783556521\n|switch|p1a: Milotic|Milotic, L83, M|48/100\n|move|p2a: Gyarados|Waterfall|p1a: Milotic\n|-resisted|p1a: Milotic\n|-damage|p1a: Milotic|16/100\n|\n|-heal|p1a: Milotic|22/100|[from] item: Leftovers\n|upkeep\n|turn|27\n|inactive|Time left: 300 sec this turn | 300 sec total\n|\n|t:|1783556522\n|move|p2a: Gyarados|Waterfall|p1a: Milotic\n|-resisted|p1a: Milotic\n|-damage|p1a: Milotic|0 fnt\n|faint|p1a: Milotic\n|\n|upkeep\n|\n|t:|1783556523\n|switch|p1a: Camerupt|Camerupt, L91, F|100/100\n|turn|28\n|inactive|Time left: 300 sec this turn | 300 sec total\n|\n|t:|1783556524\n|-terastallize|p2a: Gyarados|Flying\n|move|p2a: Gyarados|Waterfall|p1a: Camerupt\n|-supereffective|p1a: Camerupt\n|-damage|p1a: Camerupt|0 fnt\n|faint|p1a: Camerupt\n|\n|win|p0y1495590f", "uploadtime": 1783556524, "views": 0, "rating": 0, "private": 0, "password": null, "_winner": "p0y1495590f", "_our_name": "p0y1495590f"}