{"id": "battle-gen9randombattle-147", "formatid": "gen9randombattle", "format": "[Gen 9] Random Battle", "players": ["p0x1473245", "p0y14702a9"], "log": "|init|battle\n|title|p0x1473245 vs. p0y14702a9\n|j|\u2606p0x1473245\n|j|\u2606p0y14702a9\n|t:|1783540865\n|gametype|singles\n|player|p1|p0x1473245|1|\n|player|p2|p0y14702a9|169|\n|gen|9\n|tier|[Gen 9] Random Battle\n|rule|Species Clause: Limit one of each Pok\u00e9mon\n|rule|HP Percentage Mod: HP is shown in percentages\n|rule|Sleep Clause Mod: Limit one foe put to sleep\n|rule|Illusion Level Mod: Illusion disguises the Pok\u00e9mon's true level\n|\n|t:|1783540865\n|teamsize|p1|6\n|teamsize|p2|6\n|start\n|switch|p1a: Registeel|Registeel, L81|100/100\n|switch|p2a: Ogerpon|Ogerpon-Hearthflame, L74, F|239/239\n|-ability|p2a: Ogerpon|Mold Breaker\n|turn|1\n|inactive|Battle timer is ON: inactive players will automatically lose when time's up. (requested by p0y14702a9)\n|\n|t:|1783540867\n|move|p2a: Ogerpon|Swords Dance|p2a: Ogerpon\n|-boost|p2a: Ogerpon|atk|2\n|move|p1a: Registeel|Iron Defense|p1a: Registeel\n|-boost|p1a: Registeel|def|2\n|\n|upkeep\n|turn|2\n|inactive|Time left: 300 sec this turn | 300 sec total\n|inactive|p0x1473245 also wants the timer to be on.\n|\n|t:|1783540868\n|switch|p2a: Dipplin|Dipplin, L88, F|284/284\n|-terastallize|p1a: Registeel|Fighting\n|move|p1a: Registeel|Body Press|p2a: Dipplin\n|-damage|p2a: Dipplin|161/284\n|\n|upkeep\n|turn|3\n|inactive|Time left: 300 sec this turn | 300 sec total\n|\n|t:|1783540869\n|move|p1a: Registeel|Body Press|p2a: Dipplin\n|-damage|p2a: Dipplin|35/284\n|move|p2a: Dipplin|Recover|p2a: Dipplin\n|-heal|p2a: Dipplin|177/284\n|\n|upkeep\n|turn|4\n|inactive|Time left: 300 sec this turn | 300 sec total\n|\n|t:|1783540870\n|move|p1a: Registeel|Body Press|p2a: Dipplin\n|-damage|p2a: Dipplin|65/284\n|move|p2a: Dipplin|Recover|p2a: Dipplin\n|-heal|p2a: Dipplin|207/284\n|\n|upkeep\n|turn|5\n|inactive|Time left: 300 sec this turn | 300 sec total\n|\n|t:|1783540871\n|move|p1a: Registeel|Body Press|p2a: Dipplin\n|-damage|p2a: Dipplin|92/284\n|move|p2a: Dipplin|Recover|p2a: Dipplin\n|-heal|p2a: Dipplin|234/284\n|\n|upkeep\n|turn|6\n|inactive|Time left: 300 sec this turn | 300 sec total\n|\n|t:|1783540872\n|move|p1a: Registeel|Body Press|p2a: Dipplin\n|-damage|p2a: Dipplin|102/284\n|move|p2a: Dipplin|Recover|p2a: Dipplin\n|-heal|p2a: Dipplin|244/284\n|\n|upkeep\n|turn|7\n|inactive|Time left: 300 sec this turn | 300 sec total\n|\n|t:|1783540873\n|move|p1a: Registeel|Body Press|p2a: Dipplin\n|-damage|p2a: Dipplin|120/284\n|move|p2a: Dipplin|Recover|p2a: Dipplin\n|-heal|p2a: Dipplin|262/284\n|\n|upkeep\n|turn|8\n|inactive|Time left: 300 sec this turn | 300 sec total\n|\n|t:|1783540874\n|move|p1a: Registeel|Body Press|p2a: Dipplin\n|-damage|p2a: Dipplin|133/284\n|move|p2a: Dipplin|Recover|p2a: Dipplin\n|-heal|p2a: Dipplin|275/284\n|\n|upkeep\n|turn|9\n|inactive|Time left: 300 sec this turn | 300 sec total\n|\n|t:|1783540875\n|move|p1a: Registeel|Body Press|p2a: Dipplin\n|-damage|p2a: Dipplin|143/284\n|move|p2a: Dipplin|Recover|p2a: Dipplin\n|-heal|p2a: Dipplin|284/284\n|\n|upkeep\n|turn|10\n|inactive|Time left: 300 sec this turn | 300 sec total\n|\n|t:|1783540876\n|move|p1a: Registeel|Body Press|p2a: Dipplin\n|-damage|p2a: Dipplin|164/284\n|move|p2a: Dipplin|Recover|p2a: Dipplin\n|-heal|p2a: Dipplin|284/284\n|\n|upkeep\n|turn|11\n|inactive|Time left: 300 sec this turn | 300 sec total\n|\n|t:|1783540877\n|move|p1a: Registeel|Body Press|p2a: Dipplin\n|-damage|p2a: Dipplin|158/284\n|move|p2a: Dipplin|Giga Drain|p1a: Registeel\n|-damage|p1a: Registeel|78/100\n|-heal|p2a: Dipplin|188/284|[from] drain|[of] p1a: Registeel\n|\n|upkeep\n|turn|12\n|inactive|Time left: 300 sec this turn | 300 sec total\n|\n|t:|1783540879\n|move|p1a: Registeel|Body Press|p2a: Dipplin\n|-damage|p2a: Dipplin|70/284\n|move|p2a: Dipplin|Giga Drain|p1a: Registeel\n|-damage|p1a: Registeel|55/100\n|-heal|p2a: Dipplin|99/284|[from] drain|[of] p1a: Registeel\n|\n|upkeep\n|turn|13\n|inactive|Time left: 300 sec this turn | 300 sec total\n|\n|t:|1783540880\n|move|p1a: Registeel|Body Press|p2a: Dipplin\n|-damage|p2a: Dipplin|0 fnt\n|faint|p2a: Dipplin\n|\n|upkeep\n|inactive|Time left: 300 sec this turn | 300 sec total | 5 sec grace\n|\n|t:|1783540881\n|switch|p2a: Muk|Muk-Alola, L82, M|306/306\n|turn|14\n|inactive|Time left: 300 sec this turn | 300 sec total\n|\n|t:|1783540882\n|move|p2a: Muk|Knock Off|p1a: Registeel\n|-resisted|p1a: Registeel\n|-damage|p1a: Registeel|49/100\n|-enditem|p1a: Registeel|Chesto Berry|[from] move: Knock Off|[of] p2a: Muk\n|move|p1a: Registeel|Body Press|p2a: Muk\n|-damage|p2a: Muk|35/306\n|\n|upkeep\n|turn|15\n|inactive|Time left: 300 sec this turn | 300 sec total\n|\n|t:|1783540883\n|move|p2a: Muk|Ice Punch|p1a: Registeel\n|-damage|p1a: Registeel|42/100\n|move|p1a: Registeel|Body Press|p2a: Muk\n|-damage|p2a: Muk|0 fnt\n|faint|p2a: Muk\n|\n|upkeep\n|inactive|Time left: 300 sec this turn | 300 sec total | 5 sec grace\n|\n|t:|1783540884\n|switch|p2a: Houndoom|Houndoom, L87, M|272/272\n|turn|16\n|inactive|Time left: 300 sec this turn | 300 sec total\n|\n|t:|1783540885\n|-terastallize|p2a: Houndoom|Fire\n|move|p2a: Houndoom|Fire Blast|p1a: Registeel\n|-damage|p1a: Registeel|0 fnt\n|faint|p1a: Registeel\n|\n|upkeep\n|\n|t:|1783540886\n|switch|p1a: Latios|Latios, L78, M|100/100\n|turn|17\n|inactive|Time left: 300 sec this turn | 300 sec total\n|\n|t:|1783540887\n|move|p1a: Latios|Psyshock|p2a: Houndoom\n|-damage|p2a: Houndoom|107/272\n|move|p2a: Houndoom|Dark Pulse|p1a: Latios\n|-supereffective|p1a: Latios\n|-damage|p1a: Latios|29/100\n|\n|upkeep\n|turn|18\n|inactive|Time left: 300 sec this turn | 300 sec total\n|\n|t:|1783540888\n|move|p1a: Latios|Psyshock|p2a: Houndoom\n|-damage|p2a: Houndoom|0 fnt\n|faint|p2a: Houndoom\n|\n|upkeep\n|inactive|Time left: 300 sec this turn | 300 sec total | 5 sec grace\n|\n|t:|1783540889\n|switch|p2a: Cetitan|Cetitan, L82, F|412/412\n|turn|19\n|inactive|Time left: 300 sec this turn | 300 sec total\n|\n|t:|1783540889\n|switch|p1a: Heracross|Heracross, L80, F|100/100\n|move|p2a: Cetitan|Ice Shard|p1a: Heracross\n|-damage|p1a: Heracross|81/100\n|\n|-status|p1a: Heracross|brn|[from] item: Flame Orb\n|upkeep\n|turn|20\n|inactive|Time left: 300 sec this turn | 300 sec total\n|\n|t:|1783540890\n|move|p2a: Cetitan|Ice Shard|p1a: Heracross\n|-damage|p1a: Heracross|59/100 brn\n|move|p1a: Heracross|Close Combat|p2a: Cetitan\n|-supereffective|p2a: Cetitan\n|-damage|p2a: Cetitan|0 fnt\n|-unboost|p1a: Heracross|def|1\n|-unboost|p1a: Heracross|spd|1\n|faint|p2a: Cetitan\n|\n|-damage|p1a: Heracross|53/100 brn|[from] brn\n|upkeep\n|inactive|Time left: 300 sec this turn | 300 sec total | 5 sec grace\n|\n|t:|1783540891\n|switch|p2a: Ogerpon|Ogerpon-Hearthflame, L74, F|239/239\n|-ability|p2a: Ogerpon|Mold Breaker\n|turn|21\n|inactive|Time left: 300 sec this turn | 300 sec total\n|\n|t:|1783540892\n|switch|p1a: Latios|Latios, L78, M|29/100\n|move|p2a: Ogerpon|Ivy Cudgel|p1a: Latios|[anim] Ivy Cudgel Fire\n|-resisted|p1a: Latios\n|-damage|p1a: Latios|2/100\n|\n|upkeep\n|turn|22\n|inactive|Time left: 300 sec this turn | 300 sec total\n|\n|t:|1783540893\n|switch|p2a: Excadrill|Excadrill, L79, F|303/303\n|-ability|p2a: Excadrill|Mold Breaker\n|move|p1a: Latios|Draco Meteor|p2a: Excadrill\n|-resisted|p2a: Excadrill\n|-damage|p2a: Excadrill|222/303\n|-unboost|p1a: Latios|spa|2\n|\n|upkeep\n|turn|23\n|inactive|Time left: 300 sec this turn | 300 sec total\n|\n|t:|1783540894\n|switch|p1a: Brambleghast|Brambleghast, L88, F|100/100\n|move|p2a: Excadrill|Rapid Spin|p1a: Brambleghast\n|-immune|p1a: Brambleghast\n|\n|upkeep\n|turn|24\n|inactive|Time left: 300 sec this turn | 300 sec total\n|\n|t:|1783540895\n|move|p1a: Brambleghast|Poltergeist|p2a: Excadrill\n|-activate|p2a: Excadrill|move: Poltergeist|Assault Vest\n|-damage|p2a: Excadrill|12/303\n|move|p2a: Excadrill|Iron Head|p1a: Brambleghast\n|-damage|p1a: Brambleghast|57/100\n|\n|-heal|p1a: Brambleghast|63/100|[from] item: Leftovers\n|upkeep\n|turn|25\n|inactive|Time left: 300 sec this turn | 300 sec total\n|\n|t:|1783540896\n|move|p1a: Brambleghast|Poltergeist|p2a: Excadrill|[miss]\n|-miss|p1a: Brambleghast|p2a: Excadrill\n|move|p2a: Excadrill|Iron Head|p1a: Brambleghast\n|-damage|p1a: Brambleghast|15/100\n|\n|-heal|p1a: Brambleghast|22/100|[from] item: Leftovers\n|upkeep\n|turn|26\n|inactive|Time left: 300 sec this turn | 300 sec total\n|\n|t:|1783540897\n|move|p1a: Brambleghast|Poltergeist|p2a: Excadrill\n|-activate|p2a: Excadrill|move: Poltergeist|Assault Vest\n|-damage|p2a: Excadrill|0 fnt\n|faint|p2a: Excadrill\n|\n|-heal|p1a: Brambleghast|28/100|[from] item: Leftovers\n|upkeep\n|inactive|Time left: 300 sec this turn | 300 sec total | 5 sec grace\n|\n|t:|1783540898\n|switch|p2a: Ogerpon|Ogerpon-Hearthflame, L74, F|239/239\n|-ability|p2a: Ogerpon|Mold Breaker\n|turn|27\n|inactive|Time left: 300 sec this turn | 300 sec total\n|\n|t:|1783540899\n|move|p1a: Brambleghast|Poltergeist|p2a: Ogerpon\n|-activate|p2a: Ogerpon|move: Poltergeist|Hearthflame Mask\n|-damage|p2a: Ogerpon|55/239\n|move|p2a: Ogerpon|Swords Dance|p2a: Ogerpon\n|-boost|p2a: Ogerpon|atk|2\n|\n|-heal|p1a: Brambleghast|34/100|[from] item: Leftovers\n|upkeep\n|turn|28\n|inactive|Time left: 300 sec this turn | 300 sec total\n|\n|t:|1783540900\n|move|p1a: Brambleghast|Poltergeist|p2a: Ogerpon\n|-activate|p2a: Ogerpon|move: Poltergeist|Hearthflame Mask\n|-damage|p2a: Ogerpon|0 fnt\n|faint|p2a: Ogerpon\n|\n|win|p0x1473245", "uploadtime": 1783540900, "views": 0, "rating": 0, "private": 0, "password": null, "_winner": "p0x1473245", "_our_name": "p0y14702a9"}