{"id": "battle-gen9randombattle-2093", "formatid": "gen9randombattle", "format": "[Gen 9] Random Battle", "players": ["p0x20933a09", "p0y20931edc"], "log": "|init|battle\n|title|p0x20933a09 vs. p0y20931edc\n|j|\u2606p0x20933a09\n|j|\u2606p0y20931edc\n|t:|1783564239\n|gametype|singles\n|player|p1|p0x20933a09|2|\n|player|p2|p0y20931edc|266|\n|gen|9\n|tier|[Gen 9] Random Battle\n|rule|Species Clause: Limit one of each Pok\u00e9mon\n|rule|HP Percentage Mod: HP is shown in percentages\n|rule|Sleep Clause Mod: Limit one foe put to sleep\n|rule|Illusion Level Mod: Illusion disguises the Pok\u00e9mon's true level\n|\n|t:|1783564239\n|teamsize|p1|6\n|teamsize|p2|6\n|start\n|switch|p1a: Hippowdon|Hippowdon, L82, F|311/311\n|switch|p2a: Arceus|Arceus-Rock, L74|100/100\n|-weather|Sandstorm|[from] ability: Sand Stream|[of] p1a: Hippowdon\n|turn|1\n|inactive|Battle timer is ON: inactive players will automatically lose when time's up. (requested by p0y20931edc)\n|inactive|Time left: 300 sec this turn | 300 sec total | 60 sec grace\n|inactive|p0x20933a09 also wants the timer to be on.\n|\n|t:|1783564240\n|move|p2a: Arceus|Calm Mind|p2a: Arceus\n|-boost|p2a: Arceus|spa|1\n|-boost|p2a: Arceus|spd|1\n|move|p1a: Hippowdon|Earthquake|p2a: Arceus\n|-supereffective|p2a: Arceus\n|-damage|p2a: Arceus|34/100\n|\n|-weather|Sandstorm|[upkeep]\n|upkeep\n|turn|2\n|inactive|Time left: 300 sec this turn | 300 sec total\n|\n|t:|1783564241\n|move|p2a: Arceus|Recover|p2a: Arceus\n|-heal|p2a: Arceus|84/100\n|move|p1a: Hippowdon|Earthquake|p2a: Arceus\n|-supereffective|p2a: Arceus\n|-damage|p2a: Arceus|13/100\n|\n|-weather|Sandstorm|[upkeep]\n|upkeep\n|turn|3\n|inactive|Time left: 300 sec this turn | 300 sec total\n|\n|t:|1783564243\n|-terastallize|p2a: Arceus|Ground\n|move|p2a: Arceus|Recover|p2a: Arceus\n|-heal|p2a: Arceus|63/100\n|move|p1a: Hippowdon|Earthquake|p2a: Arceus\n|-damage|p2a: Arceus|28/100\n|\n|-weather|Sandstorm|[upkeep]\n|upkeep\n|turn|4\n|inactive|Time left: 300 sec this turn | 300 sec total\n|\n|t:|1783564244\n|move|p2a: Arceus|Recover|p2a: Arceus\n|-heal|p2a: Arceus|78/100\n|move|p1a: Hippowdon|Earthquake|p2a: Arceus\n|-damage|p2a: Arceus|45/100\n|\n|-weather|Sandstorm|[upkeep]\n|upkeep\n|turn|5\n|inactive|Time left: 300 sec this turn | 300 sec total\n|\n|t:|1783564245\n|move|p2a: Arceus|Recover|p2a: Arceus\n|-heal|p2a: Arceus|95/100\n|move|p1a: Hippowdon|Earthquake|p2a: Arceus\n|-damage|p2a: Arceus|58/100\n|\n|-weather|none\n|upkeep\n|turn|6\n|inactive|Time left: 300 sec this turn | 300 sec total\n|\n|t:|1783564246\n|move|p2a: Arceus|Earth Power|p1a: Hippowdon\n|-damage|p1a: Hippowdon|160/311\n|move|p1a: Hippowdon|Earthquake|p2a: Arceus\n|-damage|p2a: Arceus|27/100\n|\n|-heal|p1a: Hippowdon|179/311|[from] item: Leftovers\n|upkeep\n|turn|7\n|inactive|Time left: 300 sec this turn | 300 sec total\n|\n|t:|1783564247\n|move|p2a: Arceus|Recover|p2a: Arceus\n|-heal|p2a: Arceus|77/100\n|move|p1a: Hippowdon|Earthquake|p2a: Arceus\n|-damage|p2a: Arceus|42/100\n|\n|-heal|p1a: Hippowdon|198/311|[from] item: Leftovers\n|upkeep\n|turn|8\n|inactive|Time left: 300 sec this turn | 300 sec total\n|\n|t:|1783564248\n|move|p2a: Arceus|Recover|p2a: Arceus\n|-heal|p2a: Arceus|92/100\n|move|p1a: Hippowdon|Earthquake|p2a: Arceus\n|-damage|p2a: Arceus|59/100\n|\n|-heal|p1a: Hippowdon|217/311|[from] item: Leftovers\n|upkeep\n|turn|9\n|inactive|Time left: 300 sec this turn | 300 sec total\n|\n|t:|1783564249\n|move|p2a: Arceus|Earth Power|p1a: Hippowdon\n|-damage|p1a: Hippowdon|51/311\n|move|p1a: Hippowdon|Slack Off|p1a: Hippowdon\n|-heal|p1a: Hippowdon|207/311\n|\n|-heal|p1a: Hippowdon|226/311|[from] item: Leftovers\n|upkeep\n|turn|10\n|inactive|Time left: 300 sec this turn | 300 sec total\n|\n|t:|1783564250\n|move|p2a: Arceus|Earth Power|p1a: Hippowdon\n|-damage|p1a: Hippowdon|79/311\n|-unboost|p1a: Hippowdon|spd|1\n|move|p1a: Hippowdon|Slack Off|p1a: Hippowdon\n|-heal|p1a: Hippowdon|235/311\n|\n|-heal|p1a: Hippowdon|254/311|[from] item: Leftovers\n|upkeep\n|turn|11\n|inactive|Time left: 300 sec this turn | 300 sec total\n|\n|t:|1783564252\n|move|p2a: Arceus|Earth Power|p1a: Hippowdon\n|-damage|p1a: Hippowdon|32/311\n|move|p1a: Hippowdon|Slack Off|p1a: Hippowdon\n|-heal|p1a: Hippowdon|188/311\n|\n|-heal|p1a: Hippowdon|207/311|[from] item: Leftovers\n|upkeep\n|turn|12\n|inactive|Time left: 300 sec this turn | 300 sec total\n|\n|t:|1783564253\n|switch|p1a: Walking Wake|Walking Wake, L79|286/286\n|move|p2a: Arceus|Earth Power|p1a: Walking Wake\n|-damage|p1a: Walking Wake|132/286\n|\n|upkeep\n|turn|13\n|inactive|Time left: 300 sec this turn | 300 sec total\n|\n|t:|1783564254\n|-end|p1a: Walking Wake|Protosynthesis|[silent]\n|switch|p1a: Hippowdon|Hippowdon, L82, F|207/311\n|-weather|Sandstorm|[from] ability: Sand Stream|[of] p1a: Hippowdon\n|move|p2a: Arceus|Earth Power|p1a: Hippowdon\n|-damage|p1a: Hippowdon|63/311\n|\n|-weather|Sandstorm|[upkeep]\n|-heal|p1a: Hippowdon|82/311|[from] item: Leftovers\n|upkeep\n|turn|14\n|inactive|Time left: 300 sec this turn | 300 sec total\n|\n|t:|1783564255\n|move|p2a: Arceus|Judgment|p1a: Hippowdon\n|-resisted|p1a: Hippowdon\n|-damage|p1a: Hippowdon|0 fnt\n|faint|p1a: Hippowdon\n|\n|-weather|Sandstorm|[upkeep]\n|upkeep\n|inactive|Time left: 300 sec this turn | 300 sec total | 5 sec grace\n|\n|t:|1783564256\n|switch|p1a: Mewtwo|Mewtwo, L72|272/272\n|-ability|p1a: Mewtwo|Pressure\n|turn|15\n|inactive|Time left: 300 sec this turn | 300 sec total\n|\n|t:|1783564257\n|move|p1a: Mewtwo|Nasty Plot|p1a: Mewtwo\n|-boost|p1a: Mewtwo|spa|2\n|move|p2a: Arceus|Judgment|p1a: Mewtwo\n|-damage|p1a: Mewtwo|59/272\n|\n|-weather|Sandstorm|[upkeep]\n|-damage|p1a: Mewtwo|42/272|[from] Sandstorm\n|upkeep\n|turn|16\n|inactive|Time left: 300 sec this turn | 300 sec total\n|\n|t:|1783564258\n|move|p1a: Mewtwo|Psystrike|p2a: Arceus\n|-damage|p2a: Arceus|0 fnt\n|faint|p2a: Arceus\n|-damage|p1a: Mewtwo|15/272|[from] item: Life Orb\n|\n|-weather|Sandstorm|[upkeep]\n|-damage|p1a: Mewtwo|0 fnt|[from] Sandstorm\n|faint|p1a: Mewtwo\n|upkeep\n|inactive|Time left: 300 sec this turn | 300 sec total | 5 sec grace\n|\n|t:|1783564259\n|switch|p1a: Walking Wake|Walking Wake, L79|132/286\n|switch|p2a: Avalugg|Avalugg, L88, M|100/100\n|turn|17\n|inactive|Time left: 300 sec this turn | 300 sec total\n|\n|t:|1783564260\n|switch|p2a: Hitmontop|Hitmontop, L88, M|100/100\n|move|p1a: Walking Wake|Flamethrower|p2a: Hitmontop\n|-damage|p2a: Hitmontop|65/100\n|\n|-weather|none\n|-heal|p2a: Hitmontop|71/100|[from] item: Leftovers\n|upkeep\n|turn|18\n|inactive|Time left: 300 sec this turn | 300 sec total\n|\n|t:|1783564261\n|move|p1a: Walking Wake|Flamethrower|p2a: Hitmontop\n|-damage|p2a: Hitmontop|35/100\n|-status|p2a: Hitmontop|brn\n|move|p2a: Hitmontop|Rapid Spin|p1a: Walking Wake\n|-damage|p1a: Walking Wake|103/286\n|-boost|p2a: Hitmontop|spe|1\n|\n|-heal|p2a: Hitmontop|41/100 brn|[from] item: Leftovers\n|-damage|p2a: Hitmontop|35/100 brn|[from] brn\n|upkeep\n|turn|19\n|inactive|Time left: 300 sec this turn | 300 sec total\n|\n|t:|1783564262\n|move|p2a: Hitmontop|Close Combat|p1a: Walking Wake\n|-damage|p1a: Walking Wake|32/286\n|-unboost|p2a: Hitmontop|def|1\n|-unboost|p2a: Hitmontop|spd|1\n|move|p1a: Walking Wake|Flamethrower|p2a: Hitmontop\n|-damage|p2a: Hitmontop|0 fnt\n|faint|p2a: Hitmontop\n|\n|upkeep\n|\n|t:|1783564263\n|switch|p2a: Baxcalibur|Baxcalibur, L75, F|100/100\n|turn|20\n|inactive|Time left: 300 sec this turn | 300 sec total\n|\n|t:|1783564264\n|move|p1a: Walking Wake|Flamethrower|p2a: Baxcalibur\n|-damage|p2a: Baxcalibur|60/100\n|-ability|p2a: Baxcalibur|Thermal Exchange|boost\n|-boost|p2a: Baxcalibur|atk|1\n|move|p2a: Baxcalibur|Glaive Rush|p1a: Walking Wake\n|-supereffective|p1a: Walking Wake\n|-damage|p1a: Walking Wake|0 fnt\n|-singlemove|p2a: Baxcalibur|Glaive Rush|[silent]\n|faint|p1a: Walking Wake\n|-end|p1a: Walking Wake|Protosynthesis|[silent]\n|\n|upkeep\n|inactive|Time left: 300 sec this turn | 300 sec total | 5 sec grace\n|\n|t:|1783564265\n|switch|p1a: Klefki|Klefki, L84, F|233/233\n|turn|21\n|inactive|Time left: 300 sec this turn | 300 sec total\n|\n|t:|1783564266\n|switch|p2a: Corviknight|Corviknight, L80, M|100/100\n|move|p1a: Klefki|Dazzling Gleam|p2a: Corviknight\n|-resisted|p2a: Corviknight\n|-damage|p2a: Corviknight|87/100\n|\n|upkeep\n|turn|22\n|inactive|Time left: 300 sec this turn | 300 sec total\n|\n|t:|1783564267\n|move|p1a: Klefki|Thunder Wave|p2a: Corviknight\n|-status|p2a: Corviknight|par\n|move|p2a: Corviknight|Body Press|p1a: Klefki\n|-damage|p1a: Klefki|183/233\n|\n|-heal|p1a: Klefki|197/233|[from] item: Leftovers\n|upkeep\n|turn|23\n|inactive|Time left: 300 sec this turn | 300 sec total\n|\n|t:|1783564268\n|move|p1a: Klefki|Dazzling Gleam|p2a: Corviknight\n|-resisted|p2a: Corviknight\n|-damage|p2a: Corviknight|72/100 par\n|move|p2a: Corviknight|Body Press|p1a: Klefki\n|-crit|p1a: Klefki\n|-damage|p1a: Klefki|110/233\n|\n|-heal|p1a: Klefki|124/233|[from] item: Leftovers\n|upkeep\n|turn|24\n|inactive|Time left: 300 sec this turn | 300 sec total\n|\n|t:|1783564269\n|switch|p1a: Morpeko|Morpeko, L88, F|245/245\n|move|p2a: Corviknight|Roost|p2a: Corviknight\n|-heal|p2a: Corviknight|100/100 par\n|-singleturn|p2a: Corviknight|move: Roost\n|\n|-formechange|p1a: Morpeko|Morpeko-Hangry||[from] ability: Hunger Switch\n|upkeep\n|turn|25\n|inactive|Time left: 300 sec this turn | 300 sec total\n|\n|t:|1783564270\n|switch|p2a: Avalugg|Avalugg, L88, M|100/100\n|move|p1a: Morpeko|Aura Wheel|p2a: Avalugg\n|-damage|p2a: Avalugg|78/100\n|-boost|p1a: Morpeko|spe|1\n|\n|-formechange|p1a: Morpeko|Morpeko||[from] ability: Hunger Switch\n|upkeep\n|turn|26\n|inactive|Time left: 300 sec this turn | 300 sec total\n|\n|t:|1783564271\n|switch|p1a: Solgaleo|Solgaleo, L74|325/325\n|move|p2a: Avalugg|Body Press|p1a: Solgaleo\n|-damage|p1a: Solgaleo|229/325\n|-damage|p2a: Avalugg|61/100|[from] item: Rocky Helmet|[of] p1a: Solgaleo\n|\n|upkeep\n|turn|27\n|inactive|Time left: 300 sec this turn | 300 sec total\n|\n|t:|1783564272\n|move|p1a: Solgaleo|Sunsteel Strike|p2a: Avalugg\n|-supereffective|p2a: Avalugg\n|-damage|p2a: Avalugg|26/100\n|move|p2a: Avalugg|Recover|p2a: Avalugg\n|-heal|p2a: Avalugg|76/100\n|\n|upkeep\n|turn|28\n|inactive|Time left: 300 sec this turn | 300 sec total\n|\n|t:|1783564273\n|move|p1a: Solgaleo|Sunsteel Strike|p2a: Avalugg\n|-supereffective|p2a: Avalugg\n|-damage|p2a: Avalugg|39/100\n|move|p2a: Avalugg|Recover|p2a: Avalugg\n|-heal|p2a: Avalugg|89/100\n|\n|upkeep\n|turn|29\n|inactive|Time left: 300 sec this turn | 300 sec total\n|\n|t:|1783564274\n|move|p1a: Solgaleo|Sunsteel Strike|p2a: Avalugg\n|-supereffective|p2a: Avalugg\n|-damage|p2a: Avalugg|54/100\n|move|p2a: Avalugg|Recover|p2a: Avalugg\n|-heal|p2a: Avalugg|100/100\n|\n|upkeep\n|turn|30\n|inactive|Time left: 300 sec this turn | 300 sec total\n|\n|t:|1783564275\n|move|p1a: Solgaleo|Sunsteel Strike|p2a: Avalugg\n|-supereffective|p2a: Avalugg\n|-damage|p2a: Avalugg|64/100\n|move|p2a: Avalugg|Recover|p2a: Avalugg\n|-heal|p2a: Avalugg|100/100\n|\n|upkeep\n|turn|31\n|inactive|Time left: 300 sec this turn | 300 sec total\n|\n|t:|1783564276\n|move|p1a: Solgaleo|Morning Sun|p1a: Solgaleo\n|-heal|p1a: Solgaleo|325/325\n|move|p2a: Avalugg|Recover||[still]\n|-fail|p2a: Avalugg|heal\n|\n|upkeep\n|turn|32\n|inactive|Time left: 300 sec this turn | 300 sec total\n|\n|t:|1783564277\n|move|p1a: Solgaleo|Sunsteel Strike|p2a: Avalugg\n|-supereffective|p2a: Avalugg\n|-damage|p2a: Avalugg|66/100\n|move|p2a: Avalugg|Recover|p2a: Avalugg\n|-heal|p2a: Avalugg|100/100\n|\n|upkeep\n|turn|33\n|inactive|Time left: 300 sec this turn | 300 sec total\n|\n|t:|1783564278\n|move|p1a: Solgaleo|Sunsteel Strike|p2a: Avalugg\n|-supereffective|p2a: Avalugg\n|-damage|p2a: Avalugg|63/100\n|move|p2a: Avalugg|Body Press|p1a: Solgaleo\n|-damage|p1a: Solgaleo|219/325\n|-damage|p2a: Avalugg|47/100|[from] item: Rocky Helmet|[of] p1a: Solgaleo\n|\n|upkeep\n|turn|34\n|inactive|Time left: 300 sec this turn | 300 sec total\n|\n|t:|1783564279\n|move|p1a: Solgaleo|Sunsteel Strike|p2a: Avalugg\n|-supereffective|p2a: Avalugg\n|-damage|p2a: Avalugg|9/100\n|move|p2a: Avalugg|Recover|p2a: Avalugg\n|-heal|p2a: Avalugg|59/100\n|\n|upkeep\n|turn|35\n|inactive|Time left: 300 sec this turn | 300 sec total\n|\n|t:|1783564280\n|move|p1a: Solgaleo|Sunsteel Strike|p2a: Avalugg\n|-supereffective|p2a: Avalugg\n|-crit|p2a: Avalugg\n|-damage|p2a: Avalugg|0 fnt\n|faint|p2a: Avalugg\n|\n|upkeep\n|\n|t:|1783564281\n|switch|p2a: Scyther|Scyther, L82, M|100/100\n|turn|36\n|inactive|Time left: 300 sec this turn | 300 sec total\n|\n|t:|1783564282\n|move|p2a: Scyther|Swords Dance|p2a: Scyther\n|-boost|p2a: Scyther|atk|2\n|move|p1a: Solgaleo|Teleport|p1a: Solgaleo\n|inactive|Time left: 300 sec this turn | 300 sec total | 5 sec grace\n|\n|t:|1783564283\n|switch|p1a: Morpeko|Morpeko, L88, F|245/245|[from] Teleport\n|\n|-formechange|p1a: Morpeko|Morpeko-Hangry||[from] ability: Hunger Switch\n|upkeep\n|turn|37\n|inactive|Time left: 300 sec this turn | 300 sec total\n|\n|t:|1783564284\n|move|p1a: Morpeko|Protect|p1a: Morpeko\n|-singleturn|p1a: Morpeko|Protect\n|move|p2a: Scyther|Bug Bite|p1a: Morpeko\n|-activate|p1a: Morpeko|move: Protect\n|\n|-formechange|p1a: Morpeko|Morpeko||[from] ability: Hunger Switch\n|upkeep\n|turn|38\n|inactive|Time left: 300 sec this turn | 300 sec total\n|\n|t:|1783564285\n|move|p1a: Morpeko|Aura Wheel|p2a: Scyther\n|-supereffective|p2a: Scyther\n|-crit|p2a: Scyther\n|-damage|p2a: Scyther|0 fnt\n|-boost|p1a: Morpeko|spe|1\n|faint|p2a: Scyther\n|\n|-formechange|p1a: Morpeko|Morpeko-Hangry||[from] ability: Hunger Switch\n|upkeep\n|\n|t:|1783564286\n|switch|p2a: Baxcalibur|Baxcalibur, L75, F|60/100\n|turn|39\n|inactive|Time left: 300 sec this turn | 300 sec total\n|\n|t:|1783564287\n|move|p1a: Morpeko|Aura Wheel|p2a: Baxcalibur\n|-damage|p2a: Baxcalibur|15/100\n|-boost|p1a: Morpeko|spe|1\n|move|p2a: Baxcalibur|Earthquake|p1a: Morpeko\n|-supereffective|p1a: Morpeko\n|-crit|p1a: Morpeko\n|-damage|p1a: Morpeko|0 fnt\n|faint|p1a: Morpeko\n|\n|upkeep\n|inactive|Time left: 300 sec this turn | 300 sec total | 5 sec grace\n|\n|t:|1783564288\n|switch|p1a: Solgaleo|Solgaleo, L74|219/325\n|turn|40\n|inactive|Time left: 300 sec this turn | 300 sec total\n|\n|t:|1783564290\n|switch|p2a: Corviknight|Corviknight, L80, M|100/100 par\n|move|p1a: Solgaleo|Close Combat|p2a: Corviknight\n|-damage|p2a: Corviknight|73/100 par\n|-unboost|p1a: Solgaleo|def|1\n|-unboost|p1a: Solgaleo|spd|1\n|-damage|p1a: Solgaleo|165/325|[from] item: Rocky Helmet|[of] p2a: Corviknight\n|\n|upkeep\n|turn|41\n|inactive|Time left: 300 sec this turn | 300 sec total\n|\n|t:|1783564291\n|move|p1a: Solgaleo|Morning Sun|p1a: Solgaleo\n|-heal|p1a: Solgaleo|325/325\n|move|p2a: Corviknight|Roost|p2a: Corviknight\n|-heal|p2a: Corviknight|100/100 par\n|-singleturn|p2a: Corviknight|move: Roost\n|\n|upkeep\n|turn|42\n|inactive|Time left: 300 sec this turn | 300 sec total\n|\n|t:|1783564292\n|move|p2a: Corviknight|Body Press|p1a: Solgaleo\n|-damage|p1a: Solgaleo|247/325\n|-damage|p2a: Corviknight|84/100 par|[from] item: Rocky Helmet|[of] p1a: Solgaleo\n|move|p1a: Solgaleo|Teleport|p1a: Solgaleo\n|inactive|Time left: 300 sec this turn | 300 sec total | 5 sec grace\n|\n|t:|1783564293\n|switch|p1a: Klefki|Klefki, L84, F|124/233|[from] Teleport\n|\n|-heal|p1a: Klefki|138/233|[from] item: Leftovers\n|upkeep\n|turn|43\n|inactive|Time left: 300 sec this turn | 300 sec total\n|\n|t:|1783564294\n|switch|p1a: Solgaleo|Solgaleo, L74|247/325\n|move|p2a: Corviknight|Roost|p2a: Corviknight\n|-heal|p2a: Corviknight|100/100 par\n|-singleturn|p2a: Corviknight|move: Roost\n|\n|upkeep\n|turn|44\n|inactive|Time left: 300 sec this turn | 300 sec total\n|\n|t:|1783564295\n|move|p1a: Solgaleo|Morning Sun|p1a: Solgaleo\n|-heal|p1a: Solgaleo|325/325\n|move|p2a: Corviknight|Roost||[still]\n|-fail|p2a: Corviknight|heal\n|\n|upkeep\n|turn|45\n|inactive|Time left: 300 sec this turn | 300 sec total\n|\n|t:|1783564296\n|move|p2a: Corviknight|Body Press|p1a: Solgaleo\n|-damage|p1a: Solgaleo|274/325\n|-damage|p2a: Corviknight|84/100 par|[from] item: Rocky Helmet|[of] p1a: Solgaleo\n|move|p1a: Solgaleo|Teleport|p1a: Solgaleo\n|inactive|Time left: 300 sec this turn | 300 sec total | 5 sec grace\n|\n|t:|1783564297\n|switch|p1a: Klefki|Klefki, L84, F|138/233|[from] Teleport\n|\n|-heal|p1a: Klefki|152/233|[from] item: Leftovers\n|upkeep\n|turn|46\n|inactive|Time left: 300 sec this turn | 300 sec total\n|\n|t:|1783564298\n|switch|p1a: Solgaleo|Solgaleo, L74|274/325\n|cant|p2a: Corviknight|par\n|\n|upkeep\n|turn|47\n|inactive|Time left: 300 sec this turn | 300 sec total\n|\n|t:|1783564299\n|move|p1a: Solgaleo|Morning Sun|p1a: Solgaleo\n|-heal|p1a: Solgaleo|325/325\n|move|p2a: Corviknight|Roost|p2a: Corviknight\n|-heal|p2a: Corviknight|100/100 par\n|-singleturn|p2a: Corviknight|move: Roost\n|\n|upkeep\n|turn|48\n|inactive|Time left: 300 sec this turn | 300 sec total\n|\n|t:|1783564300\n|move|p2a: Corviknight|Brave Bird|p1a: Solgaleo\n|-resisted|p1a: Solgaleo\n|-damage|p1a: Solgaleo|268/325\n|-damage|p2a: Corviknight|84/100 par|[from] item: Rocky Helmet|[of] p1a: Solgaleo\n|-damage|p2a: Corviknight|77/100 par|[from] Recoil\n|move|p1a: Solgaleo|Teleport|p1a: Solgaleo\n|inactive|Time left: 300 sec this turn | 300 sec total | 5 sec grace\n|\n|t:|1783564300\n|switch|p1a: Klefki|Klefki, L84, F|152/233|[from] Teleport\n|\n|-heal|p1a: Klefki|166/233|[from] item: Leftovers\n|upkeep\n|turn|49\n|inactive|Time left: 300 sec this turn | 300 sec total\n|\n|t:|1783564301\n|move|p1a: Klefki|Dazzling Gleam|p2a: Corviknight\n|-resisted|p2a: Corviknight\n|-damage|p2a: Corviknight|64/100 par\n|move|p2a: Corviknight|Roost|p2a: Corviknight\n|-heal|p2a: Corviknight|100/100 par\n|-singleturn|p2a: Corviknight|move: Roost\n|\n|-heal|p1a: Klefki|180/233|[from] item: Leftovers\n|upkeep\n|turn|50\n|inactive|Time left: 300 sec this turn | 300 sec total\n|\n|t:|1783564302\n|move|p1a: Klefki|Dazzling Gleam|p2a: Corviknight\n|-resisted|p2a: Corviknight\n|-damage|p2a: Corviknight|86/100 par\n|move|p2a: Corviknight|Body Press|p1a: Klefki\n|-damage|p1a: Klefki|130/233\n|\n|-heal|p1a: Klefki|144/233|[from] item: Leftovers\n|upkeep\n|turn|51\n|inactive|Time left: 300 sec this turn | 300 sec total\n|\n|t:|1783564303\n|switch|p1a: Solgaleo|Solgaleo, L74|268/325\n|move|p2a: Corviknight|Body Press|p1a: Solgaleo\n|-damage|p1a: Solgaleo|215/325\n|-damage|p2a: Corviknight|69/100 par|[from] item: Rocky Helmet|[of] p1a: Solgaleo\n|\n|upkeep\n|turn|52\n|inactive|Time left: 300 sec this turn | 300 sec total\n|\n|t:|1783564304\n|move|p1a: Solgaleo|Morning Sun|p1a: Solgaleo\n|-heal|p1a: Solgaleo|325/325\n|move|p2a: Corviknight|Roost|p2a: Corviknight\n|-heal|p2a: Corviknight|100/100 par\n|-singleturn|p2a: Corviknight|move: Roost\n|\n|upkeep\n|turn|53\n|inactive|Time left: 300 sec this turn | 300 sec total\n|\n|t:|1783564305\n|move|p2a: Corviknight|Roost||[still]\n|-fail|p2a: Corviknight|heal\n|move|p1a: Solgaleo|Teleport|p1a: Solgaleo\n|inactive|Time left: 300 sec this turn | 300 sec total | 5 sec grace\n|\n|t:|1783564305\n|switch|p1a: Klefki|Klefki, L84, F|144/233|[from] Teleport\n|\n|-heal|p1a: Klefki|158/233|[from] item: Leftovers\n|upkeep\n|turn|54\n|inactive|Time left: 300 sec this turn | 300 sec total\n|\n|t:|1783564306\n|move|p1a: Klefki|Dazzling Gleam|p2a: Corviknight\n|-resisted|p2a: Corviknight\n|-damage|p2a: Corviknight|86/100 par\n|move|p2a: Corviknight|Body Press|p1a: Klefki\n|-damage|p1a: Klefki|103/233\n|\n|-heal|p1a: Klefki|117/233|[from] item: Leftovers\n|upkeep\n|turn|55\n|inactive|Time left: 300 sec this turn | 300 sec total\n|\n|t:|1783564307\n|move|p1a: Klefki|Dazzling Gleam|p2a: Corviknight\n|-resisted|p2a: Corviknight\n|-damage|p2a: Corviknight|72/100 par\n|move|p2a: Corviknight|Body Press|p1a: Klefki\n|-damage|p1a: Klefki|60/233\n|\n|-heal|p1a: Klefki|74/233|[from] item: Leftovers\n|upkeep\n|turn|56\n|inactive|Time left: 300 sec this turn | 300 sec total\n|\n|t:|1783564308\n|switch|p1a: Solgaleo|Solgaleo, L74|325/325\n|move|p2a: Corviknight|Brave Bird|p1a: Solgaleo\n|-resisted|p1a: Solgaleo\n|-damage|p1a: Solgaleo|274/325\n|-damage|p2a: Corviknight|56/100 par|[from] item: Rocky Helmet|[of] p1a: Solgaleo\n|-damage|p2a: Corviknight|50/100 par|[from] Recoil\n|\n|upkeep\n|turn|57\n|inactive|Time left: 300 sec this turn | 300 sec total\n|\n|t:|1783564309\n|move|p1a: Solgaleo|Close Combat|p2a: Corviknight\n|-damage|p2a: Corviknight|23/100 par\n|-unboost|p1a: Solgaleo|def|1\n|-unboost|p1a: Solgaleo|spd|1\n|-damage|p1a: Solgaleo|220/325|[from] item: Rocky Helmet|[of] p2a: Corviknight\n|move|p2a: Corviknight|Body Press|p1a: Solgaleo\n|-damage|p1a: Solgaleo|145/325\n|-damage|p2a: Corviknight|6/100 par|[from] item: Rocky Helmet|[of] p1a: Solgaleo\n|\n|upkeep\n|turn|58\n|inactive|Time left: 300 sec this turn | 300 sec total\n|\n|t:|1783564311\n|-terastallize|p1a: Solgaleo|Water\n|move|p1a: Solgaleo|Close Combat|p2a: Corviknight\n|-damage|p2a: Corviknight|0 fnt\n|-unboost|p1a: Solgaleo|def|1\n|-unboost|p1a: Solgaleo|spd|1\n|-damage|p1a: Solgaleo|91/325|[from] item: Rocky Helmet|[of] p2a: Corviknight\n|faint|p2a: Corviknight\n|\n|upkeep\n|\n|t:|1783564312\n|switch|p2a: Baxcalibur|Baxcalibur, L75, F|15/100\n|turn|59\n|inactive|Time left: 300 sec this turn | 300 sec total\n|\n|t:|1783564313\n|move|p1a: Solgaleo|Close Combat|p2a: Baxcalibur\n|-supereffective|p2a: Baxcalibur\n|-damage|p2a: Baxcalibur|0 fnt\n|-unboost|p1a: Solgaleo|def|1\n|-unboost|p1a: Solgaleo|spd|1\n|faint|p2a: Baxcalibur\n|\n|win|p0x20933a09", "uploadtime": 1783564313, "views": 0, "rating": 0, "private": 0, "password": null, "_winner": "p0x20933a09", "_our_name": "p0x20933a09"}