{"id": "battle-gen9randombattle-338", "formatid": "gen9randombattle", "format": "[Gen 9] Random Battle", "players": ["p0x33831e5", "p0y338797f"], "log": "|init|battle\n|title|p0x33831e5 vs. p0y338797f\n|j|\u2606p0x33831e5\n|j|\u2606p0y338797f\n|t:|1783543037\n|gametype|singles\n|player|p1|p0x33831e5|169|\n|player|p2|p0y338797f|169|\n|gen|9\n|tier|[Gen 9] Random Battle\n|rule|Species Clause: Limit one of each Pok\u00e9mon\n|rule|HP Percentage Mod: HP is shown in percentages\n|rule|Sleep Clause Mod: Limit one foe put to sleep\n|rule|Illusion Level Mod: Illusion disguises the Pok\u00e9mon's true level\n|\n|t:|1783543037\n|teamsize|p1|6\n|teamsize|p2|6\n|start\n|switch|p1a: Electivire|Electivire, L84, F|100/100\n|switch|p2a: Glaceon|Glaceon, L94, F|275/275\n|turn|1\n|inactive|Battle timer is ON: inactive players will automatically lose when time's up. (requested by p0x33831e5)\n|inactive|Time left: 300 sec this turn | 300 sec total | 60 sec grace\n|\n|t:|1783543039\n|move|p1a: Electivire|Supercell Slam|p2a: Glaceon\n|-damage|p2a: Glaceon|157/275\n|-damage|p1a: Electivire|91/100|[from] item: Life Orb\n|move|p2a: Glaceon|Freeze-Dry|p1a: Electivire\n|-damage|p1a: Electivire|42/100\n|\n|upkeep\n|turn|2\n|inactive|Time left: 300 sec this turn | 300 sec total\n|inactive|p0y338797f also wants the timer to be on.\n|\n|t:|1783543040\n|move|p1a: Electivire|Earthquake|p2a: Glaceon\n|-damage|p2a: Glaceon|75/275\n|-damage|p1a: Electivire|32/100|[from] item: Life Orb\n|move|p2a: Glaceon|Freeze-Dry|p1a: Electivire\n|-damage|p1a: Electivire|0 fnt\n|faint|p1a: Electivire\n|\n|upkeep\n|\n|t:|1783543041\n|switch|p1a: Dodrio|Dodrio, L85, M|100/100\n|turn|3\n|inactive|Time left: 300 sec this turn | 300 sec total\n|\n|t:|1783543042\n|move|p1a: Dodrio|Brave Bird|p2a: Glaceon\n|-damage|p2a: Glaceon|0 fnt\n|faint|p2a: Glaceon\n|-damage|p1a: Dodrio|90/100|[from] Recoil\n|\n|upkeep\n|inactive|Time left: 300 sec this turn | 300 sec total | 5 sec grace\n|\n|t:|1783543043\n|switch|p2a: Rhyperior|Rhyperior, L82, M|323/323\n|turn|4\n|inactive|Time left: 300 sec this turn | 300 sec total\n|\n|t:|1783543044\n|switch|p1a: Inteleon|Inteleon, L81, F|100/100\n|move|p2a: Rhyperior|Stone Edge|p1a: Inteleon|[miss]\n|-miss|p2a: Rhyperior|p1a: Inteleon\n|\n|upkeep\n|turn|5\n|inactive|Time left: 300 sec this turn | 300 sec total\n|\n|t:|1783543045\n|switch|p2a: Tentacruel|Tentacruel, L84, F|272/272\n|move|p1a: Inteleon|Scald|p2a: Tentacruel\n|-resisted|p2a: Tentacruel\n|-damage|p2a: Tentacruel|216/272\n|\n|-heal|p2a: Tentacruel|233/272|[from] item: Leftovers\n|upkeep\n|turn|6\n|inactive|Time left: 300 sec this turn | 300 sec total\n|\n|t:|1783543047\n|move|p1a: Inteleon|Scald|p2a: Tentacruel\n|-resisted|p2a: Tentacruel\n|-damage|p2a: Tentacruel|178/272\n|move|p2a: Tentacruel|Sludge Bomb|p1a: Inteleon\n|-damage|p1a: Inteleon|59/100\n|-status|p1a: Inteleon|psn\n|\n|-heal|p2a: Tentacruel|195/272|[from] item: Leftovers\n|-damage|p1a: Inteleon|47/100 psn|[from] psn\n|upkeep\n|turn|7\n|inactive|Time left: 300 sec this turn | 300 sec total\n|\n|t:|1783543048\n|move|p1a: Inteleon|Scald|p2a: Tentacruel\n|-resisted|p2a: Tentacruel\n|-damage|p2a: Tentacruel|136/272\n|move|p2a: Tentacruel|Sludge Bomb|p1a: Inteleon\n|-damage|p1a: Inteleon|2/100 psn\n|\n|-heal|p2a: Tentacruel|153/272|[from] item: Leftovers\n|-damage|p1a: Inteleon|0 fnt|[from] psn\n|faint|p1a: Inteleon\n|upkeep\n|\n|t:|1783543050\n|switch|p1a: Dodrio|Dodrio, L85, M|90/100\n|turn|8\n|inactive|Time left: 300 sec this turn | 300 sec total\n|\n|t:|1783543051\n|switch|p2a: Rhyperior|Rhyperior, L82, M|323/323\n|move|p1a: Dodrio|Knock Off|p2a: Rhyperior\n|-damage|p2a: Rhyperior|232/323\n|-enditem|p2a: Rhyperior|Weakness Policy|[from] move: Knock Off|[of] p1a: Dodrio\n|\n|upkeep\n|turn|9\n|inactive|Time left: 300 sec this turn | 300 sec total\n|\n|t:|1783543052\n|move|p1a: Dodrio|Knock Off|p2a: Rhyperior\n|-damage|p2a: Rhyperior|173/323\n|move|p2a: Rhyperior|Stone Edge|p1a: Dodrio|[miss]\n|-miss|p2a: Rhyperior|p1a: Dodrio\n|\n|upkeep\n|turn|10\n|inactive|Time left: 300 sec this turn | 300 sec total\n|\n|t:|1783543053\n|move|p1a: Dodrio|Knock Off|p2a: Rhyperior\n|-damage|p2a: Rhyperior|118/323\n|move|p2a: Rhyperior|Stone Edge|p1a: Dodrio\n|-supereffective|p1a: Dodrio\n|-damage|p1a: Dodrio|0 fnt\n|faint|p1a: Dodrio\n|\n|upkeep\n|\n|t:|1783543054\n|switch|p1a: Sandy Shocks|Sandy Shocks, L80|100/100\n|turn|11\n|inactive|Time left: 300 sec this turn | 300 sec total\n|\n|t:|1783543055\n|move|p1a: Sandy Shocks|Earth Power|p2a: Rhyperior\n|-supereffective|p2a: Rhyperior\n|-damage|p2a: Rhyperior|0 fnt\n|faint|p2a: Rhyperior\n|\n|upkeep\n|inactive|Time left: 300 sec this turn | 300 sec total | 5 sec grace\n|\n|t:|1783543056\n|switch|p2a: Goodra|Goodra, L85, M|292/292\n|turn|12\n|inactive|Time left: 300 sec this turn | 300 sec total\n|\n|t:|1783543057\n|move|p1a: Sandy Shocks|Volt Switch|p2a: Goodra\n|-resisted|p2a: Goodra\n|-damage|p2a: Goodra|272/292\n|\n|t:|1783543059\n|-end|p1a: Sandy Shocks|Protosynthesis|[silent]\n|switch|p1a: Okidogi|Okidogi, L77, M|100/100|[from] Volt Switch\n|move|p2a: Goodra|Scald|p1a: Okidogi\n|-damage|p1a: Okidogi|71/100\n|\n|-heal|p1a: Okidogi|77/100|[from] item: Leftovers\n|upkeep\n|turn|13\n|inactive|Time left: 300 sec this turn | 300 sec total\n|\n|t:|1783543060\n|move|p2a: Goodra|Scald|p1a: Okidogi\n|-damage|p1a: Okidogi|52/100\n|move|p1a: Okidogi|Drain Punch|p2a: Goodra\n|-damage|p2a: Goodra|169/292\n|-heal|p1a: Okidogi|72/100|[from] drain|[of] p2a: Goodra\n|\n|-heal|p1a: Okidogi|78/100|[from] item: Leftovers\n|upkeep\n|turn|14\n|inactive|Time left: 300 sec this turn | 300 sec total\n|\n|t:|1783543062\n|switch|p2a: Overqwil|Overqwil, L82, M|274/274\n|-ability|p2a: Overqwil|Intimidate|boost\n|-unboost|p1a: Okidogi|atk|1\n|move|p1a: Okidogi|Drain Punch|p2a: Overqwil\n|-damage|p2a: Overqwil|220/274\n|-heal|p1a: Okidogi|88/100|[from] drain|[of] p2a: Overqwil\n|\n|-heal|p1a: Okidogi|94/100|[from] item: Leftovers\n|upkeep\n|turn|15\n|inactive|Time left: 300 sec this turn | 300 sec total\n|\n|t:|1783543063\n|move|p2a: Overqwil|Swords Dance|p2a: Overqwil\n|-boost|p2a: Overqwil|atk|2\n|move|p1a: Okidogi|Bulk Up|p1a: Okidogi\n|-boost|p1a: Okidogi|atk|1\n|-boost|p1a: Okidogi|def|1\n|\n|-heal|p1a: Okidogi|100/100|[from] item: Leftovers\n|upkeep\n|turn|16\n|inactive|Time left: 300 sec this turn | 300 sec total\n|\n|t:|1783543064\n|move|p2a: Overqwil|Swords Dance|p2a: Overqwil\n|-boost|p2a: Overqwil|atk|2\n|move|p1a: Okidogi|Bulk Up|p1a: Okidogi\n|-boost|p1a: Okidogi|atk|1\n|-boost|p1a: Okidogi|def|1\n|\n|upkeep\n|turn|17\n|inactive|Time left: 300 sec this turn | 300 sec total\n|\n|t:|1783543065\n|move|p2a: Overqwil|Gunk Shot|p1a: Okidogi|[miss]\n|-miss|p2a: Overqwil|p1a: Okidogi\n|move|p1a: Okidogi|Drain Punch|p2a: Overqwil\n|-damage|p2a: Overqwil|94/274\n|\n|upkeep\n|turn|18\n|inactive|Time left: 300 sec this turn | 300 sec total\n|\n|t:|1783543066\n|move|p2a: Overqwil|Gunk Shot|p1a: Okidogi\n|-resisted|p1a: Okidogi\n|-damage|p1a: Okidogi|67/100\n|move|p1a: Okidogi|Drain Punch|p2a: Overqwil\n|-damage|p2a: Overqwil|0 fnt\n|-heal|p1a: Okidogi|85/100|[from] drain|[of] p2a: Overqwil\n|faint|p2a: Overqwil\n|\n|-heal|p1a: Okidogi|91/100|[from] item: Leftovers\n|upkeep\n|inactive|Time left: 300 sec this turn | 300 sec total | 5 sec grace\n|\n|t:|1783543067\n|switch|p2a: Goodra|Goodra, L85, M|169/292\n|turn|19\n|inactive|Time left: 300 sec this turn | 300 sec total\n|\n|t:|1783543068\n|move|p2a: Goodra|Draco Meteor|p1a: Okidogi|[miss]\n|-miss|p2a: Goodra|p1a: Okidogi\n|move|p1a: Okidogi|Drain Punch|p2a: Goodra\n|-damage|p2a: Goodra|21/292\n|-heal|p1a: Okidogi|100/100|[from] drain|[of] p2a: Goodra\n|\n|upkeep\n|turn|20\n|inactive|Time left: 300 sec this turn | 300 sec total\n|\n|t:|1783543069\n|move|p2a: Goodra|Draco Meteor|p1a: Okidogi|[miss]\n|-miss|p2a: Goodra|p1a: Okidogi\n|move|p1a: Okidogi|Drain Punch|p2a: Goodra\n|-damage|p2a: Goodra|0 fnt\n|faint|p2a: Goodra\n|\n|upkeep\n|inactive|Time left: 300 sec this turn | 300 sec total | 5 sec grace\n|\n|t:|1783543070\n|switch|p2a: Gurdurr|Gurdurr, L85, F|283/283\n|turn|21\n|inactive|Time left: 300 sec this turn | 300 sec total\n|\n|t:|1783543071\n|move|p1a: Okidogi|Bulk Up|p1a: Okidogi\n|-boost|p1a: Okidogi|atk|1\n|-boost|p1a: Okidogi|def|1\n|move|p2a: Gurdurr|Bulk Up|p2a: Gurdurr\n|-boost|p2a: Gurdurr|atk|1\n|-boost|p2a: Gurdurr|def|1\n|\n|upkeep\n|turn|22\n|inactive|Time left: 300 sec this turn | 300 sec total\n|\n|t:|1783543072\n|move|p1a: Okidogi|Gunk Shot|p2a: Gurdurr|[miss]\n|-miss|p1a: Okidogi|p2a: Gurdurr\n|move|p2a: Gurdurr|Bulk Up|p2a: Gurdurr\n|-boost|p2a: Gurdurr|atk|1\n|-boost|p2a: Gurdurr|def|1\n|\n|upkeep\n|turn|23\n|inactive|Time left: 300 sec this turn | 300 sec total\n|\n|t:|1783543073\n|move|p1a: Okidogi|Drain Punch|p2a: Gurdurr\n|-damage|p2a: Gurdurr|223/283\n|move|p2a: Gurdurr|Bulk Up|p2a: Gurdurr\n|-boost|p2a: Gurdurr|atk|1\n|-boost|p2a: Gurdurr|def|1\n|\n|upkeep\n|turn|24\n|inactive|Time left: 300 sec this turn | 300 sec total\n|\n|t:|1783543075\n|move|p1a: Okidogi|Bulk Up|p1a: Okidogi\n|-boost|p1a: Okidogi|atk|1\n|-boost|p1a: Okidogi|def|1\n|move|p2a: Gurdurr|Knock Off|p1a: Okidogi\n|-resisted|p1a: Okidogi\n|-damage|p1a: Okidogi|91/100\n|-enditem|p1a: Okidogi|Leftovers|[from] move: Knock Off|[of] p2a: Gurdurr\n|\n|upkeep\n|turn|25\n|inactive|Time left: 300 sec this turn | 300 sec total\n|\n|t:|1783543076\n|move|p1a: Okidogi|Drain Punch|p2a: Gurdurr\n|-damage|p2a: Gurdurr|163/283\n|-heal|p1a: Okidogi|100/100|[from] drain|[of] p2a: Gurdurr\n|-status|p2a: Gurdurr|tox|[from] ability: Toxic Chain|[of] p1a: Okidogi\n|move|p2a: Gurdurr|Drain Punch|p1a: Okidogi\n|-resisted|p1a: Okidogi\n|-damage|p1a: Okidogi|83/100\n|-heal|p2a: Gurdurr|186/283 tox|[from] drain|[of] p1a: Okidogi\n|\n|-damage|p2a: Gurdurr|169/283 tox|[from] psn\n|upkeep\n|turn|26\n|inactive|Time left: 300 sec this turn | 300 sec total\n|\n|t:|1783543077\n|move|p1a: Okidogi|Drain Punch|p2a: Gurdurr\n|-damage|p2a: Gurdurr|109/283 tox\n|-heal|p1a: Okidogi|95/100|[from] drain|[of] p2a: Gurdurr\n|move|p2a: Gurdurr|Drain Punch|p1a: Okidogi\n|-resisted|p1a: Okidogi\n|-damage|p1a: Okidogi|75/100\n|-heal|p2a: Gurdurr|135/283 tox|[from] drain|[of] p1a: Okidogi\n|\n|-damage|p2a: Gurdurr|101/283 tox|[from] psn\n|upkeep\n|turn|27\n|inactive|Time left: 300 sec this turn | 300 sec total\n|\n|t:|1783543078\n|move|p1a: Okidogi|Drain Punch|p2a: Gurdurr\n|-damage|p2a: Gurdurr|41/283 tox\n|-heal|p1a: Okidogi|87/100|[from] drain|[of] p2a: Gurdurr\n|move|p2a: Gurdurr|Drain Punch|p1a: Okidogi\n|-resisted|p1a: Okidogi\n|-damage|p1a: Okidogi|68/100\n|-heal|p2a: Gurdurr|65/283 tox|[from] drain|[of] p1a: Okidogi\n|\n|-damage|p2a: Gurdurr|14/283 tox|[from] psn\n|upkeep\n|turn|28\n|inactive|Time left: 300 sec this turn | 300 sec total\n|\n|t:|1783543079\n|-terastallize|p2a: Gurdurr|Steel\n|move|p1a: Okidogi|Drain Punch|p2a: Gurdurr\n|-supereffective|p2a: Gurdurr\n|-damage|p2a: Gurdurr|0 fnt\n|-heal|p1a: Okidogi|71/100|[from] drain|[of] p2a: Gurdurr\n|faint|p2a: Gurdurr\n|\n|upkeep\n|inactive|Time left: 300 sec this turn | 300 sec total | 5 sec grace\n|\n|t:|1783543080\n|switch|p2a: Tentacruel|Tentacruel, L84, F|153/272\n|turn|29\n|inactive|Time left: 300 sec this turn | 300 sec total\n|\n|t:|1783543081\n|-terastallize|p1a: Okidogi|Dark\n|move|p2a: Tentacruel|Toxic|p1a: Okidogi\n|-status|p1a: Okidogi|tox\n|move|p1a: Okidogi|Knock Off|p2a: Tentacruel\n|-damage|p2a: Tentacruel|0 fnt\n|-enditem|p2a: Tentacruel|Leftovers|[from] move: Knock Off|[of] p1a: Okidogi\n|faint|p2a: Tentacruel\n|\n|win|p0x33831e5", "uploadtime": 1783543081, "views": 0, "rating": 0, "private": 0, "password": null, "_winner": "p0x33831e5", "_our_name": "p0y338797f"}