{"id": "battle-gen9randombattle-601", "formatid": "gen9randombattle", "format": "[Gen 9] Random Battle", "players": ["p0x601f087", "p0y6010a0f"], "log": "|init|battle\n|title|p0x601f087 vs. p0y6010a0f\n|j|\u2606p0x601f087\n|j|\u2606p0y6010a0f\n|t:|1783546794\n|gametype|singles\n|player|p1|p0x601f087|2|\n|player|p2|p0y6010a0f|1|\n|gen|9\n|tier|[Gen 9] Random Battle\n|rule|Species Clause: Limit one of each Pok\u00e9mon\n|rule|HP Percentage Mod: HP is shown in percentages\n|rule|Sleep Clause Mod: Limit one foe put to sleep\n|rule|Illusion Level Mod: Illusion disguises the Pok\u00e9mon's true level\n|\n|t:|1783546794\n|teamsize|p1|6\n|teamsize|p2|6\n|start\n|switch|p1a: Mismagius|Mismagius, L86, F|243/243\n|switch|p2a: Vaporeon|Vaporeon, L86, F|100/100\n|turn|1\n|inactive|Battle timer is ON: inactive players will automatically lose when time's up. (requested by p0x601f087)\n|inactive|p0y6010a0f also wants the timer to be on.\n|\n|t:|1783546796\n|move|p1a: Mismagius|Nasty Plot|p1a: Mismagius\n|-boost|p1a: Mismagius|spa|2\n|move|p2a: Vaporeon|Scald|p1a: Mismagius\n|-damage|p1a: Mismagius|153/243\n|\n|upkeep\n|turn|2\n|inactive|Time left: 300 sec this turn | 300 sec total\n|\n|t:|1783546798\n|move|p1a: Mismagius|Thunderbolt|p2a: Vaporeon\n|-supereffective|p2a: Vaporeon\n|-damage|p2a: Vaporeon|4/100\n|-damage|p1a: Mismagius|129/243|[from] item: Life Orb\n|move|p2a: Vaporeon|Scald|p1a: Mismagius\n|-damage|p1a: Mismagius|44/243\n|\n|-heal|p2a: Vaporeon|10/100|[from] item: Leftovers\n|upkeep\n|turn|3\n|inactive|Time left: 300 sec this turn | 300 sec total\n|\n|t:|1783546799\n|move|p1a: Mismagius|Shadow Ball|p2a: Vaporeon\n|-damage|p2a: Vaporeon|0 fnt\n|faint|p2a: Vaporeon\n|-damage|p1a: Mismagius|20/243|[from] item: Life Orb\n|\n|upkeep\n|\n|t:|1783546800\n|switch|p2a: Kingambit|Kingambit, L74, F|100/100\n|-activate|p2a: Kingambit|ability: Supreme Overlord\n|-start|p2a: Kingambit|fallen1|[silent]\n|turn|4\n|inactive|Time left: 300 sec this turn | 300 sec total\n|\n|t:|1783546801\n|switch|p1a: Conkeldurr|Conkeldurr, L80, F|299/299\n|move|p2a: Kingambit|Sucker Punch||[still]\n|-fail|p2a: Kingambit\n|\n|-status|p1a: Conkeldurr|brn|[from] item: Flame Orb\n|upkeep\n|turn|5\n|inactive|Time left: 300 sec this turn | 300 sec total\n|\n|t:|1783546802\n|-end|p2a: Kingambit|fallen1|[silent]\n|switch|p2a: Vileplume|Vileplume, L85, F|100/100\n|move|p1a: Conkeldurr|Close Combat|p2a: Vileplume\n|-resisted|p2a: Vileplume\n|-damage|p2a: Vileplume|54/100\n|-unboost|p1a: Conkeldurr|def|1\n|-unboost|p1a: Conkeldurr|spd|1\n|\n|-heal|p2a: Vileplume|60/100|[from] item: Leftovers\n|-damage|p1a: Conkeldurr|281/299 brn|[from] brn\n|upkeep\n|turn|6\n|inactive|Time left: 300 sec this turn | 300 sec total\n|\n|t:|1783546803\n|move|p2a: Vileplume|Giga Drain|p1a: Conkeldurr\n|-damage|p1a: Conkeldurr|94/299 brn\n|-heal|p2a: Vileplume|96/100|[from] drain|[of] p1a: Conkeldurr\n|move|p1a: Conkeldurr|Facade|p2a: Vileplume\n|-damage|p2a: Vileplume|20/100\n|\n|-heal|p2a: Vileplume|26/100|[from] item: Leftovers\n|-damage|p1a: Conkeldurr|76/299 brn|[from] brn\n|upkeep\n|turn|7\n|inactive|Time left: 300 sec this turn | 300 sec total\n|\n|t:|1783546804\n|switch|p1a: Dragalge|Dragalge, L88, M|258/258\n|move|p2a: Vileplume|Strength Sap|p1a: Dragalge\n|-unboost|p1a: Dragalge|atk|1\n|-heal|p2a: Vileplume|94/100\n|\n|-heal|p2a: Vileplume|100/100|[from] item: Leftovers\n|upkeep\n|turn|8\n|inactive|Time left: 300 sec this turn | 300 sec total\n|\n|t:|1783546805\n|move|p2a: Vileplume|Sludge Bomb|p1a: Dragalge\n|-resisted|p1a: Dragalge\n|-damage|p1a: Dragalge|230/258\n|move|p1a: Dragalge|Sludge Wave|p2a: Vileplume\n|-damage|p2a: Vileplume|42/100\n|\n|-heal|p2a: Vileplume|48/100|[from] item: Leftovers\n|upkeep\n|turn|9\n|inactive|Time left: 300 sec this turn | 300 sec total\n|\n|t:|1783546806\n|move|p2a: Vileplume|Strength Sap|p1a: Dragalge\n|-unboost|p1a: Dragalge|atk|1\n|-heal|p2a: Vileplume|93/100\n|move|p1a: Dragalge|Sludge Wave|p2a: Vileplume\n|-damage|p2a: Vileplume|41/100\n|\n|-heal|p2a: Vileplume|47/100|[from] item: Leftovers\n|upkeep\n|turn|10\n|inactive|Time left: 300 sec this turn | 300 sec total\n|\n|t:|1783546808\n|move|p2a: Vileplume|Strength Sap|p1a: Dragalge\n|-unboost|p1a: Dragalge|atk|1\n|-heal|p2a: Vileplume|82/100\n|move|p1a: Dragalge|Sludge Wave|p2a: Vileplume\n|-damage|p2a: Vileplume|26/100\n|\n|-heal|p2a: Vileplume|32/100|[from] item: Leftovers\n|upkeep\n|turn|11\n|inactive|Time left: 300 sec this turn | 300 sec total\n|\n|t:|1783546809\n|move|p2a: Vileplume|Sleep Powder|p1a: Dragalge\n|-status|p1a: Dragalge|slp|[from] move: Sleep Powder\n|cant|p1a: Dragalge|slp\n|\n|-heal|p2a: Vileplume|38/100|[from] item: Leftovers\n|upkeep\n|turn|12\n|inactive|Time left: 300 sec this turn | 300 sec total\n|\n|t:|1783546810\n|switch|p1a: Mismagius|Mismagius, L86, F|20/243\n|move|p2a: Vileplume|Strength Sap|p1a: Mismagius\n|-unboost|p1a: Mismagius|atk|1\n|-heal|p2a: Vileplume|79/100\n|\n|-heal|p2a: Vileplume|85/100|[from] item: Leftovers\n|upkeep\n|turn|13\n|inactive|Time left: 300 sec this turn | 300 sec total\n|\n|t:|1783546810\n|move|p1a: Mismagius|Mystical Fire|p2a: Vileplume\n|-supereffective|p2a: Vileplume\n|-damage|p2a: Vileplume|29/100\n|-unboost|p2a: Vileplume|spa|1\n|-damage|p1a: Mismagius|0 fnt|[from] item: Life Orb\n|faint|p1a: Mismagius\n|move|p2a: Vileplume|Strength Sap|p1: Mismagius|[notarget]\n|-fail|p2a: Vileplume\n|\n|-heal|p2a: Vileplume|35/100|[from] item: Leftovers\n|upkeep\n|inactive|Time left: 300 sec this turn | 300 sec total | 5 sec grace\n|\n|t:|1783546811\n|switch|p1a: Scovillain|Scovillain, L91, M|266/266\n|turn|14\n|inactive|Time left: 300 sec this turn | 300 sec total\n|\n|t:|1783546812\n|switch|p2a: Rhydon|Rhydon, L85, F|100/100\n|move|p1a: Scovillain|Flamethrower|p2a: Rhydon\n|-resisted|p2a: Rhydon\n|-damage|p2a: Rhydon|80/100\n|\n|upkeep\n|turn|15\n|inactive|Time left: 300 sec this turn | 300 sec total\n|\n|t:|1783546813\n|switch|p1a: Arceus|Arceus-Water, L71|288/288\n|move|p2a: Rhydon|Stone Edge|p1a: Arceus\n|-damage|p1a: Arceus|159/288\n|\n|upkeep\n|turn|16\n|inactive|Time left: 300 sec this turn | 300 sec total\n|\n|t:|1783546814\n|switch|p2a: Vileplume|Vileplume, L85, F|35/100\n|move|p1a: Arceus|Will-O-Wisp|p2a: Vileplume\n|-status|p2a: Vileplume|brn\n|\n|-heal|p2a: Vileplume|41/100 brn|[from] item: Leftovers\n|-damage|p2a: Vileplume|35/100 brn|[from] brn\n|upkeep\n|turn|17\n|inactive|Time left: 300 sec this turn | 300 sec total\n|\n|t:|1783546815\n|move|p1a: Arceus|Recover|p1a: Arceus\n|-heal|p1a: Arceus|288/288\n|move|p2a: Vileplume|Strength Sap|p1a: Arceus\n|-unboost|p1a: Arceus|atk|1\n|-heal|p2a: Vileplume|100/100 brn\n|\n|-damage|p2a: Vileplume|94/100 brn|[from] brn\n|upkeep\n|turn|18\n|inactive|Time left: 300 sec this turn | 300 sec total\n|\n|t:|1783546816\n|move|p1a: Arceus|Calm Mind|p1a: Arceus\n|-boost|p1a: Arceus|spa|1\n|-boost|p1a: Arceus|spd|1\n|move|p2a: Vileplume|Sludge Bomb|p1a: Arceus\n|-damage|p1a: Arceus|224/288\n|\n|-heal|p2a: Vileplume|100/100 brn|[from] item: Leftovers\n|-damage|p2a: Vileplume|94/100 brn|[from] brn\n|upkeep\n|turn|19\n|inactive|Time left: 300 sec this turn | 300 sec total\n|\n|t:|1783546817\n|move|p1a: Arceus|Calm Mind|p1a: Arceus\n|-boost|p1a: Arceus|spa|1\n|-boost|p1a: Arceus|spd|1\n|move|p2a: Vileplume|Giga Drain|p1a: Arceus\n|-supereffective|p1a: Arceus\n|-damage|p1a: Arceus|140/288\n|-heal|p2a: Vileplume|100/100 brn|[from] drain|[of] p1a: Arceus\n|\n|-damage|p2a: Vileplume|94/100 brn|[from] brn\n|upkeep\n|turn|20\n|inactive|Time left: 300 sec this turn | 300 sec total\n|\n|t:|1783546818\n|move|p1a: Arceus|Recover|p1a: Arceus\n|-heal|p1a: Arceus|284/288\n|move|p2a: Vileplume|Strength Sap|p1a: Arceus\n|-unboost|p1a: Arceus|atk|1\n|-heal|p2a: Vileplume|100/100 brn\n|\n|-damage|p2a: Vileplume|94/100 brn|[from] brn\n|upkeep\n|turn|21\n|inactive|Time left: 300 sec this turn | 300 sec total\n|\n|t:|1783546819\n|move|p1a: Arceus|Calm Mind|p1a: Arceus\n|-boost|p1a: Arceus|spa|1\n|-boost|p1a: Arceus|spd|1\n|move|p2a: Vileplume|Strength Sap|p1a: Arceus\n|-unboost|p1a: Arceus|atk|1\n|-heal|p2a: Vileplume|100/100 brn\n|\n|-damage|p2a: Vileplume|94/100 brn|[from] brn\n|upkeep\n|turn|22\n|inactive|Time left: 300 sec this turn | 300 sec total\n|\n|t:|1783546820\n|move|p1a: Arceus|Judgment|p2a: Vileplume\n|-resisted|p2a: Vileplume\n|-damage|p2a: Vileplume|45/100 brn\n|move|p2a: Vileplume|Giga Drain|p1a: Arceus\n|-supereffective|p1a: Arceus\n|-damage|p1a: Arceus|206/288\n|-heal|p2a: Vileplume|60/100 brn|[from] drain|[of] p1a: Arceus\n|\n|-heal|p2a: Vileplume|66/100 brn|[from] item: Leftovers\n|-damage|p2a: Vileplume|60/100 brn|[from] brn\n|upkeep\n|turn|23\n|inactive|Time left: 300 sec this turn | 300 sec total\n|\n|t:|1783546821\n|move|p1a: Arceus|Judgment|p2a: Vileplume\n|-resisted|p2a: Vileplume\n|-damage|p2a: Vileplume|13/100 brn\n|move|p2a: Vileplume|Giga Drain|p1a: Arceus\n|-supereffective|p1a: Arceus\n|-damage|p1a: Arceus|134/288\n|-heal|p2a: Vileplume|26/100 brn|[from] drain|[of] p1a: Arceus\n|\n|-heal|p2a: Vileplume|32/100 brn|[from] item: Leftovers\n|-damage|p2a: Vileplume|26/100 brn|[from] brn\n|upkeep\n|turn|24\n|inactive|Time left: 300 sec this turn | 300 sec total\n|\n|t:|1783546822\n|move|p1a: Arceus|Judgment|p2a: Vileplume\n|-resisted|p2a: Vileplume\n|-damage|p2a: Vileplume|0 fnt\n|faint|p2a: Vileplume\n|\n|upkeep\n|\n|t:|1783546823\n|switch|p2a: Rhydon|Rhydon, L85, F|80/100\n|turn|25\n|inactive|Time left: 300 sec this turn | 300 sec total\n|\n|t:|1783546824\n|-terastallize|p2a: Rhydon|Grass\n|move|p1a: Arceus|Judgment|p2a: Rhydon\n|-resisted|p2a: Rhydon\n|-damage|p2a: Rhydon|32/100\n|move|p2a: Rhydon|Earthquake|p1a: Arceus\n|-damage|p1a: Arceus|0 fnt\n|faint|p1a: Arceus\n|\n|upkeep\n|inactive|Time left: 300 sec this turn | 300 sec total | 5 sec grace\n|\n|t:|1783546825\n|switch|p1a: Scovillain|Scovillain, L91, M|266/266\n|turn|26\n|inactive|Time left: 300 sec this turn | 300 sec total\n|\n|t:|1783546826\n|move|p1a: Scovillain|Flamethrower|p2a: Rhydon\n|-supereffective|p2a: Rhydon\n|-damage|p2a: Rhydon|0 fnt\n|faint|p2a: Rhydon\n|\n|upkeep\n|\n|t:|1783546827\n|switch|p2a: Groudon|Groudon, L72|100/100\n|-weather|SunnyDay|[from] ability: Drought|[of] p2a: Groudon\n|turn|27\n|inactive|Time left: 300 sec this turn | 300 sec total\n|\n|t:|1783546828\n|move|p1a: Scovillain|Flamethrower|p2a: Groudon\n|-damage|p2a: Groudon|22/100\n|move|p2a: Groudon|Heat Crash|p1a: Scovillain\n|-damage|p1a: Scovillain|109/266\n|\n|-weather|SunnyDay|[upkeep]\n|-heal|p1a: Scovillain|125/266|[from] item: Leftovers\n|-heal|p2a: Groudon|28/100|[from] item: Leftovers\n|upkeep\n|turn|28\n|inactive|Time left: 300 sec this turn | 300 sec total\n|\n|t:|1783546830\n|move|p1a: Scovillain|Flamethrower|p2a: Groudon\n|-damage|p2a: Groudon|0 fnt\n|faint|p2a: Groudon\n|\n|-weather|SunnyDay|[upkeep]\n|-heal|p1a: Scovillain|141/266|[from] item: Leftovers\n|upkeep\n|\n|t:|1783546831\n|switch|p2a: Ditto|Ditto, L87|100/100\n|-transform|p2a: Ditto|p1a: Scovillain|[from] ability: Imposter\n|turn|29\n|inactive|Time left: 300 sec this turn | 300 sec total\n|\n|t:|1783546832\n|move|p2a: Ditto|Substitute|p2a: Ditto\n|-start|p2a: Ditto|Substitute\n|-damage|p2a: Ditto|76/100\n|move|p1a: Scovillain|Flamethrower|p2a: Ditto\n|-end|p2a: Ditto|Substitute\n|\n|-weather|SunnyDay|[upkeep]\n|-heal|p1a: Scovillain|157/266|[from] item: Leftovers\n|upkeep\n|turn|30\n|inactive|Time left: 300 sec this turn | 300 sec total\n|\n|t:|1783546833\n|move|p2a: Ditto|Substitute|p2a: Ditto\n|-start|p2a: Ditto|Substitute\n|-damage|p2a: Ditto|51/100\n|move|p1a: Scovillain|Flamethrower|p2a: Ditto\n|-end|p2a: Ditto|Substitute\n|\n|-weather|SunnyDay|[upkeep]\n|-heal|p1a: Scovillain|173/266|[from] item: Leftovers\n|upkeep\n|turn|31\n|inactive|Time left: 300 sec this turn | 300 sec total\n|\n|t:|1783546834\n|move|p2a: Ditto|Substitute|p2a: Ditto\n|-start|p2a: Ditto|Substitute\n|-damage|p2a: Ditto|26/100\n|move|p1a: Scovillain|Flamethrower|p2a: Ditto\n|-end|p2a: Ditto|Substitute\n|\n|-weather|none\n|-heal|p1a: Scovillain|189/266|[from] item: Leftovers\n|upkeep\n|turn|32\n|inactive|Time left: 300 sec this turn | 300 sec total\n|\n|t:|1783546835\n|move|p2a: Ditto|Substitute|p2a: Ditto\n|-start|p2a: Ditto|Substitute\n|-damage|p2a: Ditto|1/100\n|move|p1a: Scovillain|Flamethrower|p2a: Ditto\n|-end|p2a: Ditto|Substitute\n|\n|-heal|p1a: Scovillain|205/266|[from] item: Leftovers\n|upkeep\n|turn|33\n|inactive|Time left: 300 sec this turn | 300 sec total\n|\n|t:|1783546836\n|switch|p2a: Kingambit|Kingambit, L74, F|100/100\n|-activate|p2a: Kingambit|ability: Supreme Overlord\n|-start|p2a: Kingambit|fallen4|[silent]\n|move|p1a: Scovillain|Flamethrower|p2a: Kingambit\n|-supereffective|p2a: Kingambit\n|-damage|p2a: Kingambit|5/100\n|\n|-heal|p1a: Scovillain|221/266|[from] item: Leftovers\n|-heal|p2a: Kingambit|11/100|[from] item: Leftovers\n|upkeep\n|turn|34\n|inactive|Time left: 300 sec this turn | 300 sec total\n|\n|t:|1783546837\n|move|p2a: Kingambit|Sucker Punch|p1a: Scovillain\n|-damage|p1a: Scovillain|95/266\n|move|p1a: Scovillain|Flamethrower|p2a: Kingambit\n|-supereffective|p2a: Kingambit\n|-damage|p2a: Kingambit|0 fnt\n|faint|p2a: Kingambit\n|-end|p2a: Kingambit|fallen4|[silent]\n|\n|-heal|p1a: Scovillain|111/266|[from] item: Leftovers\n|upkeep\n|\n|t:|1783546838\n|switch|p2a: Ditto|Ditto, L87|1/100\n|-transform|p2a: Ditto|p1a: Scovillain|[from] ability: Imposter\n|turn|35\n|inactive|Time left: 300 sec this turn | 300 sec total\n|\n|t:|1783546839\n|move|p2a: Ditto|Protect|p2a: Ditto\n|-singleturn|p2a: Ditto|Protect\n|move|p1a: Scovillain|Flamethrower|p2a: Ditto\n|-activate|p2a: Ditto|move: Protect\n|\n|-heal|p1a: Scovillain|127/266|[from] item: Leftovers\n|upkeep\n|turn|36\n|inactive|Time left: 300 sec this turn | 300 sec total\n|\n|t:|1783546840\n|move|p2a: Ditto|Protect||[still]\n|-fail|p2a: Ditto\n|move|p1a: Scovillain|Flamethrower|p2a: Ditto\n|-damage|p2a: Ditto|0 fnt\n|faint|p2a: Ditto\n|\n|win|p0x601f087", "uploadtime": 1783546840, "views": 0, "rating": 0, "private": 0, "password": null, "_winner": "p0x601f087", "_our_name": "p0x601f087"}