{"id": "battle-gen9randombattle-2849", "formatid": "gen9randombattle", "format": "[Gen 9] Random Battle", "players": ["p0x2849960e", "p0y2849c79c"], "log": "|init|battle\n|title|p0x2849960e vs. p0y2849c79c\n|j|\u2606p0x2849960e\n|j|\u2606p0y2849c79c\n|t:|1783572809\n|gametype|singles\n|player|p1|p0x2849960e|2|\n|player|p2|p0y2849c79c|2|\n|gen|9\n|tier|[Gen 9] Random Battle\n|rule|Species Clause: Limit one of each Pok\u00e9mon\n|rule|HP Percentage Mod: HP is shown in percentages\n|rule|Sleep Clause Mod: Limit one foe put to sleep\n|rule|Illusion Level Mod: Illusion disguises the Pok\u00e9mon's true level\n|\n|t:|1783572809\n|teamsize|p1|6\n|teamsize|p2|6\n|start\n|switch|p1a: Raging Bolt|Raging Bolt, L78|100/100\n|switch|p2a: Pecharunt|Pecharunt, L77|262/262\n|turn|1\n|inactive|Battle timer is ON: inactive players will automatically lose when time's up. (requested by p0x2849960e)\n|inactive|Time left: 300 sec this turn | 300 sec total | 60 sec grace\n|inactive|p0y2849c79c also wants the timer to be on.\n|\n|t:|1783572811\n|move|p2a: Pecharunt|Malignant Chain|p1a: Raging Bolt\n|-damage|p1a: Raging Bolt|74/100\n|move|p1a: Raging Bolt|Thunderbolt|p2a: Pecharunt\n|-damage|p2a: Pecharunt|142/262\n|\n|-heal|p2a: Pecharunt|158/262|[from] item: Leftovers\n|-heal|p1a: Raging Bolt|81/100|[from] item: Leftovers\n|upkeep\n|turn|2\n|inactive|Time left: 300 sec this turn | 300 sec total\n|\n|t:|1783572812\n|move|p2a: Pecharunt|Recover|p2a: Pecharunt\n|-heal|p2a: Pecharunt|262/262\n|move|p1a: Raging Bolt|Calm Mind|p1a: Raging Bolt\n|-boost|p1a: Raging Bolt|spa|1\n|-boost|p1a: Raging Bolt|spd|1\n|\n|-heal|p1a: Raging Bolt|87/100|[from] item: Leftovers\n|upkeep\n|turn|3\n|inactive|Time left: 300 sec this turn | 300 sec total\n|\n|t:|1783572813\n|move|p2a: Pecharunt|Malignant Chain|p1a: Raging Bolt\n|-crit|p1a: Raging Bolt\n|-damage|p1a: Raging Bolt|45/100\n|-status|p1a: Raging Bolt|tox\n|-start|p1a: Raging Bolt|confusion|[from] ability: Poison Puppeteer|[of] p2a: Pecharunt\n|-activate|p1a: Raging Bolt|confusion\n|move|p1a: Raging Bolt|Thunderbolt|p2a: Pecharunt\n|-damage|p2a: Pecharunt|79/262\n|\n|-heal|p2a: Pecharunt|95/262|[from] item: Leftovers\n|-heal|p1a: Raging Bolt|51/100 tox|[from] item: Leftovers\n|-damage|p1a: Raging Bolt|45/100 tox|[from] psn\n|upkeep\n|turn|4\n|inactive|Time left: 300 sec this turn | 300 sec total\n|\n|t:|1783572814\n|move|p2a: Pecharunt|Recover|p2a: Pecharunt\n|-heal|p2a: Pecharunt|226/262\n|-activate|p1a: Raging Bolt|confusion\n|move|p1a: Raging Bolt|Draco Meteor|p2a: Pecharunt\n|-crit|p2a: Pecharunt\n|-damage|p2a: Pecharunt|0 fnt\n|-unboost|p1a: Raging Bolt|spa|2\n|faint|p2a: Pecharunt\n|\n|-heal|p1a: Raging Bolt|51/100 tox|[from] item: Leftovers\n|-damage|p1a: Raging Bolt|39/100 tox|[from] psn\n|upkeep\n|inactive|Time left: 300 sec this turn | 300 sec total | 5 sec grace\n|\n|t:|1783572815\n|switch|p2a: Virizion|Virizion, L82|283/283\n|turn|5\n|inactive|Time left: 300 sec this turn | 300 sec total\n|\n|t:|1783572816\n|-end|p1a: Raging Bolt|Protosynthesis|[silent]\n|switch|p1a: Exeggutor|Exeggutor-Alola, L89, M|100/100\n|move|p2a: Virizion|Swords Dance|p2a: Virizion\n|-boost|p2a: Virizion|atk|2\n|\n|upkeep\n|turn|6\n|inactive|Time left: 300 sec this turn | 300 sec total\n|\n|t:|1783572817\n|move|p2a: Virizion|Stone Edge|p1a: Exeggutor\n|-damage|p1a: Exeggutor|50/100\n|-enditem|p1a: Exeggutor|Sitrus Berry|[eat]\n|-heal|p1a: Exeggutor|75/100|[from] item: Sitrus Berry\n|-damage|p2a: Virizion|255/283|[from] item: Life Orb\n|move|p1a: Exeggutor|Dragon Tail|p2a: Virizion\n|-damage|p2a: Virizion|164/283\n|drag|p2a: Spiritomb|Spiritomb, L89, F|234/234\n|\n|upkeep\n|turn|7\n|inactive|Time left: 300 sec this turn | 300 sec total\n|\n|t:|1783572818\n|move|p1a: Exeggutor|Wood Hammer|p2a: Spiritomb\n|-damage|p2a: Spiritomb|114/234\n|-damage|p1a: Exeggutor|62/100|[from] Recoil\n|move|p2a: Spiritomb|Foul Play|p1a: Exeggutor\n|-damage|p1a: Exeggutor|27/100\n|\n|-heal|p2a: Spiritomb|128/234|[from] item: Leftovers\n|-item|p1a: Exeggutor|Sitrus Berry|[from] ability: Harvest\n|upkeep\n|-enditem|p1a: Exeggutor|Sitrus Berry|[eat]\n|-heal|p1a: Exeggutor|52/100|[from] item: Sitrus Berry\n|turn|8\n|inactive|Time left: 300 sec this turn | 300 sec total\n|\n|t:|1783572819\n|move|p1a: Exeggutor|Draco Meteor|p2a: Spiritomb\n|-damage|p2a: Spiritomb|0 fnt\n|-unboost|p1a: Exeggutor|spa|2\n|faint|p2a: Spiritomb\n|\n|upkeep\n|inactive|Time left: 300 sec this turn | 300 sec total | 5 sec grace\n|\n|t:|1783572820\n|switch|p2a: Greninja|Greninja, L80, M|246/246\n|turn|9\n|inactive|Time left: 300 sec this turn | 300 sec total\n|\n|t:|1783572821\n|switch|p1a: Incineroar|Incineroar, L82, F|100/100\n|-ability|p1a: Incineroar|Intimidate|boost\n|-unboost|p2a: Greninja|atk|1\n|move|p2a: Greninja|U-turn|p1a: Incineroar\n|-start|p2a: Greninja|typechange|Bug|[from] ability: Protean\n|-damage|p1a: Incineroar|78/100\n|-damage|p2a: Greninja|222/246|[from] item: Life Orb\n|inactive|Time left: 300 sec this turn | 300 sec total | 5 sec grace\n|\n|t:|1783572822\n|switch|p2a: Virizion|Virizion, L82|164/283|[from] U-turn\n|\n|upkeep\n|turn|10\n|inactive|Time left: 300 sec this turn | 300 sec total\n|\n|t:|1783572823\n|switch|p1a: Dondozo|Dondozo, L78, M|100/100\n|move|p2a: Virizion|Close Combat|p1a: Dondozo\n|-damage|p1a: Dondozo|65/100\n|-unboost|p2a: Virizion|def|1\n|-unboost|p2a: Virizion|spd|1\n|-damage|p2a: Virizion|136/283|[from] item: Life Orb\n|\n|-heal|p1a: Dondozo|71/100|[from] item: Leftovers\n|upkeep\n|turn|11\n|inactive|Time left: 300 sec this turn | 300 sec total\n|\n|t:|1783572824\n|move|p2a: Virizion|Swords Dance|p2a: Virizion\n|-boost|p2a: Virizion|atk|2\n|move|p1a: Dondozo|Curse|p1a: Dondozo\n|-unboost|p1a: Dondozo|spe|1\n|-boost|p1a: Dondozo|atk|1\n|-boost|p1a: Dondozo|def|1\n|\n|-heal|p1a: Dondozo|77/100|[from] item: Leftovers\n|upkeep\n|turn|12\n|inactive|Time left: 300 sec this turn | 300 sec total\n|\n|t:|1783572825\n|move|p2a: Virizion|Leaf Blade|p1a: Dondozo\n|-supereffective|p1a: Dondozo\n|-damage|p1a: Dondozo|38/100\n|-damage|p2a: Virizion|108/283|[from] item: Life Orb\n|move|p1a: Dondozo|Wave Crash|p2a: Virizion\n|-resisted|p2a: Virizion\n|-damage|p2a: Virizion|12/283\n|-damage|p1a: Dondozo|29/100|[from] Recoil\n|\n|-heal|p1a: Dondozo|35/100|[from] item: Leftovers\n|upkeep\n|turn|13\n|inactive|Time left: 300 sec this turn | 300 sec total\n|\n|t:|1783572826\n|move|p2a: Virizion|Leaf Blade|p1a: Dondozo\n|-supereffective|p1a: Dondozo\n|-damage|p1a: Dondozo|0 fnt\n|faint|p1a: Dondozo\n|-damage|p2a: Virizion|0 fnt|[from] item: Life Orb\n|faint|p2a: Virizion\n|\n|upkeep\n|inactive|Time left: 300 sec this turn | 300 sec total | 5 sec grace\n|\n|t:|1783572827\n|switch|p2a: Greninja|Greninja, L80, M|222/246\n|switch|p1a: Raging Bolt|Raging Bolt, L78|39/100 tox\n|turn|14\n|inactive|Time left: 300 sec this turn | 300 sec total\n|\n|t:|1783572828\n|move|p1a: Raging Bolt|Thunderclap|p2a: Greninja\n|-supereffective|p2a: Greninja\n|-damage|p2a: Greninja|22/246\n|move|p2a: Greninja|Gunk Shot|p1a: Raging Bolt\n|-start|p2a: Greninja|typechange|Poison|[from] ability: Protean\n|-damage|p1a: Raging Bolt|0 fnt\n|faint|p1a: Raging Bolt\n|-end|p1a: Raging Bolt|Protosynthesis|[silent]\n|-damage|p2a: Greninja|0 fnt|[from] item: Life Orb\n|faint|p2a: Greninja\n|\n|upkeep\n|inactive|Time left: 300 sec this turn | 300 sec total | 5 sec grace\n|\n|t:|1783572829\n|switch|p2a: Salazzle|Salazzle, L83, F|249/249\n|switch|p1a: Exeggutor|Exeggutor-Alola, L89, M|52/100\n|turn|15\n|inactive|Time left: 300 sec this turn | 300 sec total\n|\n|t:|1783572830\n|-terastallize|p1a: Exeggutor|Fire\n|move|p2a: Salazzle|Substitute|p2a: Salazzle\n|-start|p2a: Salazzle|Substitute\n|-damage|p2a: Salazzle|187/249\n|move|p1a: Exeggutor|Draco Meteor|p2a: Salazzle\n|-end|p2a: Salazzle|Substitute\n|-unboost|p1a: Exeggutor|spa|2\n|\n|-heal|p2a: Salazzle|202/249|[from] item: Leftovers\n|upkeep\n|turn|16\n|inactive|Time left: 300 sec this turn | 300 sec total\n|\n|t:|1783572831\n|switch|p1a: Incineroar|Incineroar, L82, F|78/100\n|-ability|p1a: Incineroar|Intimidate|boost\n|-unboost|p2a: Salazzle|atk|1\n|move|p2a: Salazzle|Toxic|p1a: Incineroar\n|-status|p1a: Incineroar|tox\n|\n|-heal|p2a: Salazzle|217/249|[from] item: Leftovers\n|-damage|p1a: Incineroar|72/100 tox|[from] psn\n|upkeep\n|turn|17\n|inactive|Time left: 300 sec this turn | 300 sec total\n|\n|t:|1783572832\n|move|p2a: Salazzle|Substitute|p2a: Salazzle\n|-start|p2a: Salazzle|Substitute\n|-damage|p2a: Salazzle|155/249\n|move|p1a: Incineroar|Knock Off|p2a: Salazzle\n|-end|p2a: Salazzle|Substitute\n|\n|-heal|p2a: Salazzle|170/249|[from] item: Leftovers\n|-damage|p1a: Incineroar|60/100 tox|[from] psn\n|upkeep\n|turn|18\n|inactive|Time left: 300 sec this turn | 300 sec total\n|\n|t:|1783572833\n|move|p2a: Salazzle|Substitute|p2a: Salazzle\n|-start|p2a: Salazzle|Substitute\n|-damage|p2a: Salazzle|108/249\n|move|p1a: Incineroar|Knock Off|p2a: Salazzle\n|-end|p2a: Salazzle|Substitute\n|\n|-heal|p2a: Salazzle|123/249|[from] item: Leftovers\n|-damage|p1a: Incineroar|41/100 tox|[from] psn\n|upkeep\n|turn|19\n|inactive|Time left: 300 sec this turn | 300 sec total\n|\n|t:|1783572834\n|move|p2a: Salazzle|Substitute|p2a: Salazzle\n|-start|p2a: Salazzle|Substitute\n|-damage|p2a: Salazzle|61/249\n|move|p1a: Incineroar|Parting Shot|p2a: Salazzle\n|-unboost|p2a: Salazzle|atk|1\n|-unboost|p2a: Salazzle|spa|1\n|\n|t:|1783572835\n|switch|p1a: Espeon|Espeon, L84, M|100/100|[from] Parting Shot\n|\n|-heal|p2a: Salazzle|76/249|[from] item: Leftovers\n|upkeep\n|turn|20\n|inactive|Time left: 300 sec this turn | 300 sec total\n|\n|t:|1783572836\n|move|p2a: Salazzle|Flamethrower|p1a: Espeon\n|-damage|p1a: Espeon|76/100\n|move|p1a: Espeon|Psychic|p2a: Salazzle\n|-supereffective|p2a: Salazzle\n|-end|p2a: Salazzle|Substitute\n|-damage|p1a: Espeon|66/100|[from] item: Life Orb\n|\n|-heal|p2a: Salazzle|91/249|[from] item: Leftovers\n|upkeep\n|turn|21\n|inactive|Time left: 300 sec this turn | 300 sec total\n|\n|t:|1783572836\n|move|p2a: Salazzle|Flamethrower|p1a: Espeon\n|-damage|p1a: Espeon|37/100\n|move|p1a: Espeon|Morning Sun|p1a: Espeon\n|-heal|p1a: Espeon|87/100\n|\n|-heal|p2a: Salazzle|106/249|[from] item: Leftovers\n|upkeep\n|turn|22\n|inactive|Time left: 300 sec this turn | 300 sec total\n|\n|t:|1783572837\n|move|p2a: Salazzle|Flamethrower|p1a: Espeon\n|-damage|p1a: Espeon|61/100\n|move|p1a: Espeon|Psychic|p2a: Salazzle\n|-supereffective|p2a: Salazzle\n|-damage|p2a: Salazzle|0 fnt\n|faint|p2a: Salazzle\n|-damage|p1a: Espeon|51/100|[from] item: Life Orb\n|\n|upkeep\n|inactive|Time left: 300 sec this turn | 300 sec total | 5 sec grace\n|\n|t:|1783572838\n|switch|p2a: Maushold|Maushold, L76|238/238\n|turn|23\n|inactive|Time left: 300 sec this turn | 300 sec total\n|\n|t:|1783572839\n|move|p1a: Espeon|Psychic|p2a: Maushold\n|-damage|p2a: Maushold|47/238\n|-damage|p1a: Espeon|41/100|[from] item: Life Orb\n|move|p2a: Maushold|Tidy Up|p2a: Maushold\n|-boost|p2a: Maushold|atk|1\n|-boost|p2a: Maushold|spe|1\n|\n|upkeep\n|turn|24\n|inactive|Time left: 300 sec this turn | 300 sec total\n|\n|t:|1783572840\n|move|p2a: Maushold|Bite|p1a: Espeon\n|-supereffective|p1a: Espeon\n|-damage|p1a: Espeon|0 fnt\n|faint|p1a: Espeon\n|\n|upkeep\n|\n|t:|1783572840\n|switch|p1a: Incineroar|Incineroar, L82, F|41/100 tox\n|-ability|p1a: Incineroar|Intimidate|boost\n|-unboost|p2a: Maushold|atk|1\n|turn|25\n|inactive|Time left: 300 sec this turn | 300 sec total\n|\n|t:|1783572841\n|-terastallize|p2a: Maushold|Normal\n|move|p2a: Maushold|Population Bomb|p1a: Incineroar\n|-damage|p1a: Incineroar|30/100 tox\n|-damage|p1a: Incineroar|20/100 tox\n|-damage|p1a: Incineroar|8/100 tox\n|-crit|p1a: Incineroar\n|-damage|p1a: Incineroar|0 fnt\n|faint|p1a: Incineroar\n|-hitcount|p1: Incineroar|4\n|\n|upkeep\n|\n|t:|1783572842\n|switch|p1a: Lumineon|Lumineon, L93, F|100/100\n|turn|26\n|inactive|Time left: 300 sec this turn | 300 sec total\n|\n|t:|1783572843\n|move|p2a: Maushold|Population Bomb|p1a: Lumineon\n|-damage|p1a: Lumineon|90/100\n|-damage|p1a: Lumineon|79/100\n|-damage|p1a: Lumineon|68/100\n|-damage|p1a: Lumineon|58/100\n|-damage|p1a: Lumineon|47/100\n|-damage|p1a: Lumineon|35/100\n|-damage|p1a: Lumineon|25/100\n|-damage|p1a: Lumineon|14/100\n|-damage|p1a: Lumineon|4/100\n|-crit|p1a: Lumineon\n|-damage|p1a: Lumineon|0 fnt\n|faint|p1a: Lumineon\n|-hitcount|p1: Lumineon|10\n|\n|upkeep\n|\n|t:|1783572843\n|switch|p1a: Exeggutor|Exeggutor-Alola, L89, M, tera:Fire|52/100\n|turn|27\n|inactive|Time left: 300 sec this turn | 300 sec total\n|\n|t:|1783572844\n|move|p2a: Maushold|Population Bomb|p1a: Exeggutor\n|-damage|p1a: Exeggutor|41/100\n|-damage|p1a: Exeggutor|32/100\n|-damage|p1a: Exeggutor|22/100\n|-damage|p1a: Exeggutor|13/100\n|-damage|p1a: Exeggutor|2/100\n|-hitcount|p1a: Exeggutor|5\n|move|p1a: Exeggutor|Wood Hammer|p2a: Maushold\n|-crit|p2a: Maushold\n|-damage|p2a: Maushold|0 fnt\n|faint|p2a: Maushold\n|-damage|p1a: Exeggutor|0 fnt|[from] Recoil\n|faint|p1a: Exeggutor\n|\n|win|p0x2849960e", "uploadtime": 1783572844, "views": 0, "rating": 0, "private": 0, "password": null, "_winner": "p0x2849960e", "_our_name": "p0y2849c79c"}