{"id": "battle-gen9randombattle-404", "formatid": "gen9randombattle", "format": "[Gen 9] Random Battle", "players": ["p0x40438bb", "p0y4047167"], "log": "|init|battle\n|title|p0x40438bb vs. p0y4047167\n|j|\u2606p0x40438bb\n|j|\u2606p0y4047167\n|t:|1783544384\n|gametype|singles\n|player|p1|p0x40438bb|1|\n|player|p2|p0y4047167|101|\n|gen|9\n|tier|[Gen 9] Random Battle\n|rule|Species Clause: Limit one of each Pok\u00e9mon\n|rule|HP Percentage Mod: HP is shown in percentages\n|rule|Sleep Clause Mod: Limit one foe put to sleep\n|rule|Illusion Level Mod: Illusion disguises the Pok\u00e9mon's true level\n|\n|t:|1783544384\n|teamsize|p1|6\n|teamsize|p2|6\n|start\n|switch|p1a: Sinistcha|Sinistcha-Masterpiece, L83|254/254\n|switch|p2a: Moltres|Moltres-Galar, L79|100/100\n|turn|1\n|inactive|Battle timer is ON: inactive players will automatically lose when time's up. (requested by p0x40438bb)\n|inactive|p0y4047167 also wants the timer to be on.\n|\n|t:|1783544385\n|move|p2a: Moltres|Fiery Wrath|p1a: Sinistcha\n|-supereffective|p1a: Sinistcha\n|-damage|p1a: Sinistcha|62/254\n|move|p1a: Sinistcha|Calm Mind|p1a: Sinistcha\n|-boost|p1a: Sinistcha|spa|1\n|-boost|p1a: Sinistcha|spd|1\n|\n|-heal|p1a: Sinistcha|77/254|[from] item: Leftovers\n|upkeep\n|turn|2\n|inactive|Time left: 300 sec this turn | 300 sec total\n|\n|t:|1783544386\n|-terastallize|p1a: Sinistcha|Steel\n|move|p2a: Moltres|Fiery Wrath|p1a: Sinistcha\n|-damage|p1a: Sinistcha|14/254\n|move|p1a: Sinistcha|Strength Sap|p2a: Moltres\n|-unboost|p2a: Moltres|atk|1\n|-heal|p1a: Sinistcha|153/254\n|\n|-heal|p1a: Sinistcha|168/254|[from] item: Leftovers\n|upkeep\n|turn|3\n|inactive|Time left: 300 sec this turn | 300 sec total\n|\n|t:|1783544387\n|move|p2a: Moltres|Nasty Plot|p2a: Moltres\n|-boost|p2a: Moltres|spa|2\n|move|p1a: Sinistcha|Strength Sap|p2a: Moltres\n|-unboost|p2a: Moltres|atk|1\n|-heal|p1a: Sinistcha|254/254\n|\n|upkeep\n|turn|4\n|inactive|Time left: 300 sec this turn | 300 sec total\n|\n|t:|1783544388\n|move|p2a: Moltres|Fiery Wrath|p1a: Sinistcha\n|-damage|p1a: Sinistcha|128/254\n|move|p1a: Sinistcha|Calm Mind|p1a: Sinistcha\n|-boost|p1a: Sinistcha|spa|1\n|-boost|p1a: Sinistcha|spd|1\n|\n|-heal|p1a: Sinistcha|143/254|[from] item: Leftovers\n|upkeep\n|turn|5\n|inactive|Time left: 300 sec this turn | 300 sec total\n|\n|t:|1783544389\n|move|p2a: Moltres|Fiery Wrath|p1a: Sinistcha\n|-damage|p1a: Sinistcha|40/254\n|cant|p1a: Sinistcha|flinch\n|\n|-heal|p1a: Sinistcha|55/254|[from] item: Leftovers\n|upkeep\n|turn|6\n|inactive|Time left: 300 sec this turn | 300 sec total\n|\n|t:|1783544390\n|move|p2a: Moltres|Fiery Wrath|p1a: Sinistcha\n|-damage|p1a: Sinistcha|0 fnt\n|faint|p1a: Sinistcha\n|\n|upkeep\n|inactive|Time left: 300 sec this turn | 300 sec total | 5 sec grace\n|\n|t:|1783544391\n|switch|p1a: Sudowoodo|Sudowoodo, L94, F|284/284\n|turn|7\n|inactive|Time left: 300 sec this turn | 300 sec total\n|\n|t:|1783544392\n|move|p2a: Moltres|Fiery Wrath|p1a: Sudowoodo\n|-damage|p1a: Sudowoodo|94/284\n|move|p1a: Sudowoodo|Head Smash|p2a: Moltres\n|-supereffective|p2a: Moltres\n|-crit|p2a: Moltres\n|-damage|p2a: Moltres|0 fnt\n|faint|p2a: Moltres\n|\n|-heal|p1a: Sudowoodo|111/284|[from] item: Leftovers\n|upkeep\n|\n|t:|1783544393\n|switch|p2a: Gastrodon|Gastrodon, L86, F|100/100\n|turn|8\n|inactive|Time left: 300 sec this turn | 300 sec total\n|\n|t:|1783544395\n|switch|p1a: Orthworm|Orthworm, L88, M|266/266\n|move|p2a: Gastrodon|Earthquake|p1a: Orthworm\n|-immune|p1a: Orthworm|[from] ability: Earth Eater\n|\n|upkeep\n|turn|9\n|inactive|Time left: 300 sec this turn | 300 sec total\n|\n|t:|1783544396\n|move|p1a: Orthworm|Coil|p1a: Orthworm\n|-boost|p1a: Orthworm|atk|1\n|-boost|p1a: Orthworm|def|1\n|-boost|p1a: Orthworm|accuracy|1\n|move|p2a: Gastrodon|Surf|p1a: Orthworm\n|-damage|p1a: Orthworm|146/266\n|\n|upkeep\n|turn|10\n|inactive|Time left: 300 sec this turn | 300 sec total\n|\n|t:|1783544397\n|move|p1a: Orthworm|Body Press|p2a: Gastrodon\n|-damage|p2a: Gastrodon|57/100\n|move|p2a: Gastrodon|Surf|p1a: Orthworm\n|-damage|p1a: Orthworm|14/266\n|\n|-heal|p2a: Gastrodon|63/100|[from] item: Leftovers\n|upkeep\n|turn|11\n|inactive|Time left: 300 sec this turn | 300 sec total\n|\n|t:|1783544398\n|switch|p2a: Pincurchin|Pincurchin, M|100/100\n|-fieldstart|move: Electric Terrain|[from] ability: Electric Surge|[of] p2a: Pincurchin\n|move|p1a: Orthworm|Rest||[still]\n|-activate|p1a: Orthworm|move: Electric Terrain\n|-fail|p1a: Orthworm\n|\n|upkeep\n|turn|12\n|inactive|Time left: 300 sec this turn | 300 sec total\n|\n|t:|1783544400\n|move|p1a: Orthworm|Body Press|p2a: Pincurchin\n|-damage|p2a: Pincurchin|64/100\n|move|p2a: Pincurchin|Zing Zap|p1a: Orthworm\n|-damage|p1a: Orthworm|0 fnt\n|faint|p1a: Orthworm\n|\n|-heal|p2a: Pincurchin|70/100|[from] item: Leftovers\n|upkeep\n|inactive|Time left: 300 sec this turn | 300 sec total | 5 sec grace\n|\n|t:|1783544401\n|switch|p1a: Serperior|Serperior, L79, F|248/248\n|turn|13\n|inactive|Time left: 300 sec this turn | 300 sec total\n|\n|t:|1783544402\n|switch|p2a: Gouging Fire|Gouging Fire, L74|100/100\n|move|p1a: Serperior|Leaf Storm|p2a: Gouging Fire\n|-resisted|p2a: Gouging Fire\n|-crit|p2a: Gouging Fire\n|-damage|p2a: Gouging Fire|83/100\n|-boost|p1a: Serperior|spa|2\n|-damage|p1a: Serperior|224/248|[from] item: Life Orb\n|\n|upkeep\n|turn|14\n|inactive|Time left: 300 sec this turn | 300 sec total\n|\n|t:|1783544403\n|move|p1a: Serperior|Glare|p2a: Gouging Fire\n|-status|p2a: Gouging Fire|par\n|move|p2a: Gouging Fire|Heat Crash|p1a: Serperior\n|-supereffective|p1a: Serperior\n|-damage|p1a: Serperior|8/248\n|\n|upkeep\n|turn|15\n|inactive|Time left: 300 sec this turn | 300 sec total\n|\n|t:|1783544404\n|move|p1a: Serperior|Synthesis|p1a: Serperior\n|-heal|p1a: Serperior|132/248\n|move|p2a: Gouging Fire|Heat Crash|p1a: Serperior\n|-supereffective|p1a: Serperior\n|-damage|p1a: Serperior|0 fnt\n|faint|p1a: Serperior\n|\n|-fieldend|move: Electric Terrain\n|upkeep\n|inactive|Time left: 300 sec this turn | 300 sec total | 5 sec grace\n|\n|t:|1783544405\n|switch|p1a: Sudowoodo|Sudowoodo, L94, F|111/284\n|turn|16\n|inactive|Time left: 300 sec this turn | 300 sec total\n|\n|t:|1783544406\n|-end|p2a: Gouging Fire|Protosynthesis|[silent]\n|switch|p2a: Gastrodon|Gastrodon, L86, F|63/100\n|move|p1a: Sudowoodo|Wood Hammer|p2a: Gastrodon\n|-supereffective|p2a: Gastrodon\n|-damage|p2a: Gastrodon|0 fnt\n|faint|p2a: Gastrodon\n|\n|-heal|p1a: Sudowoodo|128/284|[from] item: Leftovers\n|upkeep\n|\n|t:|1783544407\n|switch|p2a: Lumineon|Lumineon, L93, F|100/100\n|turn|17\n|inactive|Time left: 300 sec this turn | 300 sec total\n|\n|t:|1783544408\n|move|p2a: Lumineon|Hydro Pump|p1a: Sudowoodo|[miss]\n|-miss|p2a: Lumineon|p1a: Sudowoodo\n|move|p1a: Sudowoodo|Head Smash|p2a: Lumineon\n|-damage|p2a: Lumineon|26/100\n|\n|-heal|p1a: Sudowoodo|145/284|[from] item: Leftovers\n|upkeep\n|turn|18\n|inactive|Time left: 300 sec this turn | 300 sec total\n|\n|t:|1783544409\n|move|p2a: Lumineon|Hydro Pump|p1a: Sudowoodo\n|-supereffective|p1a: Sudowoodo\n|-damage|p1a: Sudowoodo|0 fnt\n|faint|p1a: Sudowoodo\n|\n|upkeep\n|inactive|Time left: 300 sec this turn | 300 sec total | 5 sec grace\n|\n|t:|1783544410\n|switch|p1a: Greninja|Greninja, L80, M|246/246\n|turn|19\n|inactive|Time left: 300 sec this turn | 300 sec total\n|\n|t:|1783544411\n|switch|p2a: Pincurchin|Pincurchin, M|70/100\n|-fieldstart|move: Electric Terrain|[from] ability: Electric Surge|[of] p2a: Pincurchin\n|move|p1a: Greninja|U-turn|p2a: Pincurchin\n|-start|p1a: Greninja|typechange|Bug|[from] ability: Protean\n|-damage|p2a: Pincurchin|44/100\n|-damage|p1a: Greninja|222/246|[from] item: Life Orb\n|inactive|Time left: 300 sec this turn | 300 sec total | 5 sec grace\n|\n|t:|1783544412\n|switch|p1a: Dachsbun|Dachsbun, L92, F|254/254|[from] U-turn\n|\n|-heal|p2a: Pincurchin|50/100|[from] item: Leftovers\n|upkeep\n|turn|20\n|inactive|Time left: 300 sec this turn | 300 sec total\n|\n|t:|1783544413\n|move|p1a: Dachsbun|Play Rough|p2a: Pincurchin\n|-damage|p2a: Pincurchin|20/100\n|-unboost|p2a: Pincurchin|atk|1\n|move|p2a: Pincurchin|Curse|p2a: Pincurchin\n|-unboost|p2a: Pincurchin|spe|1\n|-boost|p2a: Pincurchin|atk|1\n|-boost|p2a: Pincurchin|def|1\n|\n|-heal|p2a: Pincurchin|26/100|[from] item: Leftovers\n|upkeep\n|turn|21\n|inactive|Time left: 300 sec this turn | 300 sec total\n|\n|t:|1783544413\n|move|p1a: Dachsbun|Play Rough|p2a: Pincurchin|[miss]\n|-miss|p1a: Dachsbun|p2a: Pincurchin\n|move|p2a: Pincurchin|Recover|p2a: Pincurchin\n|-heal|p2a: Pincurchin|76/100\n|\n|-heal|p2a: Pincurchin|82/100|[from] item: Leftovers\n|upkeep\n|turn|22\n|inactive|Time left: 300 sec this turn | 300 sec total\n|\n|t:|1783544414\n|move|p1a: Dachsbun|Wish|p1a: Dachsbun\n|move|p2a: Pincurchin|Zing Zap|p1a: Dachsbun\n|-damage|p1a: Dachsbun|139/254\n|\n|-heal|p1a: Dachsbun|154/254|[from] item: Leftovers\n|-heal|p2a: Pincurchin|88/100|[from] item: Leftovers\n|upkeep\n|turn|23\n|inactive|Time left: 300 sec this turn | 300 sec total\n|\n|t:|1783544415\n|move|p1a: Dachsbun|Play Rough|p2a: Pincurchin\n|-damage|p2a: Pincurchin|68/100\n|move|p2a: Pincurchin|Zing Zap|p1a: Dachsbun\n|-damage|p1a: Dachsbun|42/254\n|\n|-heal|p1a: Dachsbun|169/254|[from] move: Wish|[wisher] Dachsbun\n|-heal|p1a: Dachsbun|184/254|[from] item: Leftovers\n|-heal|p2a: Pincurchin|74/100|[from] item: Leftovers\n|-fieldend|move: Electric Terrain\n|upkeep\n|turn|24\n|inactive|Time left: 300 sec this turn | 300 sec total\n|\n|t:|1783544416\n|move|p1a: Dachsbun|Wish|p1a: Dachsbun\n|move|p2a: Pincurchin|Liquidation|p1a: Dachsbun\n|-damage|p1a: Dachsbun|119/254\n|\n|-heal|p1a: Dachsbun|134/254|[from] item: Leftovers\n|-heal|p2a: Pincurchin|80/100|[from] item: Leftovers\n|upkeep\n|turn|25\n|inactive|Time left: 300 sec this turn | 300 sec total\n|\n|t:|1783544417\n|move|p1a: Dachsbun|Play Rough|p2a: Pincurchin\n|-damage|p2a: Pincurchin|61/100\n|-unboost|p2a: Pincurchin|atk|1\n|move|p2a: Pincurchin|Curse|p2a: Pincurchin\n|-unboost|p2a: Pincurchin|spe|1\n|-boost|p2a: Pincurchin|atk|1\n|-boost|p2a: Pincurchin|def|1\n|\n|-heal|p1a: Dachsbun|254/254|[from] move: Wish|[wisher] Dachsbun\n|-heal|p2a: Pincurchin|67/100|[from] item: Leftovers\n|upkeep\n|turn|26\n|inactive|Time left: 300 sec this turn | 300 sec total\n|\n|t:|1783544418\n|move|p1a: Dachsbun|Play Rough|p2a: Pincurchin\n|-damage|p2a: Pincurchin|52/100\n|move|p2a: Pincurchin|Zing Zap|p1a: Dachsbun\n|-damage|p1a: Dachsbun|164/254\n|\n|-heal|p1a: Dachsbun|179/254|[from] item: Leftovers\n|-heal|p2a: Pincurchin|58/100|[from] item: Leftovers\n|upkeep\n|turn|27\n|inactive|Time left: 300 sec this turn | 300 sec total\n|\n|t:|1783544419\n|move|p1a: Dachsbun|Wish|p1a: Dachsbun\n|move|p2a: Pincurchin|Zing Zap|p1a: Dachsbun\n|-damage|p1a: Dachsbun|82/254\n|\n|-heal|p1a: Dachsbun|97/254|[from] item: Leftovers\n|-heal|p2a: Pincurchin|64/100|[from] item: Leftovers\n|upkeep\n|turn|28\n|inactive|Time left: 300 sec this turn | 300 sec total\n|\n|t:|1783544420\n|move|p1a: Dachsbun|Protect|p1a: Dachsbun\n|-singleturn|p1a: Dachsbun|Protect\n|move|p2a: Pincurchin|Curse|p2a: Pincurchin\n|-unboost|p2a: Pincurchin|spe|1\n|-boost|p2a: Pincurchin|atk|1\n|-boost|p2a: Pincurchin|def|1\n|\n|-heal|p1a: Dachsbun|224/254|[from] move: Wish|[wisher] Dachsbun\n|-heal|p1a: Dachsbun|239/254|[from] item: Leftovers\n|-heal|p2a: Pincurchin|71/100|[from] item: Leftovers\n|upkeep\n|turn|29\n|inactive|Time left: 300 sec this turn | 300 sec total\n|\n|t:|1783544421\n|move|p1a: Dachsbun|Wish|p1a: Dachsbun\n|move|p2a: Pincurchin|Zing Zap|p1a: Dachsbun\n|-damage|p1a: Dachsbun|89/254\n|\n|-heal|p1a: Dachsbun|104/254|[from] item: Leftovers\n|-heal|p2a: Pincurchin|77/100|[from] item: Leftovers\n|upkeep\n|turn|30\n|inactive|Time left: 300 sec this turn | 300 sec total\n|\n|t:|1783544422\n|move|p1a: Dachsbun|Protect|p1a: Dachsbun\n|-singleturn|p1a: Dachsbun|Protect\n|move|p2a: Pincurchin|Zing Zap|p1a: Dachsbun\n|-activate|p1a: Dachsbun|move: Protect\n|\n|-heal|p1a: Dachsbun|231/254|[from] move: Wish|[wisher] Dachsbun\n|-heal|p1a: Dachsbun|246/254|[from] item: Leftovers\n|-heal|p2a: Pincurchin|83/100|[from] item: Leftovers\n|upkeep\n|turn|31\n|inactive|Time left: 300 sec this turn | 300 sec total\n|\n|t:|1783544423\n|move|p1a: Dachsbun|Wish|p1a: Dachsbun\n|move|p2a: Pincurchin|Zing Zap|p1a: Dachsbun\n|-damage|p1a: Dachsbun|111/254\n|\n|-heal|p1a: Dachsbun|126/254|[from] item: Leftovers\n|-heal|p2a: Pincurchin|89/100|[from] item: Leftovers\n|upkeep\n|turn|32\n|inactive|Time left: 300 sec this turn | 300 sec total\n|\n|t:|1783544424\n|move|p1a: Dachsbun|Protect|p1a: Dachsbun\n|-singleturn|p1a: Dachsbun|Protect\n|move|p2a: Pincurchin|Zing Zap|p1a: Dachsbun\n|-activate|p1a: Dachsbun|move: Protect\n|\n|-heal|p1a: Dachsbun|253/254|[from] move: Wish|[wisher] Dachsbun\n|-heal|p1a: Dachsbun|254/254|[from] item: Leftovers\n|-heal|p2a: Pincurchin|95/100|[from] item: Leftovers\n|upkeep\n|turn|33\n|inactive|Time left: 300 sec this turn | 300 sec total\n|\n|t:|1783544424\n|move|p1a: Dachsbun|Wish|p1a: Dachsbun\n|move|p2a: Pincurchin|Zing Zap|p1a: Dachsbun\n|-damage|p1a: Dachsbun|119/254\n|\n|-heal|p1a: Dachsbun|134/254|[from] item: Leftovers\n|-heal|p2a: Pincurchin|100/100|[from] item: Leftovers\n|upkeep\n|turn|34\n|inactive|Time left: 300 sec this turn | 300 sec total\n|\n|t:|1783544426\n|move|p1a: Dachsbun|Protect|p1a: Dachsbun\n|-singleturn|p1a: Dachsbun|Protect\n|move|p2a: Pincurchin|Zing Zap|p1a: Dachsbun\n|-activate|p1a: Dachsbun|move: Protect\n|\n|-heal|p1a: Dachsbun|254/254|[from] move: Wish|[wisher] Dachsbun\n|upkeep\n|turn|35\n|inactive|Time left: 300 sec this turn | 300 sec total\n|\n|t:|1783544427\n|move|p1a: Dachsbun|Wish|p1a: Dachsbun\n|move|p2a: Pincurchin|Zing Zap|p1a: Dachsbun\n|-damage|p1a: Dachsbun|125/254\n|\n|-heal|p1a: Dachsbun|140/254|[from] item: Leftovers\n|upkeep\n|turn|36\n|inactive|Time left: 300 sec this turn | 300 sec total\n|\n|t:|1783544427\n|move|p1a: Dachsbun|Protect|p1a: Dachsbun\n|-singleturn|p1a: Dachsbun|Protect\n|move|p2a: Pincurchin|Zing Zap|p1a: Dachsbun\n|-activate|p1a: Dachsbun|move: Protect\n|\n|-heal|p1a: Dachsbun|254/254|[from] move: Wish|[wisher] Dachsbun\n|upkeep\n|turn|37\n|inactive|Time left: 300 sec this turn | 300 sec total\n|\n|t:|1783544429\n|move|p1a: Dachsbun|Wish|p1a: Dachsbun\n|move|p2a: Pincurchin|Zing Zap|p1a: Dachsbun\n|-damage|p1a: Dachsbun|119/254\n|\n|-heal|p1a: Dachsbun|134/254|[from] item: Leftovers\n|upkeep\n|turn|38\n|inactive|Time left: 300 sec this turn | 300 sec total\n|\n|t:|1783544430\n|move|p1a: Dachsbun|Protect|p1a: Dachsbun\n|-singleturn|p1a: Dachsbun|Protect\n|move|p2a: Pincurchin|Zing Zap|p1a: Dachsbun\n|-activate|p1a: Dachsbun|move: Protect\n|\n|-heal|p1a: Dachsbun|254/254|[from] move: Wish|[wisher] Dachsbun\n|upkeep\n|turn|39\n|inactive|Time left: 300 sec this turn | 300 sec total\n|\n|t:|1783544431\n|move|p1a: Dachsbun|Wish|p1a: Dachsbun\n|move|p2a: Pincurchin|Zing Zap|p1a: Dachsbun\n|-damage|p1a: Dachsbun|104/254\n|\n|-heal|p1a: Dachsbun|119/254|[from] item: Leftovers\n|upkeep\n|turn|40\n|inactive|Time left: 300 sec this turn | 300 sec total\n|\n|t:|1783544432\n|move|p1a: Dachsbun|Protect|p1a: Dachsbun\n|-singleturn|p1a: Dachsbun|Protect\n|move|p2a: Pincurchin|Curse|p2a: Pincurchin\n|-unboost|p2a: Pincurchin|spe|1\n|-boost|p2a: Pincurchin|atk|1\n|-boost|p2a: Pincurchin|def|1\n|\n|-heal|p1a: Dachsbun|246/254|[from] move: Wish|[wisher] Dachsbun\n|-heal|p1a: Dachsbun|254/254|[from] item: Leftovers\n|upkeep\n|turn|41\n|inactive|Time left: 300 sec this turn | 300 sec total\n|\n|t:|1783544433\n|move|p1a: Dachsbun|Wish|p1a: Dachsbun\n|move|p2a: Pincurchin|Liquidation|p1a: Dachsbun\n|-damage|p1a: Dachsbun|128/254\n|\n|-heal|p1a: Dachsbun|143/254|[from] item: Leftovers\n|upkeep\n|turn|42\n|inactive|Time left: 300 sec this turn | 300 sec total\n|\n|t:|1783544434\n|move|p1a: Dachsbun|Protect|p1a: Dachsbun\n|-singleturn|p1a: Dachsbun|Protect\n|move|p2a: Pincurchin|Liquidation|p1a: Dachsbun\n|-activate|p1a: Dachsbun|move: Protect\n|\n|-heal|p1a: Dachsbun|254/254|[from] move: Wish|[wisher] Dachsbun\n|upkeep\n|turn|43\n|inactive|Time left: 300 sec this turn | 300 sec total\n|\n|t:|1783544435\n|move|p1a: Dachsbun|Wish|p1a: Dachsbun\n|move|p2a: Pincurchin|Liquidation|p1a: Dachsbun\n|-damage|p1a: Dachsbun|117/254\n|\n|-heal|p1a: Dachsbun|132/254|[from] item: Leftovers\n|upkeep\n|turn|44\n|inactive|Time left: 300 sec this turn | 300 sec total\n|\n|t:|1783544436\n|move|p1a: Dachsbun|Protect|p1a: Dachsbun\n|-singleturn|p1a: Dachsbun|Protect\n|move|p2a: Pincurchin|Liquidation|p1a: Dachsbun\n|-activate|p1a: Dachsbun|move: Protect\n|\n|-heal|p1a: Dachsbun|254/254|[from] move: Wish|[wisher] Dachsbun\n|upkeep\n|turn|45\n|inactive|Time left: 300 sec this turn | 300 sec total\n|\n|t:|1783544438\n|move|p1a: Dachsbun|Wish|p1a: Dachsbun\n|move|p2a: Pincurchin|Liquidation|p1a: Dachsbun\n|-damage|p1a: Dachsbun|132/254\n|\n|-heal|p1a: Dachsbun|147/254|[from] item: Leftovers\n|upkeep\n|turn|46\n|inactive|Time left: 300 sec this turn | 300 sec total\n|\n|t:|1783544439\n|move|p1a: Dachsbun|Protect|p1a: Dachsbun\n|-singleturn|p1a: Dachsbun|Protect\n|move|p2a: Pincurchin|Liquidation|p1a: Dachsbun\n|-activate|p1a: Dachsbun|move: Protect\n|\n|-heal|p1a: Dachsbun|254/254|[from] move: Wish|[wisher] Dachsbun\n|upkeep\n|turn|47\n|inactive|Time left: 300 sec this turn | 300 sec total\n|\n|t:|1783544440\n|move|p1a: Dachsbun|Wish|p1a: Dachsbun\n|move|p2a: Pincurchin|Liquidation|p1a: Dachsbun\n|-damage|p1a: Dachsbun|117/254\n|-unboost|p1a: Dachsbun|def|1\n|\n|-heal|p1a: Dachsbun|132/254|[from] item: Leftovers\n|upkeep\n|turn|48\n|inactive|Time left: 300 sec this turn | 300 sec total\n|\n|t:|1783544441\n|move|p1a: Dachsbun|Protect|p1a: Dachsbun\n|-singleturn|p1a: Dachsbun|Protect\n|move|p2a: Pincurchin|Liquidation|p1a: Dachsbun\n|-activate|p1a: Dachsbun|move: Protect\n|\n|-heal|p1a: Dachsbun|254/254|[from] move: Wish|[wisher] Dachsbun\n|upkeep\n|turn|49\n|inactive|Time left: 300 sec this turn | 300 sec total\n|\n|t:|1783544442\n|switch|p1a: Greninja|Greninja, L80, M|222/246\n|move|p2a: Pincurchin|Liquidation|p1a: Greninja\n|-resisted|p1a: Greninja\n|-damage|p1a: Greninja|114/246\n|\n|upkeep\n|turn|50\n|inactive|Time left: 300 sec this turn | 300 sec total\n|\n|t:|1783544444\n|move|p1a: Greninja|U-turn|p2a: Pincurchin\n|-start|p1a: Greninja|typechange|Bug|[from] ability: Protean\n|-damage|p2a: Pincurchin|91/100\n|-damage|p1a: Greninja|90/246|[from] item: Life Orb\n|inactive|Time left: 300 sec this turn | 300 sec total | 5 sec grace\n|\n|t:|1783544445\n|switch|p1a: Dachsbun|Dachsbun, L92, F|254/254|[from] U-turn\n|move|p2a: Pincurchin|Liquidation|p1a: Dachsbun\n|-damage|p1a: Dachsbun|130/254\n|\n|-heal|p1a: Dachsbun|145/254|[from] item: Leftovers\n|-heal|p2a: Pincurchin|97/100|[from] item: Leftovers\n|upkeep\n|turn|51\n|inactive|Time left: 300 sec this turn | 300 sec total\n|\n|t:|1783544446\n|move|p1a: Dachsbun|Protect|p1a: Dachsbun\n|-singleturn|p1a: Dachsbun|Protect\n|move|p2a: Pincurchin|Liquidation|p1a: Dachsbun\n|-activate|p1a: Dachsbun|move: Protect\n|\n|-heal|p1a: Dachsbun|160/254|[from] item: Leftovers\n|-heal|p2a: Pincurchin|100/100|[from] item: Leftovers\n|upkeep\n|turn|52\n|inactive|Time left: 300 sec this turn | 300 sec total\n|\n|t:|1783544447\n|move|p1a: Dachsbun|Wish|p1a: Dachsbun\n|move|p2a: Pincurchin|Liquidation|p1a: Dachsbun\n|-damage|p1a: Dachsbun|33/254\n|\n|-heal|p1a: Dachsbun|48/254|[from] item: Leftovers\n|upkeep\n|turn|53\n|inactive|Time left: 300 sec this turn | 300 sec total\n|\n|t:|1783544448\n|move|p1a: Dachsbun|Protect|p1a: Dachsbun\n|-singleturn|p1a: Dachsbun|Protect\n|move|p2a: Pincurchin|Liquidation|p1a: Dachsbun\n|-activate|p1a: Dachsbun|move: Protect\n|\n|-heal|p1a: Dachsbun|175/254|[from] move: Wish|[wisher] Dachsbun\n|-heal|p1a: Dachsbun|190/254|[from] item: Leftovers\n|upkeep\n|turn|54\n|inactive|Time left: 300 sec this turn | 300 sec total\n|\n|t:|1783544449\n|move|p1a: Dachsbun|Protect||[still]\n|-fail|p1a: Dachsbun\n|move|p2a: Pincurchin|Liquidation|p1a: Dachsbun\n|-damage|p1a: Dachsbun|61/254\n|\n|-heal|p1a: Dachsbun|76/254|[from] item: Leftovers\n|upkeep\n|turn|55\n|inactive|Time left: 300 sec this turn | 300 sec total\n|\n|t:|1783544450\n|move|p1a: Dachsbun|Wish|p1a: Dachsbun\n|move|p2a: Pincurchin|Liquidation|p1a: Dachsbun\n|-damage|p1a: Dachsbun|0 fnt\n|faint|p1a: Dachsbun\n|\n|upkeep\n|inactive|Time left: 300 sec this turn | 300 sec total | 5 sec grace\n|\n|t:|1783544451\n|switch|p1a: Greninja|Greninja, L80, M|90/246\n|turn|56\n|inactive|Time left: 300 sec this turn | 300 sec total\n|\n|t:|1783544452\n|switch|p2a: Alcremie|Alcremie-Ruby-Swirl, L90, F|100/100\n|move|p1a: Greninja|Hydro Pump|p2a: Alcremie\n|-start|p1a: Greninja|typechange|Water|[from] ability: Protean\n|-damage|p2a: Alcremie|57/100\n|-damage|p1a: Greninja|66/246|[from] item: Life Orb\n|\n|-heal|p1a: Greninja|193/246|[from] move: Wish|[wisher] Dachsbun\n|-heal|p2a: Alcremie|63/100|[from] item: Leftovers\n|upkeep\n|turn|57\n|inactive|Time left: 300 sec this turn | 300 sec total\n|\n|t:|1783544454\n|move|p1a: Greninja|Gunk Shot|p2a: Alcremie\n|-supereffective|p2a: Alcremie\n|-damage|p2a: Alcremie|0 fnt\n|faint|p2a: Alcremie\n|-damage|p1a: Greninja|169/246|[from] item: Life Orb\n|\n|upkeep\n|\n|t:|1783544455\n|switch|p2a: Gouging Fire|Gouging Fire, L74|83/100 par\n|turn|58\n|inactive|Time left: 300 sec this turn | 300 sec total\n|\n|t:|1783544456\n|move|p1a: Greninja|Hydro Pump|p2a: Gouging Fire\n|-damage|p2a: Gouging Fire|28/100 par\n|-damage|p1a: Greninja|145/246|[from] item: Life Orb\n|move|p2a: Gouging Fire|Outrage|p1a: Greninja\n|-damage|p1a: Greninja|0 fnt\n|faint|p1a: Greninja\n|\n|win|p0y4047167", "uploadtime": 1783544456, "views": 0, "rating": 0, "private": 0, "password": null, "_winner": "p0y4047167", "_our_name": "p0x40438bb"}