{"id": "battle-gen9randombattle-45", "formatid": "gen9randombattle", "format": "[Gen 9] Random Battle", "players": ["p0x045d837", "p0y045a29a"], "log": "|init|battle\n|title|p0x045d837 vs. p0y045a29a\n|j|\u2606p0x045d837\n|j|\u2606p0y045a29a\n|t:|1783539707\n|gametype|singles\n|player|p1|p0x045d837|169|\n|player|p2|p0y045a29a|1|\n|gen|9\n|tier|[Gen 9] Random Battle\n|rule|Species Clause: Limit one of each Pok\u00e9mon\n|rule|HP Percentage Mod: HP is shown in percentages\n|rule|Sleep Clause Mod: Limit one foe put to sleep\n|rule|Illusion Level Mod: Illusion disguises the Pok\u00e9mon's true level\n|\n|t:|1783539707\n|teamsize|p1|6\n|teamsize|p2|6\n|start\n|switch|p1a: Archaludon|Archaludon, L78, M|100/100\n|switch|p2a: Sableye|Sableye, L88, M|231/231\n|turn|1\n|inactive|Battle timer is ON: inactive players will automatically lose when time's up. (requested by p0x045d837)\n|inactive|Time left: 300 sec this turn | 300 sec total | 60 sec grace\n|inactive|p0y045a29a also wants the timer to be on.\n|\n|t:|1783539708\n|switch|p2a: Enamorus|Enamorus-Therian, L83, F|259/259\n|move|p1a: Archaludon|Swords Dance|p1a: Archaludon\n|-boost|p1a: Archaludon|atk|2\n|\n|upkeep\n|turn|2\n|inactive|Time left: 300 sec this turn | 300 sec total\n|\n|t:|1783539709\n|switch|p2a: Toxapex|Toxapex, L82, M|216/216\n|move|p1a: Archaludon|Iron Head|p2a: Toxapex\n|-resisted|p2a: Toxapex\n|-damage|p2a: Toxapex|162/216\n|\n|-heal|p2a: Toxapex|175/216|[from] item: Leftovers\n|upkeep\n|turn|3\n|inactive|Time left: 300 sec this turn | 300 sec total\n|\n|t:|1783539710\n|move|p1a: Archaludon|Iron Head|p2a: Toxapex\n|-resisted|p2a: Toxapex\n|-damage|p2a: Toxapex|118/216\n|move|p2a: Toxapex|Haze|p2a: Toxapex\n|-clearallboost\n|\n|-heal|p2a: Toxapex|131/216|[from] item: Leftovers\n|upkeep\n|turn|4\n|inactive|Time left: 300 sec this turn | 300 sec total\n|\n|t:|1783539710\n|move|p1a: Archaludon|Swords Dance|p1a: Archaludon\n|-boost|p1a: Archaludon|atk|2\n|move|p2a: Toxapex|Haze|p2a: Toxapex\n|-clearallboost\n|\n|-heal|p2a: Toxapex|144/216|[from] item: Leftovers\n|upkeep\n|turn|5\n|inactive|Time left: 300 sec this turn | 300 sec total\n|\n|t:|1783539711\n|move|p1a: Archaludon|Swords Dance|p1a: Archaludon\n|-boost|p1a: Archaludon|atk|2\n|move|p2a: Toxapex|Haze|p2a: Toxapex\n|-clearallboost\n|\n|-heal|p2a: Toxapex|157/216|[from] item: Leftovers\n|upkeep\n|turn|6\n|inactive|Time left: 300 sec this turn | 300 sec total\n|\n|t:|1783539712\n|move|p1a: Archaludon|Swords Dance|p1a: Archaludon\n|-boost|p1a: Archaludon|atk|2\n|move|p2a: Toxapex|Haze|p2a: Toxapex\n|-clearallboost\n|\n|-heal|p2a: Toxapex|170/216|[from] item: Leftovers\n|upkeep\n|turn|7\n|inactive|Time left: 300 sec this turn | 300 sec total\n|\n|t:|1783539712\n|move|p1a: Archaludon|Swords Dance|p1a: Archaludon\n|-boost|p1a: Archaludon|atk|2\n|move|p2a: Toxapex|Haze|p2a: Toxapex\n|-clearallboost\n|\n|-heal|p2a: Toxapex|183/216|[from] item: Leftovers\n|upkeep\n|turn|8\n|inactive|Time left: 300 sec this turn | 300 sec total\n|\n|t:|1783539713\n|switch|p2a: Enamorus|Enamorus-Therian, L83, F|259/259\n|move|p1a: Archaludon|Swords Dance|p1a: Archaludon\n|-boost|p1a: Archaludon|atk|2\n|\n|upkeep\n|turn|9\n|inactive|Time left: 300 sec this turn | 300 sec total\n|\n|t:|1783539714\n|switch|p2a: Toxapex|Toxapex, L82, M|216/216\n|move|p1a: Archaludon|Iron Head|p2a: Toxapex\n|-resisted|p2a: Toxapex\n|-damage|p2a: Toxapex|167/216\n|\n|-heal|p2a: Toxapex|180/216|[from] item: Leftovers\n|upkeep\n|turn|10\n|inactive|Time left: 300 sec this turn | 300 sec total\n|\n|t:|1783539715\n|move|p1a: Archaludon|Earthquake|p2a: Toxapex\n|-supereffective|p2a: Toxapex\n|-damage|p2a: Toxapex|14/216\n|move|p2a: Toxapex|Haze|p2a: Toxapex\n|-clearallboost\n|\n|-heal|p2a: Toxapex|27/216|[from] item: Leftovers\n|upkeep\n|turn|11\n|inactive|Time left: 300 sec this turn | 300 sec total\n|\n|t:|1783539716\n|switch|p2a: Enamorus|Enamorus-Therian, L83, F|259/259\n|move|p1a: Archaludon|Swords Dance|p1a: Archaludon\n|-boost|p1a: Archaludon|atk|2\n|\n|upkeep\n|turn|12\n|inactive|Time left: 300 sec this turn | 300 sec total\n|\n|t:|1783539717\n|switch|p2a: Toxapex|Toxapex, L82, M|99/216\n|move|p1a: Archaludon|Iron Head|p2a: Toxapex\n|-resisted|p2a: Toxapex\n|-damage|p2a: Toxapex|45/216\n|\n|-heal|p2a: Toxapex|58/216|[from] item: Leftovers\n|upkeep\n|turn|13\n|inactive|Time left: 300 sec this turn | 300 sec total\n|\n|t:|1783539718\n|switch|p2a: Enamorus|Enamorus-Therian, L83, F|259/259\n|move|p1a: Archaludon|Iron Head|p2a: Enamorus\n|-supereffective|p2a: Enamorus\n|-damage|p2a: Enamorus|11/259\n|\n|upkeep\n|turn|14\n|inactive|Time left: 300 sec this turn | 300 sec total\n|\n|t:|1783539719\n|move|p1a: Archaludon|Iron Head|p2a: Enamorus\n|-supereffective|p2a: Enamorus\n|-damage|p2a: Enamorus|0 fnt\n|faint|p2a: Enamorus\n|\n|upkeep\n|inactive|Time left: 300 sec this turn | 300 sec total | 5 sec grace\n|\n|t:|1783539720\n|switch|p2a: Drifblim|Drifblim, L86, F|396/396\n|turn|15\n|inactive|Time left: 300 sec this turn | 300 sec total\n|\n|t:|1783539721\n|move|p2a: Drifblim|Strength Sap|p1a: Archaludon\n|-unboost|p1a: Archaludon|atk|1\n|move|p1a: Archaludon|Outrage|p2a: Drifblim\n|-damage|p2a: Drifblim|108/396\n|-enditem|p2a: Drifblim|Sitrus Berry|[eat]\n|-heal|p2a: Drifblim|207/396|[from] item: Sitrus Berry\n|\n|upkeep\n|turn|16\n|inactive|Time left: 300 sec this turn | 300 sec total\n|\n|t:|1783539723\n|move|p2a: Drifblim|Strength Sap|p1a: Archaludon\n|-unboost|p1a: Archaludon|atk|1\n|-heal|p2a: Drifblim|396/396\n|move|p1a: Archaludon|Outrage|p2a: Drifblim|[from] lockedmove\n|-damage|p2a: Drifblim|215/396\n|-start|p1a: Archaludon|confusion|[fatigue]\n|-enditem|p1a: Archaludon|Lum Berry|[eat]\n|-end|p1a: Archaludon|confusion\n|\n|upkeep\n|turn|17\n|inactive|Time left: 300 sec this turn | 300 sec total\n|\n|t:|1783539724\n|move|p2a: Drifblim|Strength Sap|p1a: Archaludon\n|-unboost|p1a: Archaludon|atk|1\n|-heal|p2a: Drifblim|396/396\n|move|p1a: Archaludon|Swords Dance|p1a: Archaludon\n|-boost|p1a: Archaludon|atk|2\n|\n|upkeep\n|turn|18\n|inactive|Time left: 300 sec this turn | 300 sec total\n|\n|t:|1783539725\n|move|p2a: Drifblim|Shadow Ball|p1a: Archaludon\n|-damage|p1a: Archaludon|58/100\n|-ability|p1a: Archaludon|Stamina|boost\n|-boost|p1a: Archaludon|def|1\n|move|p1a: Archaludon|Outrage|p2a: Drifblim\n|-damage|p2a: Drifblim|99/396\n|\n|upkeep\n|turn|19\n|inactive|Time left: 300 sec this turn | 300 sec total\n|\n|t:|1783539726\n|move|p2a: Drifblim|Strength Sap|p1a: Archaludon\n|-unboost|p1a: Archaludon|atk|1\n|-heal|p2a: Drifblim|396/396\n|move|p1a: Archaludon|Outrage|p2a: Drifblim|[from] lockedmove\n|-damage|p2a: Drifblim|218/396\n|-start|p1a: Archaludon|confusion|[fatigue]\n|\n|upkeep\n|turn|20\n|inactive|Time left: 300 sec this turn | 300 sec total\n|\n|t:|1783539727\n|move|p2a: Drifblim|Strength Sap|p1a: Archaludon\n|-unboost|p1a: Archaludon|atk|1\n|-heal|p2a: Drifblim|396/396\n|-activate|p1a: Archaludon|confusion\n|-damage|p1a: Archaludon|54/100|[from] confusion\n|\n|upkeep\n|turn|21\n|inactive|Time left: 300 sec this turn | 300 sec total\n|\n|t:|1783539728\n|switch|p1a: Mabosstiff|Mabosstiff, L86, M|100/100\n|move|p2a: Drifblim|Shadow Ball|p1a: Mabosstiff\n|-resisted|p1a: Mabosstiff\n|-damage|p1a: Mabosstiff|83/100\n|\n|upkeep\n|turn|22\n|inactive|Time left: 300 sec this turn | 300 sec total\n|\n|t:|1783539729\n|move|p2a: Drifblim|Air Slash|p1a: Mabosstiff\n|-damage|p1a: Mabosstiff|48/100\n|move|p1a: Mabosstiff|Crunch|p2a: Drifblim\n|-supereffective|p2a: Drifblim\n|-damage|p2a: Drifblim|0 fnt\n|faint|p2a: Drifblim\n|\n|upkeep\n|inactive|Time left: 300 sec this turn | 300 sec total | 5 sec grace\n|\n|t:|1783539730\n|switch|p2a: Toxapex|Toxapex, L82, M|130/216\n|turn|23\n|inactive|Time left: 300 sec this turn | 300 sec total\n|\n|t:|1783539732\n|switch|p2a: Umbreon|Umbreon, L84, M|297/297\n|move|p1a: Mabosstiff|Crunch|p2a: Umbreon\n|-resisted|p2a: Umbreon\n|-damage|p2a: Umbreon|168/297\n|\n|-heal|p2a: Umbreon|186/297|[from] item: Leftovers\n|upkeep\n|turn|24\n|inactive|Time left: 300 sec this turn | 300 sec total\n|\n|t:|1783539733\n|move|p1a: Mabosstiff|Crunch|p2a: Umbreon\n|-resisted|p2a: Umbreon\n|-damage|p2a: Umbreon|117/297\n|-unboost|p2a: Umbreon|def|1\n|move|p2a: Umbreon|Wish|p2a: Umbreon\n|\n|-heal|p2a: Umbreon|135/297|[from] item: Leftovers\n|upkeep\n|turn|25\n|inactive|Time left: 300 sec this turn | 300 sec total\n|\n|t:|1783539734\n|move|p1a: Mabosstiff|Crunch|p2a: Umbreon\n|-resisted|p2a: Umbreon\n|-damage|p2a: Umbreon|41/297\n|move|p2a: Umbreon|Toxic|p1a: Mabosstiff\n|-status|p1a: Mabosstiff|tox\n|\n|-heal|p2a: Umbreon|189/297|[from] move: Wish|[wisher] Umbreon\n|-heal|p2a: Umbreon|207/297|[from] item: Leftovers\n|-damage|p1a: Mabosstiff|42/100 tox|[from] psn\n|upkeep\n|turn|26\n|inactive|Time left: 300 sec this turn | 300 sec total\n|\n|t:|1783539735\n|move|p1a: Mabosstiff|Crunch|p2a: Umbreon\n|-resisted|p2a: Umbreon\n|-damage|p2a: Umbreon|104/297\n|move|p2a: Umbreon|Wish|p2a: Umbreon\n|\n|-heal|p2a: Umbreon|122/297|[from] item: Leftovers\n|-damage|p1a: Mabosstiff|30/100 tox|[from] psn\n|upkeep\n|turn|27\n|inactive|Time left: 300 sec this turn | 300 sec total\n|\n|t:|1783539736\n|move|p1a: Mabosstiff|Crunch|p2a: Umbreon\n|-resisted|p2a: Umbreon\n|-damage|p2a: Umbreon|26/297\n|move|p2a: Umbreon|Foul Play|p1a: Mabosstiff\n|-resisted|p1a: Mabosstiff\n|-damage|p1a: Mabosstiff|8/100 tox\n|\n|-heal|p2a: Umbreon|174/297|[from] move: Wish|[wisher] Umbreon\n|-heal|p2a: Umbreon|192/297|[from] item: Leftovers\n|-damage|p1a: Mabosstiff|0 fnt|[from] psn\n|faint|p1a: Mabosstiff\n|upkeep\n|\n|t:|1783539737\n|switch|p1a: Crawdaunt|Crawdaunt, L84, F|100/100\n|turn|28\n|inactive|Time left: 300 sec this turn | 300 sec total\n|\n|t:|1783539739\n|move|p2a: Umbreon|Foul Play|p1a: Crawdaunt\n|-resisted|p1a: Crawdaunt\n|-damage|p1a: Crawdaunt|74/100\n|move|p1a: Crawdaunt|Dragon Dance|p1a: Crawdaunt\n|-boost|p1a: Crawdaunt|atk|1\n|-boost|p1a: Crawdaunt|spe|1\n|\n|-heal|p2a: Umbreon|210/297|[from] item: Leftovers\n|upkeep\n|turn|29\n|inactive|Time left: 300 sec this turn | 300 sec total\n|\n|t:|1783539740\n|move|p2a: Umbreon|Protect|p2a: Umbreon\n|-singleturn|p2a: Umbreon|Protect\n|move|p1a: Crawdaunt|Crabhammer|p2a: Umbreon\n|-activate|p2a: Umbreon|move: Protect\n|\n|-heal|p2a: Umbreon|228/297|[from] item: Leftovers\n|upkeep\n|turn|30\n|inactive|Time left: 300 sec this turn | 300 sec total\n|\n|t:|1783539741\n|switch|p2a: Toxapex|Toxapex, L82, M|202/216\n|move|p1a: Crawdaunt|Crabhammer|p2a: Toxapex|[miss]\n|-miss|p1a: Crawdaunt|p2a: Toxapex\n|\n|-heal|p2a: Toxapex|215/216|[from] item: Leftovers\n|upkeep\n|turn|31\n|inactive|Time left: 300 sec this turn | 300 sec total\n|\n|t:|1783539742\n|move|p1a: Crawdaunt|Knock Off|p2a: Toxapex\n|-damage|p2a: Toxapex|4/216\n|-enditem|p2a: Toxapex|Leftovers|[from] move: Knock Off|[of] p1a: Crawdaunt\n|-damage|p1a: Crawdaunt|64/100|[from] item: Life Orb\n|move|p2a: Toxapex|Haze|p2a: Toxapex\n|-clearallboost\n|\n|upkeep\n|turn|32\n|inactive|Time left: 300 sec this turn | 300 sec total\n|\n|t:|1783539743\n|switch|p2a: Umbreon|Umbreon, L84, M|228/297\n|move|p1a: Crawdaunt|Knock Off|p2a: Umbreon\n|-resisted|p2a: Umbreon\n|-damage|p2a: Umbreon|140/297\n|-enditem|p2a: Umbreon|Leftovers|[from] move: Knock Off|[of] p1a: Crawdaunt\n|-damage|p1a: Crawdaunt|54/100|[from] item: Life Orb\n|\n|upkeep\n|turn|33\n|inactive|Time left: 300 sec this turn | 300 sec total\n|\n|t:|1783539744\n|move|p2a: Umbreon|Toxic|p1a: Crawdaunt\n|-status|p1a: Crawdaunt|tox\n|move|p1a: Crawdaunt|Crabhammer|p2a: Umbreon\n|-damage|p2a: Umbreon|0 fnt\n|faint|p2a: Umbreon\n|-damage|p1a: Crawdaunt|45/100 tox|[from] item: Life Orb\n|\n|-damage|p1a: Crawdaunt|38/100 tox|[from] psn\n|upkeep\n|inactive|Time left: 300 sec this turn | 300 sec total | 5 sec grace\n|\n|t:|1783539745\n|switch|p2a: Toxapex|Toxapex, L82, M|76/216\n|turn|34\n|inactive|Time left: 300 sec this turn | 300 sec total\n|\n|t:|1783539746\n|move|p1a: Crawdaunt|Knock Off|p2a: Toxapex\n|-damage|p2a: Toxapex|0 fnt\n|faint|p2a: Toxapex\n|-damage|p1a: Crawdaunt|28/100 tox|[from] item: Life Orb\n|\n|-damage|p1a: Crawdaunt|16/100 tox|[from] psn\n|upkeep\n|inactive|Time left: 300 sec this turn | 300 sec total | 5 sec grace\n|\n|t:|1783539747\n|switch|p2a: Sableye|Sableye, L88, M|231/231\n|turn|35\n|inactive|Time left: 300 sec this turn | 300 sec total\n|\n|t:|1783539748\n|move|p2a: Sableye|Encore|p1a: Crawdaunt\n|-hint|Since gen 7, Dark is immune to Prankster moves.\n|-immune|p1a: Crawdaunt\n|move|p1a: Crawdaunt|Knock Off|p2a: Sableye\n|-damage|p2a: Sableye|20/231\n|-enditem|p2a: Sableye|Leftovers|[from] move: Knock Off|[of] p1a: Crawdaunt\n|-damage|p1a: Crawdaunt|6/100 tox|[from] item: Life Orb\n|\n|-damage|p1a: Crawdaunt|0 fnt|[from] psn\n|faint|p1a: Crawdaunt\n|upkeep\n|\n|t:|1783539749\n|switch|p1a: Oricorio|Oricorio-Pom-Pom, L82, F|100/100\n|turn|36\n|inactive|Time left: 300 sec this turn | 300 sec total\n|\n|t:|1783539750\n|move|p2a: Sableye|Recover|p2a: Sableye\n|-heal|p2a: Sableye|136/231\n|move|p1a: Oricorio|Quiver Dance|p1a: Oricorio\n|-boost|p1a: Oricorio|spa|1\n|-boost|p1a: Oricorio|spd|1\n|-boost|p1a: Oricorio|spe|1\n|\n|upkeep\n|turn|37\n|inactive|Time left: 300 sec this turn | 300 sec total\n|\n|t:|1783539751\n|move|p2a: Sableye|Encore|p1a: Oricorio\n|-start|p1a: Oricorio|Encore\n|move|p1a: Oricorio|Quiver Dance|p1a: Oricorio\n|-boost|p1a: Oricorio|spa|1\n|-boost|p1a: Oricorio|spd|1\n|-boost|p1a: Oricorio|spe|1\n|\n|upkeep\n|turn|38\n|inactive|Time left: 300 sec this turn | 300 sec total\n|\n|t:|1783539752\n|-terastallize|p2a: Sableye|Steel\n|move|p1a: Oricorio|Quiver Dance|p1a: Oricorio\n|-boost|p1a: Oricorio|spa|1\n|-boost|p1a: Oricorio|spd|1\n|-boost|p1a: Oricorio|spe|1\n|move|p2a: Sableye|Knock Off|p1a: Oricorio\n|-damage|p1a: Oricorio|53/100\n|-enditem|p1a: Oricorio|Heavy-Duty Boots|[from] move: Knock Off|[of] p2a: Sableye\n|\n|upkeep\n|turn|39\n|inactive|Time left: 300 sec this turn | 300 sec total\n|\n|t:|1783539753\n|move|p1a: Oricorio|Quiver Dance|p1a: Oricorio\n|-boost|p1a: Oricorio|spa|1\n|-boost|p1a: Oricorio|spd|1\n|-boost|p1a: Oricorio|spe|1\n|move|p2a: Sableye|Knock Off|p1a: Oricorio\n|-damage|p1a: Oricorio|22/100\n|\n|-end|p1a: Oricorio|Encore\n|upkeep\n|turn|40\n|inactive|Time left: 300 sec this turn | 300 sec total\n|\n|t:|1783539754\n|move|p2a: Sableye|Encore|p1a: Oricorio\n|-start|p1a: Oricorio|Encore\n|move|p1a: Oricorio|Quiver Dance|p1a: Oricorio\n|-boost|p1a: Oricorio|spa|1\n|-boost|p1a: Oricorio|spd|1\n|-boost|p1a: Oricorio|spe|1\n|\n|upkeep\n|turn|41\n|inactive|Time left: 300 sec this turn | 300 sec total\n|\n|t:|1783539755\n|move|p1a: Oricorio|Quiver Dance|p1a: Oricorio\n|-boost|p1a: Oricorio|spa|1\n|-boost|p1a: Oricorio|spd|1\n|-boost|p1a: Oricorio|spe|1\n|move|p2a: Sableye|Knock Off|p1a: Oricorio\n|-damage|p1a: Oricorio|0 fnt\n|faint|p1a: Oricorio\n|\n|upkeep\n|\n|t:|1783539756\n|switch|p1a: Enamorus|Enamorus-Therian, L83, F|100/100\n|turn|42\n|inactive|Time left: 300 sec this turn | 300 sec total\n|\n|t:|1783539757\n|switch|p2a: Hypno|Hypno, L95, F|315/315\n|-terastallize|p1a: Enamorus|Ground\n|move|p1a: Enamorus|Earth Power|p2a: Hypno\n|-damage|p2a: Hypno|233/315\n|\n|-heal|p2a: Hypno|252/315|[from] item: Leftovers\n|upkeep\n|turn|43\n|inactive|Time left: 300 sec this turn | 300 sec total\n|\n|t:|1783539758\n|move|p2a: Hypno|Knock Off|p1a: Enamorus\n|-damage|p1a: Enamorus|78/100\n|-enditem|p1a: Enamorus|Assault Vest|[from] move: Knock Off|[of] p2a: Hypno\n|move|p1a: Enamorus|Mystical Fire|p2a: Hypno\n|-damage|p2a: Hypno|199/315\n|-unboost|p2a: Hypno|spa|1\n|\n|-heal|p2a: Hypno|218/315|[from] item: Leftovers\n|upkeep\n|turn|44\n|inactive|Time left: 300 sec this turn | 300 sec total\n|\n|t:|1783539759\n|move|p2a: Hypno|Psychic Noise|p1a: Enamorus\n|-damage|p1a: Enamorus|57/100\n|-start|p1a: Enamorus|move: Heal Block\n|move|p1a: Enamorus|Mystical Fire|p2a: Hypno\n|-damage|p2a: Hypno|171/315\n|-unboost|p2a: Hypno|spa|1\n|\n|-heal|p2a: Hypno|190/315|[from] item: Leftovers\n|upkeep\n|turn|45\n|inactive|Time left: 300 sec this turn | 300 sec total\n|\n|t:|1783539760\n|switch|p1a: Archaludon|Archaludon, L78, M|54/100\n|move|p2a: Hypno|Psychic Noise|p1a: Archaludon\n|-resisted|p1a: Archaludon\n|-crit|p1a: Archaludon\n|-damage|p1a: Archaludon|23/100\n|-start|p1a: Archaludon|move: Heal Block\n|-ability|p1a: Archaludon|Stamina|boost\n|-boost|p1a: Archaludon|def|1\n|\n|-heal|p2a: Hypno|209/315|[from] item: Leftovers\n|upkeep\n|turn|46\n|inactive|Time left: 300 sec this turn | 300 sec total\n|\n|t:|1783539761\n|switch|p2a: Sableye|Sableye, L88, M, tera:Steel|136/231\n|move|p1a: Archaludon|Earthquake|p2a: Sableye\n|-supereffective|p2a: Sableye\n|-damage|p2a: Sableye|0 fnt\n|faint|p2a: Sableye\n|\n|-end|p1a: Archaludon|move: Heal Block\n|upkeep\n|inactive|Time left: 300 sec this turn | 300 sec total | 5 sec grace\n|\n|t:|1783539762\n|switch|p2a: Hypno|Hypno, L95, F|209/315\n|turn|47\n|inactive|Time left: 300 sec this turn | 300 sec total\n|\n|t:|1783539763\n|move|p2a: Hypno|Encore|p1a: Archaludon\n|-start|p1a: Archaludon|Encore\n|move|p1a: Archaludon|Earthquake|p2a: Hypno\n|-damage|p2a: Hypno|143/315\n|\n|-heal|p2a: Hypno|162/315|[from] item: Leftovers\n|upkeep\n|turn|48\n|inactive|Time left: 300 sec this turn | 300 sec total\n|\n|t:|1783539764\n|switch|p1a: Basculegion|Basculegion, L80, M|100/100\n|move|p2a: Hypno|Thunder Wave|p1a: Basculegion\n|-status|p1a: Basculegion|par\n|\n|-heal|p2a: Hypno|181/315|[from] item: Leftovers\n|upkeep\n|turn|49\n|inactive|Time left: 300 sec this turn | 300 sec total\n|\n|t:|1783539765\n|move|p2a: Hypno|Psychic Noise|p1a: Basculegion\n|-damage|p1a: Basculegion|79/100 par\n|-start|p1a: Basculegion|move: Heal Block\n|move|p1a: Basculegion|Wave Crash|p2a: Hypno\n|-damage|p2a: Hypno|7/315\n|-damage|p1a: Basculegion|61/100 par|[from] Recoil\n|\n|-heal|p2a: Hypno|26/315|[from] item: Leftovers\n|upkeep\n|turn|50\n|inactive|Time left: 300 sec this turn | 300 sec total\n|\n|t:|1783539767\n|move|p2a: Hypno|Knock Off|p1a: Basculegion\n|-supereffective|p1a: Basculegion\n|-damage|p1a: Basculegion|6/100 par\n|-enditem|p1a: Basculegion|Assault Vest|[from] move: Knock Off|[of] p2a: Hypno\n|cant|p1a: Basculegion|par\n|\n|-heal|p2a: Hypno|45/315|[from] item: Leftovers\n|-end|p1a: Basculegion|move: Heal Block\n|upkeep\n|turn|51\n|inactive|Time left: 300 sec this turn | 300 sec total\n|\n|t:|1783539768\n|cant|p1a: Basculegion|par\n|move|p2a: Hypno|Encore|p1a: Basculegion\n|-start|p1a: Basculegion|Encore\n|\n|-heal|p2a: Hypno|64/315|[from] item: Leftovers\n|upkeep\n|turn|52\n|inactive|Time left: 300 sec this turn | 300 sec total\n|\n|t:|1783539769\n|move|p2a: Hypno|Thunder Wave|p1a: Basculegion\n|-fail|p1a: Basculegion|par\n|move|p1a: Basculegion|Wave Crash|p2a: Hypno\n|-damage|p2a: Hypno|0 fnt\n|faint|p2a: Hypno\n|-damage|p1a: Basculegion|0 fnt|[from] Recoil\n|faint|p1a: Basculegion\n|\n|win|p0x045d837", "uploadtime": 1783539769, "views": 0, "rating": 0, "private": 0, "password": null, "_winner": "p0x045d837", "_our_name": "p0y045a29a"}