{"id": "battle-gen9randombattle-203", "formatid": "gen9randombattle", "format": "[Gen 9] Random Battle", "players": ["p0x20302f6", "p0y2039492"], "log": "|init|battle\n|title|p0x20302f6 vs. p0y2039492\n|j|\u2606p0x20302f6\n|j|\u2606p0y2039492\n|t:|1783536118\n|gametype|singles\n|player|p1|p0x20302f6|2|\n|player|p2|p0y2039492|266|\n|gen|9\n|tier|[Gen 9] Random Battle\n|rule|Species Clause: Limit one of each Pok\u00e9mon\n|rule|HP Percentage Mod: HP is shown in percentages\n|rule|Sleep Clause Mod: Limit one foe put to sleep\n|rule|Illusion Level Mod: Illusion disguises the Pok\u00e9mon's true level\n|\n|t:|1783536118\n|teamsize|p1|6\n|teamsize|p2|6\n|start\n|switch|p1a: Ludicolo|Ludicolo, L90, M|100/100\n|switch|p2a: Eternatus|Eternatus, L69|308/308\n|-ability|p2a: Eternatus|Pressure\n|turn|1\n|inactive|Battle timer is ON: inactive players will automatically lose when time's up. (requested by p0x20302f6)\n|inactive|Time left: 300 sec this turn | 300 sec total | 60 sec grace\n|inactive|p0y2039492 also wants the timer to be on.\n|\n|t:|1783536120\n|move|p2a: Eternatus|Meteor Beam||[still]\n|-prepare|p2a: Eternatus|Meteor Beam\n|-boost|p2a: Eternatus|spa|1\n|-enditem|p2a: Eternatus|Power Herb\n|-anim|p2a: Eternatus|Meteor Beam|p1a: Ludicolo\n|-damage|p1a: Ludicolo|67/100\n|move|p1a: Ludicolo|Ice Beam|p2a: Eternatus\n|-supereffective|p2a: Eternatus\n|-damage|p2a: Eternatus|105/308\n|-damage|p1a: Ludicolo|57/100|[from] item: Life Orb\n|\n|upkeep\n|turn|2\n|inactive|Time left: 300 sec this turn | 300 sec total\n|\n|t:|1783536121\n|switch|p1a: Snorlax|Snorlax, L82, F|100/100\n|move|p2a: Eternatus|Sludge Bomb|p1a: Snorlax\n|-damage|p1a: Snorlax|69/100\n|\n|-heal|p1a: Snorlax|75/100|[from] item: Leftovers\n|upkeep\n|turn|3\n|inactive|Time left: 300 sec this turn | 300 sec total\n|\n|t:|1783536122\n|move|p2a: Eternatus|Meteor Beam||[still]\n|-prepare|p2a: Eternatus|Meteor Beam\n|-boost|p2a: Eternatus|spa|1\n|move|p1a: Snorlax|Earthquake|p2a: Eternatus\n|-supereffective|p2a: Eternatus\n|-damage|p2a: Eternatus|0 fnt\n|faint|p2a: Eternatus\n|\n|-heal|p1a: Snorlax|81/100|[from] item: Leftovers\n|upkeep\n|inactive|Time left: 300 sec this turn | 300 sec total | 5 sec grace\n|\n|t:|1783536123\n|switch|p2a: Sandaconda|Sandaconda, L84, F|258/258\n|turn|4\n|inactive|Time left: 300 sec this turn | 300 sec total\n|\n|t:|1783536124\n|switch|p1a: Torterra|Torterra, L78, M|100/100\n|move|p2a: Sandaconda|Stealth Rock|p1a: Torterra\n|-sidestart|p1: p0x20302f6|move: Stealth Rock\n|\n|upkeep\n|turn|5\n|inactive|Time left: 300 sec this turn | 300 sec total\n|\n|t:|1783536125\n|switch|p2a: Archaludon|Archaludon, L78, F|268/268\n|move|p1a: Torterra|Shell Smash|p1a: Torterra\n|-unboost|p1a: Torterra|def|1\n|-unboost|p1a: Torterra|spd|1\n|-boost|p1a: Torterra|atk|2\n|-boost|p1a: Torterra|spa|2\n|-boost|p1a: Torterra|spe|2\n|\n|upkeep\n|turn|6\n|inactive|Time left: 300 sec this turn | 300 sec total\n|\n|t:|1783536126\n|-terastallize|p2a: Archaludon|Fighting\n|move|p1a: Torterra|Headlong Rush|p2a: Archaludon\n|-damage|p2a: Archaludon|64/268\n|-unboost|p1a: Torterra|def|1\n|-unboost|p1a: Torterra|spd|1\n|-ability|p2a: Archaludon|Stamina|boost\n|-boost|p2a: Archaludon|def|1\n|move|p2a: Archaludon|Draco Meteor|p1a: Torterra\n|-damage|p1a: Torterra|0 fnt\n|-unboost|p2a: Archaludon|spa|2\n|faint|p1a: Torterra\n|\n|upkeep\n|\n|t:|1783536127\n|switch|p1a: Kricketune|Kricketune, L99, F|100/100\n|turn|7\n|inactive|Time left: 300 sec this turn | 300 sec total\n|\n|t:|1783536128\n|switch|p2a: Blaziken|Blaziken, L76, F|247/247\n|move|p1a: Kricketune|Sticky Web|p2a: Blaziken\n|-sidestart|p2: p0y2039492|move: Sticky Web\n|\n|upkeep\n|turn|8\n|inactive|Time left: 300 sec this turn | 300 sec total\n|\n|t:|1783536129\n|switch|p1a: Dachsbun|Dachsbun, L92, M|100/100\n|-damage|p1a: Dachsbun|88/100|[from] Stealth Rock\n|move|p2a: Blaziken|Swords Dance|p2a: Blaziken\n|-boost|p2a: Blaziken|atk|2\n|\n|-heal|p1a: Dachsbun|94/100|[from] item: Leftovers\n|-ability|p2a: Blaziken|Speed Boost|boost\n|-boost|p2a: Blaziken|spe|1\n|upkeep\n|turn|9\n|inactive|Time left: 300 sec this turn | 300 sec total\n|\n|t:|1783536130\n|move|p2a: Blaziken|Knock Off|p1a: Dachsbun\n|-resisted|p1a: Dachsbun\n|-damage|p1a: Dachsbun|71/100\n|-enditem|p1a: Dachsbun|Leftovers|[from] move: Knock Off|[of] p2a: Blaziken\n|-damage|p2a: Blaziken|223/247|[from] item: Life Orb\n|move|p1a: Dachsbun|Play Rough|p2a: Blaziken|[miss]\n|-miss|p1a: Dachsbun|p2a: Blaziken\n|\n|-ability|p2a: Blaziken|Speed Boost|boost\n|-boost|p2a: Blaziken|spe|1\n|upkeep\n|turn|10\n|inactive|Time left: 300 sec this turn | 300 sec total\n|\n|t:|1783536131\n|move|p2a: Blaziken|Swords Dance|p2a: Blaziken\n|-boost|p2a: Blaziken|atk|2\n|move|p1a: Dachsbun|Play Rough|p2a: Blaziken\n|-damage|p2a: Blaziken|87/247\n|\n|-ability|p2a: Blaziken|Speed Boost|boost\n|-boost|p2a: Blaziken|spe|1\n|upkeep\n|turn|11\n|inactive|Time left: 300 sec this turn | 300 sec total\n|\n|t:|1783536132\n|move|p2a: Blaziken|Close Combat|p1a: Dachsbun\n|-resisted|p1a: Dachsbun\n|-damage|p1a: Dachsbun|5/100\n|-unboost|p2a: Blaziken|def|1\n|-unboost|p2a: Blaziken|spd|1\n|-damage|p2a: Blaziken|63/247|[from] item: Life Orb\n|move|p1a: Dachsbun|Play Rough|p2a: Blaziken\n|-crit|p2a: Blaziken\n|-damage|p2a: Blaziken|0 fnt\n|faint|p2a: Blaziken\n|\n|upkeep\n|inactive|Time left: 300 sec this turn | 300 sec total | 5 sec grace\n|\n|t:|1783536133\n|switch|p2a: Shiftry|Shiftry, L89, F|305/305\n|turn|12\n|inactive|Time left: 300 sec this turn | 300 sec total\n|\n|t:|1783536134\n|move|p2a: Shiftry|Sucker Punch|p1a: Dachsbun\n|-resisted|p1a: Dachsbun\n|-damage|p1a: Dachsbun|0 fnt\n|faint|p1a: Dachsbun\n|\n|upkeep\n|\n|t:|1783536135\n|switch|p1a: Copperajah|Copperajah, L86, M|100/100\n|-damage|p1a: Copperajah|94/100|[from] Stealth Rock\n|turn|13\n|inactive|Time left: 300 sec this turn | 300 sec total\n|\n|t:|1783536136\n|move|p2a: Shiftry|Knock Off|p1a: Copperajah\n|-damage|p1a: Copperajah|55/100\n|-enditem|p1a: Copperajah|Choice Band|[from] move: Knock Off|[of] p2a: Shiftry\n|move|p1a: Copperajah|Heavy Slam|p2a: Shiftry\n|-damage|p2a: Shiftry|109/305\n|\n|upkeep\n|turn|14\n|inactive|Time left: 300 sec this turn | 300 sec total\n|\n|t:|1783536137\n|move|p2a: Shiftry|Defog|p1a: Copperajah\n|-unboost|p1a: Copperajah|evasion|1\n|-sideend|p1: p0x20302f6|Stealth Rock|[from] move: Defog|[of] p2a: Shiftry\n|-sideend|p2: p0y2039492|Sticky Web|[from] move: Defog|[of] p2a: Shiftry\n|move|p1a: Copperajah|Heavy Slam|p2a: Shiftry\n|-damage|p2a: Shiftry|0 fnt\n|faint|p2a: Shiftry\n|\n|upkeep\n|inactive|Time left: 300 sec this turn | 300 sec total | 5 sec grace\n|\n|t:|1783536138\n|switch|p2a: Archaludon|Archaludon, L78, F, tera:Fighting|64/268\n|turn|15\n|inactive|Time left: 300 sec this turn | 300 sec total\n|\n|t:|1783536139\n|switch|p1a: Kricketune|Kricketune, L99, F|100/100\n|move|p2a: Archaludon|Body Press|p1a: Kricketune\n|-resisted|p1a: Kricketune\n|-damage|p1a: Kricketune|82/100\n|\n|upkeep\n|turn|16\n|inactive|Time left: 300 sec this turn | 300 sec total\n|\n|t:|1783536140\n|move|p1a: Kricketune|Sticky Web|p2a: Archaludon\n|-sidestart|p2: p0y2039492|move: Sticky Web\n|move|p2a: Archaludon|Flash Cannon|p1a: Kricketune\n|-crit|p1a: Kricketune\n|-damage|p1a: Kricketune|24/100\n|\n|upkeep\n|turn|17\n|inactive|Time left: 300 sec this turn | 300 sec total\n|\n|t:|1783536141\n|switch|p1a: Ludicolo|Ludicolo, L90, M|57/100\n|move|p2a: Archaludon|Body Press|p1a: Ludicolo\n|-damage|p1a: Ludicolo|24/100\n|\n|upkeep\n|turn|18\n|inactive|Time left: 300 sec this turn | 300 sec total\n|\n|t:|1783536142\n|switch|p1a: Kricketune|Kricketune, L99, F|24/100\n|move|p2a: Archaludon|Body Press|p1a: Kricketune\n|-resisted|p1a: Kricketune\n|-damage|p1a: Kricketune|6/100\n|\n|upkeep\n|turn|19\n|inactive|Time left: 300 sec this turn | 300 sec total\n|\n|t:|1783536143\n|move|p1a: Kricketune|Pounce|p2a: Archaludon\n|-resisted|p2a: Archaludon\n|-damage|p2a: Archaludon|27/268\n|-unboost|p2a: Archaludon|spe|1\n|-ability|p2a: Archaludon|Stamina|boost\n|-boost|p2a: Archaludon|def|1\n|move|p2a: Archaludon|Body Press|p1a: Kricketune\n|-resisted|p1a: Kricketune\n|-damage|p1a: Kricketune|0 fnt\n|faint|p1a: Kricketune\n|\n|upkeep\n|\n|t:|1783536144\n|switch|p1a: Ludicolo|Ludicolo, L90, M|24/100\n|turn|20\n|inactive|Time left: 300 sec this turn | 300 sec total\n|\n|t:|1783536145\n|move|p1a: Ludicolo|Giga Drain|p2a: Archaludon\n|-damage|p2a: Archaludon|0 fnt\n|-heal|p1a: Ludicolo|29/100|[from] drain|[of] p2a: Archaludon\n|faint|p2a: Archaludon\n|-damage|p1a: Ludicolo|19/100|[from] item: Life Orb\n|\n|upkeep\n|inactive|Time left: 300 sec this turn | 300 sec total | 5 sec grace\n|\n|t:|1783536146\n|switch|p2a: Politoed|Politoed, L88, F|302/302\n|-activate|p2a: Politoed|move: Sticky Web\n|-unboost|p2a: Politoed|spe|1\n|-weather|RainDance|[from] ability: Drizzle|[of] p2a: Politoed\n|turn|21\n|inactive|Time left: 300 sec this turn | 300 sec total\n|\n|t:|1783536147\n|move|p1a: Ludicolo|Giga Drain|p2a: Politoed\n|-supereffective|p2a: Politoed\n|-damage|p2a: Politoed|107/302\n|-heal|p1a: Ludicolo|53/100|[from] drain|[of] p2a: Politoed\n|-damage|p1a: Ludicolo|43/100|[from] item: Life Orb\n|move|p2a: Politoed|Hypnosis|p1a: Ludicolo|[miss]\n|-miss|p2a: Politoed|p1a: Ludicolo\n|\n|-weather|RainDance|[upkeep]\n|-heal|p2a: Politoed|125/302|[from] item: Leftovers\n|upkeep\n|turn|22\n|inactive|Time left: 300 sec this turn | 300 sec total\n|\n|t:|1783536148\n|switch|p2a: Sandaconda|Sandaconda, L84, F|258/258\n|-activate|p2a: Sandaconda|move: Sticky Web\n|-unboost|p2a: Sandaconda|spe|1\n|move|p1a: Ludicolo|Giga Drain|p2a: Sandaconda\n|-supereffective|p2a: Sandaconda\n|-damage|p2a: Sandaconda|0 fnt\n|-heal|p1a: Ludicolo|87/100|[from] drain|[of] p2a: Sandaconda\n|faint|p2a: Sandaconda\n|-damage|p1a: Ludicolo|77/100|[from] item: Life Orb\n|\n|-weather|RainDance|[upkeep]\n|upkeep\n|inactive|Time left: 300 sec this turn | 300 sec total | 5 sec grace\n|\n|t:|1783536149\n|switch|p2a: Politoed|Politoed, L88, F|125/302\n|-activate|p2a: Politoed|move: Sticky Web\n|-unboost|p2a: Politoed|spe|1\n|turn|23\n|inactive|Time left: 300 sec this turn | 300 sec total\n|\n|t:|1783536150\n|move|p1a: Ludicolo|Giga Drain|p2a: Politoed\n|-supereffective|p2a: Politoed\n|-damage|p2a: Politoed|0 fnt\n|-heal|p1a: Ludicolo|99/100|[from] drain|[of] p2a: Politoed\n|faint|p2a: Politoed\n|-damage|p1a: Ludicolo|89/100|[from] item: Life Orb\n|\n|win|p0x20302f6", "uploadtime": 1783536150, "views": 0, "rating": 0, "private": 0, "password": null, "_winner": "p0x20302f6", "_our_name": "p0y2039492"}