{"id": "battle-gen9randombattle-2905", "formatid": "gen9randombattle", "format": "[Gen 9] Random Battle", "players": ["p0x29054388", "p0y29055866"], "log": "|init|battle\n|title|p0x29054388 vs. p0y29055866\n|j|\u2606p0x29054388\n|j|\u2606p0y29055866\n|t:|1783573454\n|gametype|singles\n|player|p1|p0x29054388|101|\n|player|p2|p0y29055866|266|\n|gen|9\n|tier|[Gen 9] Random Battle\n|rule|Species Clause: Limit one of each Pok\u00e9mon\n|rule|HP Percentage Mod: HP is shown in percentages\n|rule|Sleep Clause Mod: Limit one foe put to sleep\n|rule|Illusion Level Mod: Illusion disguises the Pok\u00e9mon's true level\n|\n|t:|1783573454\n|teamsize|p1|6\n|teamsize|p2|6\n|start\n|switch|p1a: Talonflame|Talonflame, L83, M|100/100\n|switch|p2a: Venusaur|Venusaur, L84, F|272/272\n|turn|1\n|inactive|Battle timer is ON: inactive players will automatically lose when time's up. (requested by p0y29055866)\n|inactive|p0x29054388 also wants the timer to be on.\n|\n|t:|1783573455\n|move|p1a: Talonflame|Swords Dance|p1a: Talonflame\n|-boost|p1a: Talonflame|atk|2\n|move|p2a: Venusaur|Sludge Bomb|p1a: Talonflame\n|-damage|p1a: Talonflame|56/100\n|\n|upkeep\n|turn|2\n|inactive|Time left: 300 sec this turn | 300 sec total\n|\n|t:|1783573456\n|switch|p2a: Ceruledge|Ceruledge, L78, F|245/245\n|move|p1a: Talonflame|Flare Blitz|p2a: Ceruledge\n|-resisted|p2a: Ceruledge\n|-damage|p2a: Ceruledge|124/245\n|-ability|p2a: Ceruledge|Weak Armor|boost\n|-unboost|p2a: Ceruledge|def|1\n|-boost|p2a: Ceruledge|spe|2\n|-damage|p1a: Talonflame|41/100|[from] Recoil\n|\n|upkeep\n|turn|3\n|inactive|Time left: 300 sec this turn | 300 sec total\n|\n|t:|1783573458\n|move|p2a: Ceruledge|Poltergeist|p1a: Talonflame\n|-activate|p1a: Talonflame|move: Poltergeist|Heavy-Duty Boots\n|-damage|p1a: Talonflame|0 fnt\n|faint|p1a: Talonflame\n|\n|upkeep\n|\n|t:|1783573459\n|switch|p1a: Araquanid|Araquanid, L82, M|100/100\n|turn|4\n|inactive|Time left: 300 sec this turn | 300 sec total\n|\n|t:|1783573460\n|move|p2a: Ceruledge|Poltergeist|p1a: Araquanid\n|-activate|p1a: Araquanid|move: Poltergeist|Heavy-Duty Boots\n|-damage|p1a: Araquanid|51/100\n|move|p1a: Araquanid|Sticky Web|p2a: Ceruledge\n|-sidestart|p2: p0y29055866|move: Sticky Web\n|\n|upkeep\n|turn|5\n|inactive|Time left: 300 sec this turn | 300 sec total\n|\n|t:|1783573461\n|move|p2a: Ceruledge|Poltergeist|p1a: Araquanid\n|-activate|p1a: Araquanid|move: Poltergeist|Heavy-Duty Boots\n|-damage|p1a: Araquanid|0 fnt\n|faint|p1a: Araquanid\n|\n|upkeep\n|\n|t:|1783573462\n|switch|p1a: Furret|Furret, L94, F|100/100\n|-item|p2a: Ceruledge|Heavy-Duty Boots|[from] ability: Frisk|[of] p1a: Furret\n|turn|6\n|inactive|Time left: 300 sec this turn | 300 sec total\n|\n|t:|1783573463\n|move|p2a: Ceruledge|Bitter Blade|p1a: Furret\n|-damage|p1a: Furret|67/100\n|-heal|p2a: Ceruledge|177/245|[from] drain|[of] p1a: Furret\n|move|p1a: Furret|Knock Off|p2a: Ceruledge\n|-supereffective|p2a: Ceruledge\n|-damage|p2a: Ceruledge|0 fnt\n|-enditem|p2a: Ceruledge|Heavy-Duty Boots|[from] move: Knock Off|[of] p1a: Furret\n|faint|p2a: Ceruledge\n|\n|upkeep\n|inactive|Time left: 300 sec this turn | 300 sec total | 5 sec grace\n|\n|t:|1783573464\n|switch|p2a: Noctowl|Noctowl, L95, M|344/344\n|turn|7\n|inactive|Time left: 300 sec this turn | 300 sec total\n|\n|t:|1783573465\n|move|p1a: Furret|Knock Off|p2a: Noctowl\n|-damage|p2a: Noctowl|200/344\n|-enditem|p2a: Noctowl|Heavy-Duty Boots|[from] move: Knock Off|[of] p1a: Furret\n|move|p2a: Noctowl|Defog|p1a: Furret\n|-unboost|p1a: Furret|evasion|1\n|-sideend|p2: p0y29055866|Sticky Web|[from] move: Defog|[of] p2a: Noctowl\n|\n|upkeep\n|turn|8\n|inactive|Time left: 300 sec this turn | 300 sec total\n|\n|t:|1783573466\n|move|p1a: Furret|Knock Off|p2a: Noctowl\n|-damage|p2a: Noctowl|109/344\n|move|p2a: Noctowl|Hyper Voice|p1a: Furret\n|-damage|p1a: Furret|25/100\n|\n|upkeep\n|turn|9\n|inactive|Time left: 300 sec this turn | 300 sec total\n|\n|t:|1783573467\n|move|p1a: Furret|Knock Off|p2a: Noctowl\n|-damage|p2a: Noctowl|13/344\n|move|p2a: Noctowl|Roost|p2a: Noctowl\n|-heal|p2a: Noctowl|185/344\n|-singleturn|p2a: Noctowl|move: Roost\n|\n|upkeep\n|turn|10\n|inactive|Time left: 300 sec this turn | 300 sec total\n|\n|t:|1783573468\n|move|p1a: Furret|Knock Off|p2a: Noctowl\n|-crit|p2a: Noctowl\n|-damage|p2a: Noctowl|51/344\n|move|p2a: Noctowl|Roost|p2a: Noctowl\n|-heal|p2a: Noctowl|223/344\n|-singleturn|p2a: Noctowl|move: Roost\n|\n|upkeep\n|turn|11\n|inactive|Time left: 300 sec this turn | 300 sec total\n|\n|t:|1783573469\n|move|p1a: Furret|Knock Off|p2a: Noctowl\n|-damage|p2a: Noctowl|134/344\n|move|p2a: Noctowl|Hyper Voice|p1a: Furret\n|-damage|p1a: Furret|0 fnt\n|faint|p1a: Furret\n|\n|upkeep\n|\n|t:|1783573470\n|switch|p1a: Oricorio|Oricorio-Pom-Pom, L82, F|100/100\n|turn|12\n|inactive|Time left: 300 sec this turn | 300 sec total\n|\n|t:|1783573471\n|switch|p2a: Mabosstiff|Mabosstiff, L86, M|278/278\n|move|p1a: Oricorio|Quiver Dance|p1a: Oricorio\n|-boost|p1a: Oricorio|spa|1\n|-boost|p1a: Oricorio|spd|1\n|-boost|p1a: Oricorio|spe|1\n|\n|upkeep\n|turn|13\n|inactive|Time left: 300 sec this turn | 300 sec total\n|\n|t:|1783573472\n|move|p1a: Oricorio|Revelation Dance|p2a: Mabosstiff\n|-damage|p2a: Mabosstiff|122/278\n|move|p2a: Mabosstiff|Crunch|p1a: Oricorio\n|-damage|p1a: Oricorio|21/100\n|\n|upkeep\n|turn|14\n|inactive|Time left: 300 sec this turn | 300 sec total\n|\n|t:|1783573474\n|move|p1a: Oricorio|Revelation Dance|p2a: Mabosstiff\n|-damage|p2a: Mabosstiff|0 fnt\n|faint|p2a: Mabosstiff\n|\n|upkeep\n|inactive|Time left: 300 sec this turn | 300 sec total | 5 sec grace\n|\n|t:|1783573475\n|switch|p2a: Breloom|Breloom, L83, F|235/235\n|turn|15\n|inactive|Time left: 300 sec this turn | 300 sec total\n|\n|t:|1783573476\n|move|p2a: Breloom|Mach Punch|p1a: Oricorio\n|-resisted|p1a: Oricorio\n|-damage|p1a: Oricorio|0 fnt\n|faint|p1a: Oricorio\n|-damage|p2a: Breloom|212/235|[from] item: Life Orb\n|\n|upkeep\n|\n|t:|1783573477\n|switch|p1a: Scizor|Scizor, L79, M|100/100\n|turn|16\n|inactive|Time left: 300 sec this turn | 300 sec total\n|\n|t:|1783573478\n|move|p2a: Breloom|Mach Punch|p1a: Scizor\n|-damage|p1a: Scizor|57/100\n|-damage|p2a: Breloom|189/235|[from] item: Life Orb\n|move|p1a: Scizor|Swords Dance|p1a: Scizor\n|-boost|p1a: Scizor|atk|2\n|\n|upkeep\n|turn|17\n|inactive|Time left: 300 sec this turn | 300 sec total\n|\n|t:|1783573479\n|move|p2a: Breloom|Mach Punch|p1a: Scizor\n|-damage|p1a: Scizor|14/100\n|-damage|p2a: Breloom|166/235|[from] item: Life Orb\n|move|p1a: Scizor|Bullet Punch|p2a: Breloom\n|-damage|p2a: Breloom|0 fnt\n|faint|p2a: Breloom\n|-damage|p1a: Scizor|4/100|[from] item: Life Orb\n|\n|upkeep\n|inactive|Time left: 300 sec this turn | 300 sec total | 5 sec grace\n|\n|t:|1783573480\n|switch|p2a: Furret|Furret, L94, M|312/312\n|-item|p1a: Scizor|Life Orb|[from] ability: Frisk|[of] p2a: Furret\n|turn|18\n|inactive|Time left: 300 sec this turn | 300 sec total\n|\n|t:|1783573481\n|move|p1a: Scizor|Bullet Punch|p2a: Furret\n|-damage|p2a: Furret|90/312\n|-damage|p1a: Scizor|0 fnt|[from] item: Life Orb\n|faint|p1a: Scizor\n|move|p2a: Furret|Double-Edge|p1: Scizor|[notarget]\n|-fail|p2a: Furret\n|\n|upkeep\n|\n|t:|1783573481\n|switch|p1a: Sceptile|Sceptile, L87, F|100/100\n|turn|19\n|inactive|Time left: 300 sec this turn | 300 sec total\n|\n|t:|1783573482\n|switch|p2a: Venusaur|Venusaur, L84, F|272/272\n|move|p1a: Sceptile|Earthquake|p2a: Venusaur\n|-damage|p2a: Venusaur|177/272\n|-damage|p1a: Sceptile|91/100|[from] item: Life Orb\n|\n|-heal|p2a: Venusaur|194/272|[from] item: Leftovers\n|upkeep\n|turn|20\n|inactive|Time left: 300 sec this turn | 300 sec total\n|\n|t:|1783573483\n|-terastallize|p1a: Sceptile|Ground\n|move|p1a: Sceptile|Earthquake|p2a: Venusaur\n|-damage|p2a: Venusaur|58/272\n|-damage|p1a: Sceptile|81/100|[from] item: Life Orb\n|move|p2a: Venusaur|Sludge Bomb|p1a: Sceptile\n|-resisted|p1a: Sceptile\n|-damage|p1a: Sceptile|63/100\n|\n|-heal|p2a: Venusaur|75/272|[from] item: Leftovers\n|upkeep\n|turn|21\n|inactive|Time left: 300 sec this turn | 300 sec total\n|\n|t:|1783573485\n|move|p1a: Sceptile|Earthquake|p2a: Venusaur\n|-damage|p2a: Venusaur|0 fnt\n|faint|p2a: Venusaur\n|-damage|p1a: Sceptile|53/100|[from] item: Life Orb\n|\n|upkeep\n|inactive|Time left: 300 sec this turn | 300 sec total | 5 sec grace\n|\n|t:|1783573485\n|switch|p2a: Noctowl|Noctowl, L95, M|134/344\n|turn|22\n|inactive|Time left: 300 sec this turn | 300 sec total\n|\n|t:|1783573486\n|move|p1a: Sceptile|Focus Blast|p2a: Noctowl\n|-damage|p2a: Noctowl|22/344\n|-damage|p1a: Sceptile|43/100|[from] item: Life Orb\n|move|p2a: Noctowl|Roost|p2a: Noctowl\n|-heal|p2a: Noctowl|194/344\n|-singleturn|p2a: Noctowl|move: Roost\n|\n|upkeep\n|turn|23\n|inactive|Time left: 300 sec this turn | 300 sec total\n|\n|t:|1783573487\n|move|p1a: Sceptile|Leaf Storm|p2a: Noctowl\n|-resisted|p2a: Noctowl\n|-damage|p2a: Noctowl|104/344\n|-unboost|p1a: Sceptile|spa|2\n|-damage|p1a: Sceptile|33/100|[from] item: Life Orb\n|move|p2a: Noctowl|Hyper Voice|p1a: Sceptile\n|-damage|p1a: Sceptile|0 fnt\n|faint|p1a: Sceptile\n|\n|win|p0y29055866", "uploadtime": 1783573487, "views": 0, "rating": 0, "private": 0, "password": null, "_winner": "p0y29055866", "_our_name": "p0y29055866"}