{"id": "battle-gen9randombattle-799", "formatid": "gen9randombattle", "format": "[Gen 9] Random Battle", "players": ["p0x799c7c0", "p0y7999257"], "log": "|init|battle\n|title|p0x799c7c0 vs. p0y7999257\n|j|\u2606p0x799c7c0\n|j|\u2606p0y7999257\n|t:|1783549157\n|gametype|singles\n|player|p1|p0x799c7c0|1|\n|player|p2|p0y7999257|265|\n|gen|9\n|tier|[Gen 9] Random Battle\n|rule|Species Clause: Limit one of each Pok\u00e9mon\n|rule|HP Percentage Mod: HP is shown in percentages\n|rule|Sleep Clause Mod: Limit one foe put to sleep\n|rule|Illusion Level Mod: Illusion disguises the Pok\u00e9mon's true level\n|\n|t:|1783549157\n|teamsize|p1|6\n|teamsize|p2|6\n|start\n|switch|p1a: Rayquaza|Rayquaza, L72|270/270\n|switch|p2a: Annihilape|Annihilape, L76, M|100/100\n|-ability|p1a: Rayquaza|Air Lock\n|turn|1\n|inactive|Battle timer is ON: inactive players will automatically lose when time's up. (requested by p0y7999257)\n|inactive|Time left: 300 sec this turn | 300 sec total | 60 sec grace\n|inactive|p0x799c7c0 also wants the timer to be on.\n|\n|t:|1783549158\n|move|p2a: Annihilape|Bulk Up|p2a: Annihilape\n|-boost|p2a: Annihilape|atk|1\n|-boost|p2a: Annihilape|def|1\n|move|p1a: Rayquaza|Swords Dance|p1a: Rayquaza\n|-boost|p1a: Rayquaza|atk|2\n|\n|upkeep\n|turn|2\n|inactive|Time left: 300 sec this turn | 300 sec total\n|\n|t:|1783549159\n|-terastallize|p2a: Annihilape|Fairy\n|move|p2a: Annihilape|Bulk Up|p2a: Annihilape\n|-boost|p2a: Annihilape|atk|1\n|-boost|p2a: Annihilape|def|1\n|move|p1a: Rayquaza|Dragon Ascent|p2a: Annihilape\n|-damage|p2a: Annihilape|50/100\n|-unboost|p1a: Rayquaza|def|1\n|-unboost|p1a: Rayquaza|spd|1\n|\n|upkeep\n|turn|3\n|inactive|Time left: 300 sec this turn | 300 sec total\n|\n|t:|1783549160\n|move|p2a: Annihilape|Drain Punch|p1a: Rayquaza\n|-resisted|p1a: Rayquaza\n|-damage|p1a: Rayquaza|152/270\n|-heal|p2a: Annihilape|70/100|[from] drain|[of] p1a: Rayquaza\n|move|p1a: Rayquaza|Earthquake|p2a: Annihilape\n|-crit|p2a: Annihilape\n|-damage|p2a: Annihilape|0 fnt\n|faint|p2a: Annihilape\n|\n|upkeep\n|\n|t:|1783549161\n|switch|p2a: Bombirdier|Bombirdier, L85, F|100/100\n|turn|4\n|inactive|Time left: 300 sec this turn | 300 sec total\n|\n|t:|1783549162\n|switch|p1a: Malamar|Malamar, L82, F|275/275\n|move|p2a: Bombirdier|Knock Off|p1a: Malamar\n|-damage|p1a: Malamar|157/275\n|-enditem|p1a: Malamar|Chesto Berry|[from] move: Knock Off|[of] p2a: Bombirdier\n|\n|upkeep\n|turn|5\n|inactive|Time left: 300 sec this turn | 300 sec total\n|\n|t:|1783549164\n|move|p2a: Bombirdier|Knock Off|p1a: Malamar\n|-damage|p1a: Malamar|85/275\n|move|p1a: Malamar|Superpower|p2a: Bombirdier\n|-damage|p2a: Bombirdier|69/100\n|-boost|p1a: Malamar|atk|1\n|-boost|p1a: Malamar|def|1\n|\n|upkeep\n|turn|6\n|inactive|Time left: 300 sec this turn | 300 sec total\n|\n|t:|1783549165\n|-terastallize|p1a: Malamar|Steel\n|move|p2a: Bombirdier|Brave Bird|p1a: Malamar\n|-resisted|p1a: Malamar\n|-damage|p1a: Malamar|36/275\n|-damage|p2a: Bombirdier|63/100|[from] Recoil\n|move|p1a: Malamar|Superpower|p2a: Bombirdier\n|-damage|p2a: Bombirdier|19/100\n|-boost|p1a: Malamar|atk|1\n|-boost|p1a: Malamar|def|1\n|\n|upkeep\n|turn|7\n|inactive|Time left: 300 sec this turn | 300 sec total\n|\n|t:|1783549166\n|move|p2a: Bombirdier|Knock Off|p1a: Malamar\n|-damage|p1a: Malamar|0 fnt\n|faint|p1a: Malamar\n|\n|upkeep\n|inactive|Time left: 300 sec this turn | 300 sec total | 5 sec grace\n|\n|t:|1783549167\n|switch|p1a: Houndoom|Houndoom, L87, M|272/272\n|turn|8\n|inactive|Time left: 300 sec this turn | 300 sec total\n|\n|t:|1783549168\n|move|p1a: Houndoom|Fire Blast|p2a: Bombirdier\n|-damage|p2a: Bombirdier|0 fnt\n|faint|p2a: Bombirdier\n|\n|upkeep\n|\n|t:|1783549169\n|switch|p2a: Pawmot|Pawmot, L80, F|100/100\n|turn|9\n|inactive|Time left: 300 sec this turn | 300 sec total\n|\n|t:|1783549170\n|move|p1a: Houndoom|Fire Blast|p2a: Pawmot\n|-damage|p2a: Pawmot|20/100\n|move|p2a: Pawmot|Close Combat|p1a: Houndoom\n|-supereffective|p1a: Houndoom\n|-damage|p1a: Houndoom|0 fnt\n|-unboost|p2a: Pawmot|def|1\n|-unboost|p2a: Pawmot|spd|1\n|faint|p1a: Houndoom\n|-damage|p2a: Pawmot|10/100|[from] item: Life Orb\n|\n|upkeep\n|inactive|Time left: 300 sec this turn | 300 sec total | 5 sec grace\n|\n|t:|1783549171\n|switch|p1a: Gogoat|Gogoat, L88, F|360/360\n|turn|10\n|inactive|Time left: 300 sec this turn | 300 sec total\n|\n|t:|1783549172\n|switch|p2a: Arboliva|Arboliva, L91, F|100/100\n|move|p1a: Gogoat|Bulk Up|p1a: Gogoat\n|-boost|p1a: Gogoat|atk|1\n|-boost|p1a: Gogoat|def|1\n|\n|upkeep\n|turn|11\n|inactive|Time left: 300 sec this turn | 300 sec total\n|\n|t:|1783549173\n|move|p1a: Gogoat|Bulk Up|p1a: Gogoat\n|-boost|p1a: Gogoat|atk|1\n|-boost|p1a: Gogoat|def|1\n|move|p2a: Arboliva|Hyper Voice|p1a: Gogoat\n|-damage|p1a: Gogoat|212/360\n|\n|-heal|p1a: Gogoat|234/360|[from] item: Leftovers\n|upkeep\n|turn|12\n|inactive|Time left: 300 sec this turn | 300 sec total\n|\n|t:|1783549174\n|move|p1a: Gogoat|Horn Leech|p2a: Arboliva\n|-resisted|p2a: Arboliva\n|-damage|p2a: Arboliva|74/100\n|-heal|p1a: Gogoat|272/360|[from] drain|[of] p2a: Arboliva\n|-fieldstart|move: Grassy Terrain|[from] ability: Seed Sower|[of] p2a: Arboliva\n|move|p2a: Arboliva|Hyper Voice|p1a: Gogoat\n|-damage|p1a: Gogoat|130/360\n|\n|-heal|p1a: Gogoat|152/360|[from] Grassy Terrain\n|-heal|p1a: Gogoat|174/360|[from] item: Leftovers\n|-heal|p2a: Arboliva|80/100|[from] Grassy Terrain\n|-heal|p2a: Arboliva|87/100|[from] item: Leftovers\n|upkeep\n|turn|13\n|inactive|Time left: 300 sec this turn | 300 sec total\n|\n|t:|1783549175\n|move|p1a: Gogoat|Horn Leech|p2a: Arboliva\n|-resisted|p2a: Arboliva\n|-damage|p2a: Arboliva|52/100\n|-heal|p1a: Gogoat|224/360|[from] drain|[of] p2a: Arboliva\n|move|p2a: Arboliva|Hyper Voice|p1a: Gogoat\n|-damage|p1a: Gogoat|85/360\n|\n|-heal|p1a: Gogoat|107/360|[from] Grassy Terrain\n|-heal|p1a: Gogoat|129/360|[from] item: Leftovers\n|-heal|p2a: Arboliva|58/100|[from] Grassy Terrain\n|-heal|p2a: Arboliva|65/100|[from] item: Leftovers\n|upkeep\n|turn|14\n|inactive|Time left: 300 sec this turn | 300 sec total\n|\n|t:|1783549176\n|move|p1a: Gogoat|Milk Drink|p1a: Gogoat\n|-heal|p1a: Gogoat|309/360\n|move|p2a: Arboliva|Hyper Voice|p1a: Gogoat\n|-damage|p1a: Gogoat|164/360\n|\n|-heal|p1a: Gogoat|186/360|[from] Grassy Terrain\n|-heal|p1a: Gogoat|208/360|[from] item: Leftovers\n|-heal|p2a: Arboliva|71/100|[from] Grassy Terrain\n|-heal|p2a: Arboliva|77/100|[from] item: Leftovers\n|upkeep\n|turn|15\n|inactive|Time left: 300 sec this turn | 300 sec total\n|\n|t:|1783549178\n|move|p1a: Gogoat|Horn Leech|p2a: Arboliva\n|-resisted|p2a: Arboliva\n|-damage|p2a: Arboliva|42/100\n|-heal|p1a: Gogoat|259/360|[from] drain|[of] p2a: Arboliva\n|move|p2a: Arboliva|Hyper Voice|p1a: Gogoat\n|-damage|p1a: Gogoat|129/360\n|\n|-heal|p1a: Gogoat|151/360|[from] Grassy Terrain\n|-heal|p1a: Gogoat|173/360|[from] item: Leftovers\n|-heal|p2a: Arboliva|48/100|[from] Grassy Terrain\n|-heal|p2a: Arboliva|54/100|[from] item: Leftovers\n|upkeep\n|turn|16\n|inactive|Time left: 300 sec this turn | 300 sec total\n|\n|t:|1783549179\n|move|p1a: Gogoat|Horn Leech|p2a: Arboliva\n|-resisted|p2a: Arboliva\n|-damage|p2a: Arboliva|17/100\n|-heal|p1a: Gogoat|228/360|[from] drain|[of] p2a: Arboliva\n|move|p2a: Arboliva|Hyper Voice|p1a: Gogoat\n|-damage|p1a: Gogoat|95/360\n|\n|-heal|p1a: Gogoat|117/360|[from] Grassy Terrain\n|-heal|p1a: Gogoat|139/360|[from] item: Leftovers\n|-heal|p2a: Arboliva|23/100|[from] Grassy Terrain\n|-heal|p2a: Arboliva|29/100|[from] item: Leftovers\n|-fieldend|move: Grassy Terrain\n|upkeep\n|turn|17\n|inactive|Time left: 300 sec this turn | 300 sec total\n|\n|t:|1783549180\n|switch|p2a: Jumpluff|Jumpluff, L87, F|100/100\n|move|p1a: Gogoat|Horn Leech|p2a: Jumpluff\n|-resisted|p2a: Jumpluff\n|-damage|p2a: Jumpluff|83/100\n|-heal|p1a: Gogoat|163/360|[from] drain|[of] p2a: Jumpluff\n|\n|-heal|p1a: Gogoat|185/360|[from] item: Leftovers\n|upkeep\n|turn|18\n|inactive|Time left: 300 sec this turn | 300 sec total\n|\n|t:|1783549181\n|move|p2a: Jumpluff|Acrobatics|p1a: Gogoat\n|-supereffective|p1a: Gogoat\n|-damage|p1a: Gogoat|81/360\n|move|p1a: Gogoat|Horn Leech|p2a: Jumpluff\n|-resisted|p2a: Jumpluff\n|-damage|p2a: Jumpluff|65/100\n|-heal|p1a: Gogoat|105/360|[from] drain|[of] p2a: Jumpluff\n|\n|-heal|p1a: Gogoat|127/360|[from] item: Leftovers\n|upkeep\n|turn|19\n|inactive|Time left: 300 sec this turn | 300 sec total\n|\n|t:|1783549182\n|move|p2a: Jumpluff|Acrobatics|p1a: Gogoat\n|-supereffective|p1a: Gogoat\n|-damage|p1a: Gogoat|23/360\n|move|p1a: Gogoat|Milk Drink|p1a: Gogoat\n|-heal|p1a: Gogoat|203/360\n|\n|-heal|p1a: Gogoat|225/360|[from] item: Leftovers\n|upkeep\n|turn|20\n|inactive|Time left: 300 sec this turn | 300 sec total\n|\n|t:|1783549183\n|move|p2a: Jumpluff|Encore|p1a: Gogoat\n|-start|p1a: Gogoat|Encore\n|move|p1a: Gogoat|Milk Drink|p1a: Gogoat\n|-heal|p1a: Gogoat|360/360\n|\n|upkeep\n|turn|21\n|inactive|Time left: 300 sec this turn | 300 sec total\n|\n|t:|1783549184\n|switch|p2a: Arboliva|Arboliva, L91, F|29/100\n|move|p1a: Gogoat|Milk Drink||[still]\n|-fail|p1a: Gogoat|heal\n|\n|-heal|p2a: Arboliva|35/100|[from] item: Leftovers\n|upkeep\n|turn|22\n|inactive|Time left: 300 sec this turn | 300 sec total\n|\n|t:|1783549184\n|switch|p2a: Jumpluff|Jumpluff, L87, F|65/100\n|move|p1a: Gogoat|Milk Drink||[still]\n|-fail|p1a: Gogoat|heal\n|\n|-end|p1a: Gogoat|Encore\n|upkeep\n|turn|23\n|inactive|Time left: 300 sec this turn | 300 sec total\n|\n|t:|1783549185\n|move|p2a: Jumpluff|Encore|p1a: Gogoat\n|-start|p1a: Gogoat|Encore\n|move|p1a: Gogoat|Milk Drink||[still]\n|-fail|p1a: Gogoat|heal\n|\n|upkeep\n|turn|24\n|inactive|Time left: 300 sec this turn | 300 sec total\n|\n|t:|1783549187\n|switch|p2a: Arboliva|Arboliva, L91, F|35/100\n|switch|p1a: Gumshoos|Gumshoos, L95, F|321/321\n|\n|-heal|p2a: Arboliva|42/100|[from] item: Leftovers\n|upkeep\n|turn|25\n|inactive|Time left: 300 sec this turn | 300 sec total\n|\n|t:|1783549188\n|switch|p2a: Pawmot|Pawmot, L80, F|10/100\n|move|p1a: Gumshoos|Double-Edge|p2a: Pawmot\n|-damage|p2a: Pawmot|0 fnt\n|faint|p2a: Pawmot\n|-damage|p1a: Gumshoos|313/321|[from] Recoil\n|\n|upkeep\n|\n|t:|1783549189\n|switch|p2a: Jumpluff|Jumpluff, L87, F|65/100\n|turn|26\n|inactive|Time left: 300 sec this turn | 300 sec total\n|\n|t:|1783549190\n|move|p2a: Jumpluff|Sleep Powder|p1a: Gumshoos\n|-status|p1a: Gumshoos|slp|[from] move: Sleep Powder\n|cant|p1a: Gumshoos|slp\n|\n|upkeep\n|turn|27\n|inactive|Time left: 300 sec this turn | 300 sec total\n|\n|t:|1783549191\n|move|p2a: Jumpluff|Strength Sap|p1a: Gumshoos\n|-unboost|p1a: Gumshoos|atk|1\n|-heal|p2a: Jumpluff|100/100\n|-curestatus|p1a: Gumshoos|slp|[msg]\n|move|p1a: Gumshoos|Double-Edge|p2a: Jumpluff\n|-damage|p2a: Jumpluff|5/100\n|-damage|p1a: Gumshoos|227/321|[from] Recoil\n|\n|upkeep\n|turn|28\n|inactive|Time left: 300 sec this turn | 300 sec total\n|\n|t:|1783549192\n|move|p2a: Jumpluff|Acrobatics|p1a: Gumshoos\n|-damage|p1a: Gumshoos|128/321\n|move|p1a: Gumshoos|Double-Edge|p2a: Jumpluff\n|-damage|p2a: Jumpluff|0 fnt\n|faint|p2a: Jumpluff\n|-damage|p1a: Gumshoos|124/321|[from] Recoil\n|\n|upkeep\n|\n|t:|1783549193\n|switch|p2a: Meowstic|Meowstic-F, L89, F|100/100\n|turn|29\n|inactive|Time left: 300 sec this turn | 300 sec total\n|\n|t:|1783549194\n|move|p2a: Meowstic|Psychic|p1a: Gumshoos\n|-damage|p1a: Gumshoos|0 fnt\n|faint|p1a: Gumshoos\n|-damage|p2a: Meowstic|91/100|[from] item: Life Orb\n|\n|upkeep\n|inactive|Time left: 300 sec this turn | 300 sec total | 5 sec grace\n|\n|t:|1783549195\n|switch|p1a: Rayquaza|Rayquaza, L72|152/270\n|-ability|p1a: Rayquaza|Air Lock\n|turn|30\n|inactive|Time left: 300 sec this turn | 300 sec total\n|\n|t:|1783549196\n|move|p2a: Meowstic|Nasty Plot|p2a: Meowstic\n|-boost|p2a: Meowstic|spa|2\n|move|p1a: Rayquaza|Scale Shot|p2a: Meowstic\n|-damage|p2a: Meowstic|80/100\n|-damage|p2a: Meowstic|70/100\n|-damage|p2a: Meowstic|59/100\n|-damage|p2a: Meowstic|49/100\n|-hitcount|p2a: Meowstic|4\n|-unboost|p1a: Rayquaza|def|1\n|-boost|p1a: Rayquaza|spe|1\n|\n|upkeep\n|turn|31\n|inactive|Time left: 300 sec this turn | 300 sec total\n|\n|t:|1783549197\n|move|p1a: Rayquaza|Dragon Ascent|p2a: Meowstic\n|-damage|p2a: Meowstic|3/100\n|-unboost|p1a: Rayquaza|def|1\n|-unboost|p1a: Rayquaza|spd|1\n|move|p2a: Meowstic|Dark Pulse|p1a: Rayquaza\n|-damage|p1a: Rayquaza|0 fnt\n|faint|p1a: Rayquaza\n|-damage|p2a: Meowstic|0 fnt|[from] item: Life Orb\n|faint|p2a: Meowstic\n|\n|upkeep\n|inactive|Time left: 300 sec this turn | 300 sec total | 5 sec grace\n|\n|t:|1783549198\n|switch|p2a: Arboliva|Arboliva, L91, F|42/100\n|switch|p1a: Gogoat|Gogoat, L88, F|360/360\n|turn|32\n|inactive|Time left: 300 sec this turn | 300 sec total\n|\n|t:|1783549200\n|move|p1a: Gogoat|Bulk Up|p1a: Gogoat\n|-boost|p1a: Gogoat|atk|1\n|-boost|p1a: Gogoat|def|1\n|move|p2a: Arboliva|Hyper Voice|p1a: Gogoat\n|-damage|p1a: Gogoat|233/360\n|\n|-heal|p1a: Gogoat|255/360|[from] item: Leftovers\n|-heal|p2a: Arboliva|48/100|[from] item: Leftovers\n|upkeep\n|turn|33\n|inactive|Time left: 300 sec this turn | 300 sec total\n|\n|t:|1783549201\n|move|p1a: Gogoat|Horn Leech|p2a: Arboliva\n|-resisted|p2a: Arboliva\n|-damage|p2a: Arboliva|26/100\n|-heal|p1a: Gogoat|287/360|[from] drain|[of] p2a: Arboliva\n|-fieldstart|move: Grassy Terrain|[from] ability: Seed Sower|[of] p2a: Arboliva\n|move|p2a: Arboliva|Hyper Voice|p1a: Gogoat\n|-damage|p1a: Gogoat|157/360\n|\n|-heal|p1a: Gogoat|179/360|[from] Grassy Terrain\n|-heal|p1a: Gogoat|201/360|[from] item: Leftovers\n|-heal|p2a: Arboliva|32/100|[from] Grassy Terrain\n|-heal|p2a: Arboliva|38/100|[from] item: Leftovers\n|upkeep\n|turn|34\n|inactive|Time left: 300 sec this turn | 300 sec total\n|\n|t:|1783549202\n|move|p1a: Gogoat|Horn Leech|p2a: Arboliva\n|-resisted|p2a: Arboliva\n|-damage|p2a: Arboliva|12/100\n|-heal|p1a: Gogoat|240/360|[from] drain|[of] p2a: Arboliva\n|move|p2a: Arboliva|Earth Power|p1a: Gogoat\n|-resisted|p1a: Gogoat\n|-damage|p1a: Gogoat|197/360\n|\n|-heal|p1a: Gogoat|219/360|[from] Grassy Terrain\n|-heal|p1a: Gogoat|241/360|[from] item: Leftovers\n|-heal|p2a: Arboliva|18/100|[from] Grassy Terrain\n|-heal|p2a: Arboliva|24/100|[from] item: Leftovers\n|upkeep\n|turn|35\n|inactive|Time left: 300 sec this turn | 300 sec total\n|\n|t:|1783549203\n|move|p1a: Gogoat|Horn Leech|p2a: Arboliva\n|-resisted|p2a: Arboliva\n|-damage|p2a: Arboliva|0 fnt\n|-heal|p1a: Gogoat|275/360|[from] drain|[of] p2a: Arboliva\n|faint|p2a: Arboliva\n|\n|win|p0x799c7c0", "uploadtime": 1783549203, "views": 0, "rating": 0, "private": 0, "password": null, "_winner": "p0x799c7c0", "_our_name": "p0x799c7c0"}