{"id": "battle-gen9randombattle-2064", "formatid": "gen9randombattle", "format": "[Gen 9] Random Battle", "players": ["p0x20648f62", "p0y206464fb"], "log": "|init|battle\n|title|p0x20648f62 vs. p0y206464fb\n|j|\u2606p0x20648f62\n|j|\u2606p0y206464fb\n|t:|1783563915\n|gametype|singles\n|player|p1|p0x20648f62|169|\n|player|p2|p0y206464fb|1|\n|gen|9\n|tier|[Gen 9] Random Battle\n|rule|Species Clause: Limit one of each Pok\u00e9mon\n|rule|HP Percentage Mod: HP is shown in percentages\n|rule|Sleep Clause Mod: Limit one foe put to sleep\n|rule|Illusion Level Mod: Illusion disguises the Pok\u00e9mon's true level\n|\n|t:|1783563915\n|teamsize|p1|6\n|teamsize|p2|6\n|start\n|switch|p1a: Kricketune|Kricketune, L99, F|100/100\n|switch|p2a: Kricketune|Kricketune, L99, F|311/311\n|turn|1\n|inactive|Battle timer is ON: inactive players will automatically lose when time's up. (requested by p0x20648f62)\n|inactive|Time left: 300 sec this turn | 300 sec total | 60 sec grace\n|inactive|p0y206464fb also wants the timer to be on.\n|\n|t:|1783563916\n|move|p2a: Kricketune|Sticky Web|p1a: Kricketune\n|-sidestart|p1: p0x20648f62|move: Sticky Web\n|move|p1a: Kricketune|Sticky Web|p2a: Kricketune\n|-sidestart|p2: p0y206464fb|move: Sticky Web\n|\n|upkeep\n|turn|2\n|inactive|Time left: 300 sec this turn | 300 sec total\n|\n|t:|1783563917\n|move|p2a: Kricketune|Knock Off|p1a: Kricketune\n|-damage|p1a: Kricketune|67/100\n|-enditem|p1a: Kricketune|Focus Sash|[from] move: Knock Off|[of] p2a: Kricketune\n|move|p1a: Kricketune|Knock Off|p2a: Kricketune\n|-damage|p2a: Kricketune|208/311\n|-enditem|p2a: Kricketune|Focus Sash|[from] move: Knock Off|[of] p1a: Kricketune\n|\n|upkeep\n|turn|3\n|inactive|Time left: 300 sec this turn | 300 sec total\n|\n|t:|1783563918\n|move|p1a: Kricketune|Pounce|p2a: Kricketune\n|-damage|p2a: Kricketune|82/311\n|-unboost|p2a: Kricketune|spe|1\n|move|p2a: Kricketune|Pounce|p1a: Kricketune\n|-damage|p1a: Kricketune|25/100\n|-unboost|p1a: Kricketune|spe|1\n|\n|upkeep\n|turn|4\n|inactive|Time left: 300 sec this turn | 300 sec total\n|\n|t:|1783563920\n|move|p2a: Kricketune|Pounce|p1a: Kricketune\n|-damage|p1a: Kricketune|0 fnt\n|faint|p1a: Kricketune\n|\n|upkeep\n|\n|t:|1783563921\n|switch|p1a: Terapagos|Terapagos, L77, F|100/100\n|-activate|p1a: Terapagos|ability: Tera Shift\n|detailschange|p1a: Terapagos|Terapagos-Terastal, L77, F\n|-heal|p1a: Terapagos|100/100|[silent]\n|turn|5\n|inactive|Time left: 300 sec this turn | 300 sec total\n|\n|t:|1783563922\n|-terastallize|p2a: Kricketune|Ghost\n|move|p1a: Terapagos|Rapid Spin|p2a: Kricketune\n|-immune|p2a: Kricketune\n|move|p2a: Kricketune|Pounce|p1a: Terapagos\n|-activate|p1a: Terapagos|ability: Tera Shell\n|-resisted|p1a: Terapagos\n|-damage|p1a: Terapagos|85/100\n|-unboost|p1a: Terapagos|spe|1\n|\n|upkeep\n|turn|6\n|inactive|Time left: 300 sec this turn | 300 sec total\n|\n|t:|1783563923\n|switch|p1a: Weezing|Weezing-Galar, L86, F|100/100\n|move|p2a: Kricketune|Knock Off|p1a: Weezing\n|-resisted|p1a: Weezing\n|-damage|p1a: Weezing|89/100\n|-enditem|p1a: Weezing|Leftovers|[from] move: Knock Off|[of] p2a: Kricketune\n|\n|upkeep\n|turn|7\n|inactive|Time left: 300 sec this turn | 300 sec total\n|\n|t:|1783563924\n|move|p1a: Weezing|Strange Steam|p2a: Kricketune\n|-damage|p2a: Kricketune|0 fnt\n|faint|p2a: Kricketune\n|\n|upkeep\n|inactive|Time left: 300 sec this turn | 300 sec total | 5 sec grace\n|\n|t:|1783563925\n|switch|p2a: Volcarona|Volcarona, L77, F|257/257\n|turn|8\n|inactive|Time left: 300 sec this turn | 300 sec total\n|\n|t:|1783563926\n|move|p2a: Volcarona|Quiver Dance|p2a: Volcarona\n|-boost|p2a: Volcarona|spa|1\n|-boost|p2a: Volcarona|spd|1\n|-boost|p2a: Volcarona|spe|1\n|move|p1a: Weezing|Gunk Shot|p2a: Volcarona\n|-damage|p2a: Volcarona|80/257\n|\n|upkeep\n|turn|9\n|inactive|Time left: 300 sec this turn | 300 sec total\n|\n|t:|1783563928\n|move|p2a: Volcarona|Fiery Dance|p1a: Weezing\n|-crit|p1a: Weezing\n|-damage|p1a: Weezing|0 fnt\n|faint|p1a: Weezing\n|\n|upkeep\n|\n|t:|1783563929\n|switch|p1a: Politoed|Politoed, L88, M|100/100\n|-activate|p1a: Politoed|move: Sticky Web\n|-unboost|p1a: Politoed|spe|1\n|-weather|RainDance|[from] ability: Drizzle|[of] p1a: Politoed\n|turn|10\n|inactive|Time left: 300 sec this turn | 300 sec total\n|\n|t:|1783563930\n|move|p2a: Volcarona|Giga Drain|p1a: Politoed\n|-supereffective|p1a: Politoed\n|-damage|p1a: Politoed|50/100\n|-heal|p2a: Volcarona|156/257|[from] drain|[of] p1a: Politoed\n|move|p1a: Politoed|Weather Ball|p2a: Volcarona\n|-supereffective|p2a: Volcarona\n|-damage|p2a: Volcarona|0 fnt\n|faint|p2a: Volcarona\n|\n|-weather|RainDance|[upkeep]\n|upkeep\n|inactive|Time left: 300 sec this turn | 300 sec total | 5 sec grace\n|\n|t:|1783563931\n|switch|p2a: Seviper|Seviper, L93, F|287/287\n|-activate|p2a: Seviper|move: Sticky Web\n|-unboost|p2a: Seviper|spe|1\n|turn|11\n|inactive|Time left: 300 sec this turn | 300 sec total\n|\n|t:|1783563932\n|move|p2a: Seviper|Gunk Shot|p1a: Politoed\n|-damage|p1a: Politoed|0 fnt\n|faint|p1a: Politoed\n|\n|-weather|RainDance|[upkeep]\n|upkeep\n|\n|t:|1783563933\n|switch|p1a: Medicham|Medicham, L86, F|100/100\n|-activate|p1a: Medicham|move: Sticky Web\n|-unboost|p1a: Medicham|spe|1\n|turn|12\n|inactive|Time left: 300 sec this turn | 300 sec total\n|\n|t:|1783563934\n|switch|p2a: Empoleon|Empoleon, L84, F|278/278\n|-activate|p2a: Empoleon|move: Sticky Web\n|-unboost|p2a: Empoleon|spe|1\n|-ability|p2a: Empoleon|Competitive|boost\n|-boost|p2a: Empoleon|spa|2\n|move|p1a: Medicham|Zen Headbutt|p2a: Empoleon\n|-resisted|p2a: Empoleon\n|-damage|p2a: Empoleon|183/278\n|\n|-weather|RainDance|[upkeep]\n|-heal|p2a: Empoleon|200/278|[from] item: Leftovers\n|upkeep\n|turn|13\n|inactive|Time left: 300 sec this turn | 300 sec total\n|\n|t:|1783563935\n|switch|p1a: Sawsbuck|Sawsbuck-Winter, L88, F|100/100\n|-activate|p1a: Sawsbuck|move: Sticky Web\n|-unboost|p1a: Sawsbuck|spe|1\n|move|p2a: Empoleon|Surf|p1a: Sawsbuck\n|-resisted|p1a: Sawsbuck\n|-damage|p1a: Sawsbuck|38/100\n|\n|-weather|RainDance|[upkeep]\n|-heal|p2a: Empoleon|217/278|[from] item: Leftovers\n|upkeep\n|turn|14\n|inactive|Time left: 300 sec this turn | 300 sec total\n|\n|t:|1783563937\n|-terastallize|p1a: Sawsbuck|Ground\n|move|p1a: Sawsbuck|High Horsepower|p2a: Empoleon\n|-supereffective|p2a: Empoleon\n|-damage|p2a: Empoleon|0 fnt\n|faint|p2a: Empoleon\n|-damage|p1a: Sawsbuck|28/100|[from] item: Life Orb\n|\n|-weather|none\n|upkeep\n|inactive|Time left: 300 sec this turn | 300 sec total | 5 sec grace\n|\n|t:|1783563938\n|switch|p2a: Dudunsparce|Dudunsparce-Three-Segment, L83, F|343/343\n|-activate|p2a: Dudunsparce|move: Sticky Web\n|-unboost|p2a: Dudunsparce|spe|1\n|turn|15\n|inactive|Time left: 300 sec this turn | 300 sec total\n|\n|t:|1783563939\n|move|p1a: Sawsbuck|Horn Leech|p2a: Dudunsparce\n|-damage|p2a: Dudunsparce|226/343\n|-heal|p1a: Sawsbuck|49/100|[from] drain|[of] p2a: Dudunsparce\n|-damage|p1a: Sawsbuck|39/100|[from] item: Life Orb\n|move|p2a: Dudunsparce|Boomburst|p1a: Sawsbuck\n|-damage|p1a: Sawsbuck|0 fnt\n|faint|p1a: Sawsbuck\n|\n|-heal|p2a: Dudunsparce|247/343|[from] item: Leftovers\n|upkeep\n|\n|t:|1783563940\n|switch|p1a: Medicham|Medicham, L86, F|100/100\n|-activate|p1a: Medicham|move: Sticky Web\n|-unboost|p1a: Medicham|spe|1\n|turn|16\n|inactive|Time left: 300 sec this turn | 300 sec total\n|\n|t:|1783563941\n|move|p1a: Medicham|Close Combat|p2a: Dudunsparce\n|-supereffective|p2a: Dudunsparce\n|-damage|p2a: Dudunsparce|0 fnt\n|-unboost|p1a: Medicham|def|1\n|-unboost|p1a: Medicham|spd|1\n|faint|p2a: Dudunsparce\n|\n|upkeep\n|inactive|Time left: 300 sec this turn | 300 sec total | 5 sec grace\n|\n|t:|1783563942\n|switch|p2a: Seviper|Seviper, L93, F|287/287\n|-activate|p2a: Seviper|move: Sticky Web\n|-unboost|p2a: Seviper|spe|1\n|turn|17\n|inactive|Time left: 300 sec this turn | 300 sec total\n|\n|t:|1783563943\n|move|p1a: Medicham|Close Combat|p2a: Seviper\n|-resisted|p2a: Seviper\n|-damage|p2a: Seviper|117/287\n|-unboost|p1a: Medicham|def|1\n|-unboost|p1a: Medicham|spd|1\n|move|p2a: Seviper|Gunk Shot|p1a: Medicham|[miss]\n|-miss|p2a: Seviper|p1a: Medicham\n|\n|-heal|p2a: Seviper|134/287|[from] item: Leftovers\n|upkeep\n|turn|18\n|inactive|Time left: 300 sec this turn | 300 sec total\n|\n|t:|1783563944\n|move|p1a: Medicham|Close Combat|p2a: Seviper\n|-resisted|p2a: Seviper\n|-damage|p2a: Seviper|0 fnt\n|-unboost|p1a: Medicham|def|1\n|-unboost|p1a: Medicham|spd|1\n|faint|p2a: Seviper\n|\n|upkeep\n|inactive|Time left: 300 sec this turn | 300 sec total | 5 sec grace\n|\n|t:|1783563945\n|switch|p2a: Electrode|Electrode-Hisui, L87|246/246\n|-activate|p2a: Electrode|move: Sticky Web\n|-unboost|p2a: Electrode|spe|1\n|turn|19\n|inactive|Time left: 300 sec this turn | 300 sec total\n|\n|t:|1783563946\n|switch|p1a: Terapagos|Terapagos-Terastal, L77, F|85/100\n|move|p2a: Electrode|Thunderbolt|p1a: Terapagos\n|-damage|p1a: Terapagos|48/100\n|-damage|p2a: Electrode|222/246|[from] item: Life Orb\n|\n|upkeep\n|turn|20\n|inactive|Time left: 300 sec this turn | 300 sec total\n|\n|t:|1783563947\n|move|p2a: Electrode|Thunderbolt|p1a: Terapagos\n|-damage|p1a: Terapagos|12/100\n|-damage|p2a: Electrode|198/246|[from] item: Life Orb\n|move|p1a: Terapagos|Tera Starstorm|p2a: Electrode\n|-damage|p2a: Electrode|87/246\n|\n|upkeep\n|turn|21\n|inactive|Time left: 300 sec this turn | 300 sec total\n|\n|t:|1783563948\n|move|p2a: Electrode|Volt Switch|p1a: Terapagos\n|-damage|p1a: Terapagos|0 fnt\n|faint|p1a: Terapagos\n|-damage|p2a: Electrode|63/246|[from] item: Life Orb\n|\n|upkeep\n|\n|t:|1783563949\n|switch|p1a: Medicham|Medicham, L86, F|100/100\n|-activate|p1a: Medicham|move: Sticky Web\n|-unboost|p1a: Medicham|spe|1\n|turn|22\n|inactive|Time left: 300 sec this turn | 300 sec total\n|\n|t:|1783563950\n|move|p2a: Electrode|Leaf Storm|p1a: Medicham\n|-damage|p1a: Medicham|24/100\n|-unboost|p2a: Electrode|spa|2\n|-damage|p2a: Electrode|39/246|[from] item: Life Orb\n|move|p1a: Medicham|Close Combat|p2a: Electrode\n|-damage|p2a: Electrode|0 fnt\n|-unboost|p1a: Medicham|def|1\n|-unboost|p1a: Medicham|spd|1\n|faint|p2a: Electrode\n|\n|win|p0x20648f62", "uploadtime": 1783563950, "views": 0, "rating": 0, "private": 0, "password": null, "_winner": "p0x20648f62", "_our_name": "p0y206464fb"}