{"id": "battle-gen9randombattle-1566", "formatid": "gen9randombattle", "format": "[Gen 9] Random Battle", "players": ["p0x15666502", "p0y156669ee"], "log": "|init|battle\n|title|p0x15666502 vs. p0y156669ee\n|j|\u2606p0x15666502\n|j|\u2606p0y156669ee\n|t:|1783557326\n|gametype|singles\n|player|p1|p0x15666502|265|\n|player|p2|p0y156669ee|170|\n|gen|9\n|tier|[Gen 9] Random Battle\n|rule|Species Clause: Limit one of each Pok\u00e9mon\n|rule|HP Percentage Mod: HP is shown in percentages\n|rule|Sleep Clause Mod: Limit one foe put to sleep\n|rule|Illusion Level Mod: Illusion disguises the Pok\u00e9mon's true level\n|\n|t:|1783557326\n|teamsize|p1|6\n|teamsize|p2|6\n|start\n|switch|p1a: Mabosstiff|Mabosstiff, L86, F|278/278\n|switch|p2a: Banette|Banette, L93, M|100/100\n|turn|1\n|inactive|Battle timer is ON: inactive players will automatically lose when time's up. (requested by p0y156669ee)\n|inactive|Time left: 300 sec this turn | 300 sec total | 60 sec grace\n|inactive|p0x15666502 also wants the timer to be on.\n|\n|t:|1783557328\n|switch|p2a: Overqwil|Overqwil, L82, M|100/100\n|-ability|p2a: Overqwil|Intimidate|boost\n|-unboost|p1a: Mabosstiff|atk|1\n|move|p1a: Mabosstiff|Crunch|p2a: Overqwil\n|-resisted|p2a: Overqwil\n|-damage|p2a: Overqwil|67/100\n|\n|upkeep\n|turn|2\n|inactive|Time left: 300 sec this turn | 300 sec total\n|\n|t:|1783557330\n|move|p1a: Mabosstiff|Crunch|p2a: Overqwil\n|-resisted|p2a: Overqwil\n|-damage|p2a: Overqwil|48/100\n|move|p2a: Overqwil|Swords Dance|p2a: Overqwil\n|-boost|p2a: Overqwil|atk|2\n|\n|upkeep\n|turn|3\n|inactive|Time left: 300 sec this turn | 300 sec total\n|\n|t:|1783557331\n|move|p1a: Mabosstiff|Crunch|p2a: Overqwil\n|-resisted|p2a: Overqwil\n|-damage|p2a: Overqwil|29/100\n|-unboost|p2a: Overqwil|def|1\n|move|p2a: Overqwil|Scale Shot|p1a: Mabosstiff|[miss]\n|-miss|p2a: Overqwil|p1a: Mabosstiff\n|\n|upkeep\n|turn|4\n|inactive|Time left: 300 sec this turn | 300 sec total\n|\n|t:|1783557332\n|move|p1a: Mabosstiff|Crunch|p2a: Overqwil\n|-resisted|p2a: Overqwil\n|-damage|p2a: Overqwil|1/100\n|move|p2a: Overqwil|Gunk Shot|p1a: Mabosstiff\n|-damage|p1a: Mabosstiff|2/278\n|\n|upkeep\n|turn|5\n|inactive|Time left: 300 sec this turn | 300 sec total\n|\n|t:|1783557333\n|move|p1a: Mabosstiff|Crunch|p2a: Overqwil\n|-resisted|p2a: Overqwil\n|-damage|p2a: Overqwil|0 fnt\n|faint|p2a: Overqwil\n|\n|upkeep\n|\n|t:|1783557334\n|switch|p2a: Dodrio|Dodrio, L85, M|100/100\n|turn|6\n|inactive|Time left: 300 sec this turn | 300 sec total\n|\n|t:|1783557335\n|switch|p1a: Mamoswine|Mamoswine, L81, M|311/311\n|move|p2a: Dodrio|Brave Bird|p1a: Mamoswine\n|-damage|p1a: Mamoswine|89/311\n|-damage|p2a: Dodrio|70/100|[from] Recoil\n|\n|upkeep\n|turn|7\n|inactive|Time left: 300 sec this turn | 300 sec total\n|\n|t:|1783557336\n|move|p1a: Mamoswine|Ice Shard|p2a: Dodrio\n|-supereffective|p2a: Dodrio\n|-damage|p2a: Dodrio|2/100\n|move|p2a: Dodrio|Brave Bird|p1a: Mamoswine\n|-damage|p1a: Mamoswine|0 fnt\n|faint|p1a: Mamoswine\n|-damage|p2a: Dodrio|0 fnt|[from] Recoil\n|faint|p2a: Dodrio\n|\n|upkeep\n|inactive|Time left: 300 sec this turn | 300 sec total | 5 sec grace\n|\n|t:|1783557337\n|switch|p2a: Dudunsparce|Dudunsparce, L83, F|100/100\n|switch|p1a: Clawitzer|Clawitzer, L87, M|265/265\n|turn|8\n|inactive|Time left: 300 sec this turn | 300 sec total\n|\n|t:|1783557338\n|move|p1a: Clawitzer|Water Pulse|p2a: Dudunsparce\n|-damage|p2a: Dudunsparce|60/100\n|move|p2a: Dudunsparce|Calm Mind|p2a: Dudunsparce\n|-boost|p2a: Dudunsparce|spa|1\n|-boost|p2a: Dudunsparce|spd|1\n|\n|-heal|p2a: Dudunsparce|66/100|[from] item: Leftovers\n|upkeep\n|turn|9\n|inactive|Time left: 300 sec this turn | 300 sec total\n|\n|t:|1783557340\n|move|p1a: Clawitzer|Water Pulse|p2a: Dudunsparce\n|-damage|p2a: Dudunsparce|41/100\n|move|p2a: Dudunsparce|Roost|p2a: Dudunsparce\n|-heal|p2a: Dudunsparce|91/100\n|-singleturn|p2a: Dudunsparce|move: Roost\n|\n|-heal|p2a: Dudunsparce|97/100|[from] item: Leftovers\n|upkeep\n|turn|10\n|inactive|Time left: 300 sec this turn | 300 sec total\n|\n|t:|1783557341\n|move|p1a: Clawitzer|Water Pulse|p2a: Dudunsparce\n|-damage|p2a: Dudunsparce|71/100\n|move|p2a: Dudunsparce|Calm Mind|p2a: Dudunsparce\n|-boost|p2a: Dudunsparce|spa|1\n|-boost|p2a: Dudunsparce|spd|1\n|\n|-heal|p2a: Dudunsparce|77/100|[from] item: Leftovers\n|upkeep\n|turn|11\n|inactive|Time left: 300 sec this turn | 300 sec total\n|\n|t:|1783557342\n|switch|p1a: Mabosstiff|Mabosstiff, L86, F|2/278\n|move|p2a: Dudunsparce|Boomburst|p1a: Mabosstiff\n|-damage|p1a: Mabosstiff|0 fnt\n|faint|p1a: Mabosstiff\n|\n|-heal|p2a: Dudunsparce|84/100|[from] item: Leftovers\n|upkeep\n|inactive|Time left: 300 sec this turn | 300 sec total | 5 sec grace\n|\n|t:|1783557343\n|switch|p1a: Zapdos|Zapdos-Galar, L77|265/265\n|turn|12\n|inactive|Time left: 300 sec this turn | 300 sec total\n|\n|t:|1783557344\n|-terastallize|p2a: Dudunsparce|Ghost\n|move|p1a: Zapdos|Close Combat|p2a: Dudunsparce\n|-immune|p2a: Dudunsparce\n|move|p2a: Dudunsparce|Boomburst|p1a: Zapdos\n|-damage|p1a: Zapdos|0 fnt\n|faint|p1a: Zapdos\n|\n|-heal|p2a: Dudunsparce|90/100|[from] item: Leftovers\n|upkeep\n|inactive|Time left: 300 sec this turn | 300 sec total | 5 sec grace\n|\n|t:|1783557345\n|switch|p1a: Clawitzer|Clawitzer, L87, M|265/265\n|turn|13\n|inactive|Time left: 300 sec this turn | 300 sec total\n|\n|t:|1783557346\n|move|p1a: Clawitzer|Water Pulse|p2a: Dudunsparce\n|-damage|p2a: Dudunsparce|69/100\n|move|p2a: Dudunsparce|Boomburst|p1a: Clawitzer\n|-damage|p1a: Clawitzer|87/265\n|\n|-heal|p2a: Dudunsparce|75/100|[from] item: Leftovers\n|upkeep\n|turn|14\n|inactive|Time left: 300 sec this turn | 300 sec total\n|\n|t:|1783557347\n|move|p1a: Clawitzer|Dark Pulse|p2a: Dudunsparce\n|-supereffective|p2a: Dudunsparce\n|-damage|p2a: Dudunsparce|36/100\n|-ability|p2a: Dudunsparce|Rattled|boost\n|-boost|p2a: Dudunsparce|spe|1\n|move|p2a: Dudunsparce|Shadow Ball|p1a: Clawitzer\n|-damage|p1a: Clawitzer|0 fnt\n|faint|p1a: Clawitzer\n|\n|-heal|p2a: Dudunsparce|42/100|[from] item: Leftovers\n|upkeep\n|inactive|Time left: 300 sec this turn | 300 sec total | 5 sec grace\n|\n|t:|1783557348\n|switch|p1a: Espathra|Espathra, L80, F|283/283\n|turn|15\n|inactive|Time left: 300 sec this turn | 300 sec total\n|\n|t:|1783557349\n|move|p1a: Espathra|Lumina Crash|p2a: Dudunsparce\n|-damage|p2a: Dudunsparce|21/100\n|-unboost|p2a: Dudunsparce|spd|2\n|move|p2a: Dudunsparce|Boomburst|p1a: Espathra\n|-damage|p1a: Espathra|0 fnt\n|faint|p1a: Espathra\n|\n|-heal|p2a: Dudunsparce|28/100|[from] item: Leftovers\n|upkeep\n|inactive|Time left: 300 sec this turn | 300 sec total | 5 sec grace\n|\n|t:|1783557350\n|switch|p1a: Talonflame|Talonflame, L83, F|265/265\n|turn|16\n|inactive|Time left: 300 sec this turn | 300 sec total\n|\n|t:|1783557350\n|move|p1a: Talonflame|Overheat|p2a: Dudunsparce\n|-damage|p2a: Dudunsparce|0 fnt\n|-unboost|p1a: Talonflame|spa|2\n|faint|p2a: Dudunsparce\n|\n|upkeep\n|\n|t:|1783557351\n|switch|p2a: Politoed|Politoed, L88, M|100/100\n|-weather|RainDance|[from] ability: Drizzle|[of] p2a: Politoed\n|turn|17\n|inactive|Time left: 300 sec this turn | 300 sec total\n|\n|t:|1783557352\n|-terastallize|p1a: Talonflame|Dragon\n|move|p1a: Talonflame|Taunt|p2a: Politoed\n|-start|p2a: Politoed|move: Taunt\n|move|p2a: Politoed|Surf|p1a: Talonflame\n|-resisted|p1a: Talonflame\n|-damage|p1a: Talonflame|171/265\n|\n|-weather|RainDance|[upkeep]\n|upkeep\n|turn|18\n|inactive|Time left: 300 sec this turn | 300 sec total\n|\n|t:|1783557353\n|move|p1a: Talonflame|Roost|p1a: Talonflame\n|-heal|p1a: Talonflame|265/265\n|move|p2a: Politoed|Ice Beam|p1a: Talonflame\n|-supereffective|p1a: Talonflame\n|-damage|p1a: Talonflame|91/265\n|\n|-weather|RainDance|[upkeep]\n|upkeep\n|turn|19\n|inactive|Time left: 300 sec this turn | 300 sec total\n|\n|t:|1783557354\n|switch|p2a: Banette|Banette, L93, M|100/100\n|move|p1a: Talonflame|Roost|p1a: Talonflame\n|-heal|p1a: Talonflame|224/265\n|\n|-weather|RainDance|[upkeep]\n|upkeep\n|turn|20\n|inactive|Time left: 300 sec this turn | 300 sec total\n|\n|t:|1783557355\n|move|p1a: Talonflame|Roost|p1a: Talonflame\n|-heal|p1a: Talonflame|265/265\n|move|p2a: Banette|Poltergeist|p1a: Talonflame\n|-activate|p1a: Talonflame|move: Poltergeist|Heavy-Duty Boots\n|-damage|p1a: Talonflame|34/265\n|-damage|p2a: Banette|90/100|[from] item: Life Orb\n|\n|-weather|RainDance|[upkeep]\n|upkeep\n|turn|21\n|inactive|Time left: 300 sec this turn | 300 sec total\n|\n|t:|1783557356\n|move|p2a: Banette|Shadow Sneak|p1a: Talonflame\n|-damage|p1a: Talonflame|0 fnt\n|-status|p2a: Banette|brn|[from] ability: Flame Body|[of] p1a: Talonflame\n|faint|p1a: Talonflame\n|-damage|p2a: Banette|80/100 brn|[from] item: Life Orb\n|\n|win|p0y156669ee", "uploadtime": 1783557356, "views": 0, "rating": 0, "private": 0, "password": null, "_winner": "p0y156669ee", "_our_name": "p0x15666502"}