{"id": "battle-gen9randombattle-117", "formatid": "gen9randombattle", "format": "[Gen 9] Random Battle", "players": ["p0x1177d5a", "p0y1170d27"], "log": "|init|battle\n|title|p0x1177d5a vs. p0y1170d27\n|j|\u2606p0x1177d5a\n|j|\u2606p0y1170d27\n|t:|1783535096\n|gametype|singles\n|player|p1|p0x1177d5a|102|\n|player|p2|p0y1170d27|102|\n|gen|9\n|tier|[Gen 9] Random Battle\n|rule|Species Clause: Limit one of each Pok\u00e9mon\n|rule|HP Percentage Mod: HP is shown in percentages\n|rule|Sleep Clause Mod: Limit one foe put to sleep\n|rule|Illusion Level Mod: Illusion disguises the Pok\u00e9mon's true level\n|\n|t:|1783535096\n|teamsize|p1|6\n|teamsize|p2|6\n|start\n|switch|p1a: Meowstic|Meowstic, L89, M|100/100\n|switch|p2a: Florges|Florges-Blue, L85, F|271/271\n|turn|1\n|inactive|Battle timer is ON: inactive players will automatically lose when time's up. (requested by p0x1177d5a)\n|inactive|Time left: 300 sec this turn | 300 sec total | 60 sec grace\n|inactive|p0y1170d27 also wants the timer to be on.\n|\n|t:|1783535098\n|move|p1a: Meowstic|Light Screen|p1a: Meowstic\n|-sidestart|p1: p0x1177d5a|move: Light Screen\n|move|p2a: Florges|Calm Mind|p2a: Florges\n|-boost|p2a: Florges|spa|1\n|-boost|p2a: Florges|spd|1\n|\n|upkeep\n|turn|2\n|inactive|Time left: 300 sec this turn | 300 sec total\n|\n|t:|1783535099\n|switch|p1a: Golurk|Golurk, L87|100/100\n|move|p2a: Florges|Calm Mind|p2a: Florges\n|-boost|p2a: Florges|spa|1\n|-boost|p2a: Florges|spd|1\n|\n|upkeep\n|turn|3\n|inactive|Time left: 300 sec this turn | 300 sec total\n|\n|t:|1783535100\n|move|p2a: Florges|Moonblast|p1a: Golurk\n|-damage|p1a: Golurk|58/100\n|-unboost|p1a: Golurk|spa|1\n|move|p1a: Golurk|Poltergeist|p2a: Florges\n|-activate|p2a: Florges|move: Poltergeist|Leftovers\n|-damage|p2a: Florges|0 fnt\n|faint|p2a: Florges\n|\n|upkeep\n|inactive|Time left: 300 sec this turn | 300 sec total | 5 sec grace\n|\n|t:|1783535101\n|switch|p2a: Kingdra|Kingdra, L84, M|263/263\n|turn|4\n|inactive|Time left: 300 sec this turn | 300 sec total\n|\n|t:|1783535102\n|-terastallize|p1a: Golurk|Ghost\n|move|p2a: Kingdra|Wave Crash|p1a: Golurk\n|-damage|p1a: Golurk|17/100\n|-damage|p2a: Kingdra|222/263|[from] Recoil\n|move|p1a: Golurk|Poltergeist|p2a: Kingdra\n|-activate|p2a: Kingdra|move: Poltergeist|Lum Berry\n|-damage|p2a: Kingdra|0 fnt\n|faint|p2a: Kingdra\n|\n|upkeep\n|inactive|Time left: 300 sec this turn | 300 sec total | 5 sec grace\n|\n|t:|1783535103\n|switch|p2a: Scyther|Scyther, L82, M|249/249\n|turn|5\n|inactive|Time left: 300 sec this turn | 300 sec total\n|\n|t:|1783535104\n|move|p2a: Scyther|Dual Wingbeat|p1a: Golurk\n|-damage|p1a: Golurk|0 fnt\n|faint|p1a: Golurk\n|-hitcount|p1: Golurk|1\n|\n|upkeep\n|\n|t:|1783535105\n|switch|p1a: Ambipom|Ambipom, L84, M|100/100\n|turn|6\n|inactive|Time left: 300 sec this turn | 300 sec total\n|\n|t:|1783535106\n|-terastallize|p2a: Scyther|Fighting\n|move|p1a: Ambipom|Triple Axel|p2a: Scyther\n|-damage|p2a: Scyther|214/249\n|-damage|p2a: Scyther|145/249\n|-damage|p2a: Scyther|46/249\n|-hitcount|p2a: Scyther|3\n|move|p2a: Scyther|Close Combat|p1a: Ambipom\n|-supereffective|p1a: Ambipom\n|-damage|p1a: Ambipom|0 fnt\n|-unboost|p2a: Scyther|def|1\n|-unboost|p2a: Scyther|spd|1\n|faint|p1a: Ambipom\n|\n|upkeep\n|\n|t:|1783535107\n|switch|p1a: Oricorio|Oricorio-Pom-Pom, L82, F|100/100\n|turn|7\n|inactive|Time left: 300 sec this turn | 300 sec total\n|\n|t:|1783535108\n|switch|p2a: Toedscruel|Toedscruel, L87, F|281/281\n|move|p1a: Oricorio|Quiver Dance|p1a: Oricorio\n|-boost|p1a: Oricorio|spa|1\n|-boost|p1a: Oricorio|spd|1\n|-boost|p1a: Oricorio|spe|1\n|\n|upkeep\n|turn|8\n|inactive|Time left: 300 sec this turn | 300 sec total\n|\n|t:|1783535109\n|move|p1a: Oricorio|Quiver Dance|p1a: Oricorio\n|-boost|p1a: Oricorio|spa|1\n|-boost|p1a: Oricorio|spd|1\n|-boost|p1a: Oricorio|spe|1\n|move|p2a: Toedscruel|Spore|p1a: Oricorio\n|-status|p1a: Oricorio|slp|[from] move: Spore\n|\n|-sideend|p1: p0x1177d5a|move: Light Screen\n|upkeep\n|turn|9\n|inactive|Time left: 300 sec this turn | 300 sec total\n|\n|t:|1783535110\n|cant|p1a: Oricorio|slp\n|move|p2a: Toedscruel|Rapid Spin|p1a: Oricorio\n|-damage|p1a: Oricorio|85/100 slp\n|-boost|p2a: Toedscruel|spe|1\n|\n|upkeep\n|turn|10\n|inactive|Time left: 300 sec this turn | 300 sec total\n|\n|t:|1783535111\n|cant|p1a: Oricorio|slp\n|move|p2a: Toedscruel|Rapid Spin|p1a: Oricorio\n|-damage|p1a: Oricorio|72/100 slp\n|-boost|p2a: Toedscruel|spe|1\n|\n|upkeep\n|turn|11\n|inactive|Time left: 300 sec this turn | 300 sec total\n|\n|t:|1783535112\n|move|p2a: Toedscruel|Rapid Spin|p1a: Oricorio\n|-damage|p1a: Oricorio|57/100 slp\n|-boost|p2a: Toedscruel|spe|1\n|-curestatus|p1a: Oricorio|slp|[msg]\n|move|p1a: Oricorio|Hurricane|p2a: Toedscruel|[miss]\n|-miss|p1a: Oricorio|p2a: Toedscruel\n|\n|upkeep\n|turn|12\n|inactive|Time left: 300 sec this turn | 300 sec total\n|\n|t:|1783535113\n|move|p1a: Oricorio|Hurricane|p2a: Toedscruel\n|-supereffective|p2a: Toedscruel\n|-damage|p2a: Toedscruel|0 fnt\n|faint|p2a: Toedscruel\n|\n|upkeep\n|inactive|Time left: 300 sec this turn | 300 sec total | 5 sec grace\n|\n|t:|1783535115\n|switch|p2a: Scyther|Scyther, L82, M, tera:Fighting|46/249\n|turn|13\n|inactive|Time left: 300 sec this turn | 300 sec total\n|\n|t:|1783535116\n|move|p1a: Oricorio|Revelation Dance|p2a: Scyther\n|-damage|p2a: Scyther|0 fnt\n|faint|p2a: Scyther\n|\n|upkeep\n|inactive|Time left: 300 sec this turn | 300 sec total | 5 sec grace\n|\n|t:|1783535117\n|switch|p2a: Deoxys|Deoxys, L74|196/196\n|-ability|p2a: Deoxys|Pressure\n|turn|14\n|inactive|Time left: 300 sec this turn | 300 sec total\n|\n|t:|1783535118\n|move|p2a: Deoxys|Extreme Speed|p1a: Oricorio\n|-damage|p1a: Oricorio|20/100\n|-damage|p2a: Deoxys|177/196|[from] item: Life Orb\n|move|p1a: Oricorio|Revelation Dance|p2a: Deoxys\n|-damage|p2a: Deoxys|0 fnt\n|faint|p2a: Deoxys\n|\n|upkeep\n|inactive|Time left: 300 sec this turn | 300 sec total | 5 sec grace\n|\n|t:|1783535119\n|switch|p2a: Arceus|Arceus-Fighting, L70|284/284\n|turn|15\n|inactive|Time left: 300 sec this turn | 300 sec total\n|\n|t:|1783535120\n|move|p1a: Oricorio|Hurricane|p2a: Arceus\n|-supereffective|p2a: Arceus\n|-crit|p2a: Arceus\n|-damage|p2a: Arceus|0 fnt\n|faint|p2a: Arceus\n|\n|win|p0x1177d5a", "uploadtime": 1783535120, "views": 0, "rating": 0, "private": 0, "password": null, "_winner": "p0x1177d5a", "_our_name": "p0y1170d27"}