{"id": "battle-gen9randombattle-2559", "formatid": "gen9randombattle", "format": "[Gen 9] Random Battle", "players": ["p0x25592a37", "p0y2559b877"], "log": "|init|battle\n|title|p0x25592a37 vs. p0y2559b877\n|j|\u2606p0x25592a37\n|j|\u2606p0y2559b877\n|t:|1783569592\n|gametype|singles\n|player|p1|p0x25592a37|170|\n|player|p2|p0y2559b877|1|\n|gen|9\n|tier|[Gen 9] Random Battle\n|rule|Species Clause: Limit one of each Pok\u00e9mon\n|rule|HP Percentage Mod: HP is shown in percentages\n|rule|Sleep Clause Mod: Limit one foe put to sleep\n|rule|Illusion Level Mod: Illusion disguises the Pok\u00e9mon's true level\n|\n|t:|1783569592\n|teamsize|p1|6\n|teamsize|p2|6\n|start\n|switch|p1a: Indeedee|Indeedee, L84, M|238/238\n|switch|p2a: Lumineon|Lumineon, L93, F|100/100\n|-fieldstart|move: Psychic Terrain|[from] ability: Psychic Surge|[of] p1a: Indeedee\n|turn|1\n|inactive|Battle timer is ON: inactive players will automatically lose when time's up. (requested by p0x25592a37)\n|\n|t:|1783569593\n|switch|p2a: Solgaleo|Solgaleo, L74|100/100\n|move|p1a: Indeedee|Expanding Force|p2a: Solgaleo\n|-resisted|p2a: Solgaleo\n|-damage|p2a: Solgaleo|82/100\n|-damage|p1a: Indeedee|215/238|[from] item: Life Orb\n|\n|upkeep\n|turn|2\n|inactive|Time left: 300 sec this turn | 300 sec total\n|inactive|p0y2559b877 also wants the timer to be on.\n|\n|t:|1783569594\n|switch|p1a: Dialga|Dialga, L73|266/266\n|-ability|p1a: Dialga|Pressure\n|move|p2a: Solgaleo|Knock Off|p1a: Dialga\n|-damage|p1a: Dialga|208/266\n|-enditem|p1a: Dialga|Assault Vest|[from] move: Knock Off|[of] p2a: Solgaleo\n|\n|upkeep\n|turn|3\n|inactive|Time left: 300 sec this turn | 300 sec total\n|\n|t:|1783569595\n|move|p2a: Solgaleo|Flame Charge|p1a: Dialga\n|-damage|p1a: Dialga|173/266\n|-boost|p2a: Solgaleo|spe|1\n|move|p1a: Dialga|Fire Blast|p2a: Solgaleo\n|-supereffective|p2a: Solgaleo\n|-damage|p2a: Solgaleo|24/100\n|-enditem|p2a: Solgaleo|Weakness Policy\n|-boost|p2a: Solgaleo|atk|2|[from] item: Weakness Policy\n|-boost|p2a: Solgaleo|spa|2|[from] item: Weakness Policy\n|\n|upkeep\n|turn|4\n|inactive|Time left: 300 sec this turn | 300 sec total\n|\n|t:|1783569596\n|move|p2a: Solgaleo|Close Combat|p1a: Dialga\n|-supereffective|p1a: Dialga\n|-crit|p1a: Dialga\n|-damage|p1a: Dialga|0 fnt\n|-unboost|p2a: Solgaleo|def|1\n|-unboost|p2a: Solgaleo|spd|1\n|faint|p1a: Dialga\n|\n|upkeep\n|inactive|Time left: 300 sec this turn | 300 sec total | 5 sec grace\n|\n|t:|1783569596\n|switch|p1a: Lapras|Lapras, L87, M|368/368\n|turn|5\n|inactive|Time left: 300 sec this turn | 300 sec total\n|\n|t:|1783569597\n|-terastallize|p1a: Lapras|Poison\n|move|p2a: Solgaleo|Close Combat|p1a: Lapras\n|-resisted|p1a: Lapras\n|-crit|p1a: Lapras\n|-damage|p1a: Lapras|227/368\n|-unboost|p2a: Solgaleo|def|1\n|-unboost|p2a: Solgaleo|spd|1\n|move|p1a: Lapras|Sparkling Aria|p2a: Solgaleo\n|-damage|p2a: Solgaleo|0 fnt\n|faint|p2a: Solgaleo\n|\n|-fieldend|move: Psychic Terrain\n|upkeep\n|\n|t:|1783569598\n|switch|p2a: Cryogonal|Cryogonal, L89|100/100\n|turn|6\n|inactive|Time left: 300 sec this turn | 300 sec total\n|\n|t:|1783569599\n|switch|p1a: Gholdengo|Gholdengo, L77|261/261\n|move|p2a: Cryogonal|Freeze-Dry|p1a: Gholdengo\n|-resisted|p1a: Gholdengo\n|-damage|p1a: Gholdengo|219/261\n|\n|-heal|p1a: Gholdengo|235/261|[from] item: Leftovers\n|upkeep\n|turn|7\n|inactive|Time left: 300 sec this turn | 300 sec total\n|\n|t:|1783569600\n|switch|p2a: Feraligatr|Feraligatr, L79, F|100/100\n|move|p1a: Gholdengo|Nasty Plot|p1a: Gholdengo\n|-boost|p1a: Gholdengo|spa|2\n|\n|-heal|p1a: Gholdengo|251/261|[from] item: Leftovers\n|upkeep\n|turn|8\n|inactive|Time left: 300 sec this turn | 300 sec total\n|\n|t:|1783569601\n|move|p1a: Gholdengo|Shadow Ball|p2a: Feraligatr\n|-damage|p2a: Feraligatr|30/100\n|-unboost|p2a: Feraligatr|spd|1\n|move|p2a: Feraligatr|Dragon Dance|p2a: Feraligatr\n|-boost|p2a: Feraligatr|atk|1\n|-boost|p2a: Feraligatr|spe|1\n|\n|-heal|p1a: Gholdengo|261/261|[from] item: Leftovers\n|upkeep\n|turn|9\n|inactive|Time left: 300 sec this turn | 300 sec total\n|\n|t:|1783569602\n|move|p2a: Feraligatr|Crunch|p1a: Gholdengo\n|-supereffective|p1a: Gholdengo\n|-damage|p1a: Gholdengo|0 fnt\n|faint|p1a: Gholdengo\n|\n|upkeep\n|inactive|Time left: 300 sec this turn | 300 sec total | 5 sec grace\n|\n|t:|1783569603\n|switch|p1a: Lapras|Lapras, L87, M, tera:Poison|227/368\n|turn|10\n|inactive|Time left: 300 sec this turn | 300 sec total\n|\n|t:|1783569604\n|switch|p2a: Cryogonal|Cryogonal, L89|100/100\n|move|p1a: Lapras|Freeze-Dry|p2a: Cryogonal\n|-resisted|p2a: Cryogonal\n|-damage|p2a: Cryogonal|92/100\n|\n|upkeep\n|turn|11\n|inactive|Time left: 300 sec this turn | 300 sec total\n|\n|t:|1783569605\n|move|p2a: Cryogonal|Freeze-Dry|p1a: Lapras\n|-damage|p1a: Lapras|151/368\n|move|p1a: Lapras|Freeze-Dry|p2a: Cryogonal\n|-resisted|p2a: Cryogonal\n|-damage|p2a: Cryogonal|84/100\n|\n|upkeep\n|turn|12\n|inactive|Time left: 300 sec this turn | 300 sec total\n|\n|t:|1783569606\n|move|p2a: Cryogonal|Rapid Spin|p1a: Lapras\n|-damage|p1a: Lapras|125/368\n|-boost|p2a: Cryogonal|spe|1\n|move|p1a: Lapras|Rest|p1a: Lapras\n|-status|p1a: Lapras|slp|[from] move: Rest\n|-heal|p1a: Lapras|368/368 slp|[silent]\n|\n|upkeep\n|turn|13\n|inactive|Time left: 300 sec this turn | 300 sec total\n|\n|t:|1783569607\n|switch|p1a: Diancie|Diancie, L82|216/216\n|move|p2a: Cryogonal|Freeze-Dry|p1a: Diancie\n|-damage|p1a: Diancie|165/216\n|\n|-heal|p1a: Diancie|178/216|[from] item: Leftovers\n|upkeep\n|turn|14\n|inactive|Time left: 300 sec this turn | 300 sec total\n|\n|t:|1783569608\n|move|p2a: Cryogonal|Flash Cannon|p1a: Diancie\n|-supereffective|p1a: Diancie\n|-damage|p1a: Diancie|0 fnt\n|faint|p1a: Diancie\n|\n|upkeep\n|inactive|Time left: 300 sec this turn | 300 sec total | 5 sec grace\n|\n|t:|1783569609\n|switch|p1a: Indeedee|Indeedee, L84, M|215/238\n|-fieldstart|move: Psychic Terrain|[from] ability: Psychic Surge|[of] p1a: Indeedee\n|turn|15\n|inactive|Time left: 300 sec this turn | 300 sec total\n|\n|t:|1783569610\n|move|p2a: Cryogonal|Freeze-Dry|p1a: Indeedee\n|-damage|p1a: Indeedee|137/238\n|move|p1a: Indeedee|Calm Mind|p1a: Indeedee\n|-boost|p1a: Indeedee|spa|1\n|-boost|p1a: Indeedee|spd|1\n|\n|upkeep\n|turn|16\n|inactive|Time left: 300 sec this turn | 300 sec total\n|\n|t:|1783569611\n|move|p2a: Cryogonal|Freeze-Dry|p1a: Indeedee\n|-damage|p1a: Indeedee|88/238\n|move|p1a: Indeedee|Calm Mind|p1a: Indeedee\n|-boost|p1a: Indeedee|spa|1\n|-boost|p1a: Indeedee|spd|1\n|\n|upkeep\n|turn|17\n|inactive|Time left: 300 sec this turn | 300 sec total\n|\n|t:|1783569612\n|move|p2a: Cryogonal|Freeze-Dry|p1a: Indeedee\n|-damage|p1a: Indeedee|48/238\n|move|p1a: Indeedee|Expanding Force|p2a: Cryogonal\n|-damage|p2a: Cryogonal|0 fnt\n|faint|p2a: Cryogonal\n|-damage|p1a: Indeedee|25/238|[from] item: Life Orb\n|\n|upkeep\n|\n|t:|1783569614\n|switch|p2a: Lumineon|Lumineon, L93, F|100/100\n|turn|18\n|inactive|Time left: 300 sec this turn | 300 sec total\n|\n|t:|1783569614\n|switch|p1a: Lapras|Lapras, L87, M, tera:Poison|368/368 slp\n|move|p2a: Lumineon|Ice Beam|p1a: Lapras\n|-damage|p1a: Lapras|291/368 slp\n|-damage|p2a: Lumineon|91/100|[from] item: Life Orb\n|\n|upkeep\n|turn|19\n|inactive|Time left: 300 sec this turn | 300 sec total\n|\n|t:|1783569616\n|switch|p2a: Misdreavus|Misdreavus, L90, F|100/100\n|cant|p1a: Lapras|slp\n|move|p1a: Lapras|Sleep Talk|p1a: Lapras\n|move|p1a: Lapras|Rest||[from] move: Sleep Talk|[still]\n|-fail|p1a: Lapras\n|\n|-fieldend|move: Psychic Terrain\n|upkeep\n|turn|20\n|inactive|Time left: 300 sec this turn | 300 sec total\n|\n|t:|1783569616\n|move|p2a: Misdreavus|Calm Mind|p2a: Misdreavus\n|-boost|p2a: Misdreavus|spa|1\n|-boost|p2a: Misdreavus|spd|1\n|cant|p1a: Lapras|slp\n|move|p1a: Lapras|Sleep Talk|p1a: Lapras\n|move|p1a: Lapras|Rest||[from] move: Sleep Talk|[still]\n|-fail|p1a: Lapras\n|\n|upkeep\n|turn|21\n|inactive|Time left: 300 sec this turn | 300 sec total\n|\n|t:|1783569617\n|move|p2a: Misdreavus|Calm Mind|p2a: Misdreavus\n|-boost|p2a: Misdreavus|spa|1\n|-boost|p2a: Misdreavus|spd|1\n|-curestatus|p1a: Lapras|slp|[msg]\n|move|p1a: Lapras|Freeze-Dry|p2a: Misdreavus\n|-damage|p2a: Misdreavus|91/100\n|\n|upkeep\n|turn|22\n|inactive|Time left: 300 sec this turn | 300 sec total\n|\n|t:|1783569619\n|move|p2a: Misdreavus|Shadow Ball|p1a: Lapras\n|-damage|p1a: Lapras|135/368\n|move|p1a: Lapras|Sparkling Aria|p2a: Misdreavus\n|-damage|p2a: Misdreavus|80/100\n|\n|upkeep\n|turn|23\n|inactive|Time left: 300 sec this turn | 300 sec total\n|\n|t:|1783569620\n|switch|p1a: Indeedee|Indeedee, L84, M|25/238\n|-fieldstart|move: Psychic Terrain|[from] ability: Psychic Surge|[of] p1a: Indeedee\n|move|p2a: Misdreavus|Shadow Ball|p1a: Indeedee\n|-immune|p1a: Indeedee\n|\n|upkeep\n|turn|24\n|inactive|Time left: 300 sec this turn | 300 sec total\n|\n|t:|1783569621\n|move|p1a: Indeedee|Expanding Force|p2a: Misdreavus\n|-damage|p2a: Misdreavus|53/100\n|-damage|p1a: Indeedee|2/238|[from] item: Life Orb\n|move|p2a: Misdreavus|Draining Kiss|p1a: Indeedee\n|-damage|p1a: Indeedee|0 fnt\n|-heal|p2a: Misdreavus|54/100|[from] drain|[of] p1a: Indeedee\n|faint|p1a: Indeedee\n|\n|upkeep\n|inactive|Time left: 300 sec this turn | 300 sec total | 5 sec grace\n|\n|t:|1783569622\n|switch|p1a: Delibird|Delibird, F|252/252\n|turn|25\n|inactive|Time left: 300 sec this turn | 300 sec total\n|\n|t:|1783569623\n|move|p1a: Delibird|Brave Bird|p2a: Misdreavus|[miss]\n|-miss|p1a: Delibird|p2a: Misdreavus\n|move|p2a: Misdreavus|Shadow Ball|p1a: Delibird\n|-damage|p1a: Delibird|36/252\n|-unboost|p1a: Delibird|spd|1\n|\n|upkeep\n|turn|26\n|inactive|Time left: 300 sec this turn | 300 sec total\n|\n|t:|1783569624\n|move|p1a: Delibird|Brave Bird|p2a: Misdreavus\n|-damage|p2a: Misdreavus|0 fnt\n|faint|p2a: Misdreavus\n|-damage|p1a: Delibird|0 fnt|[from] Recoil\n|faint|p1a: Delibird\n|\n|upkeep\n|inactive|Time left: 300 sec this turn | 300 sec total | 5 sec grace\n|\n|t:|1783569625\n|switch|p1a: Lapras|Lapras, L87, M, tera:Poison|135/368\n|switch|p2a: Trevenant|Trevenant, L89, F|100/100\n|turn|27\n|inactive|Time left: 300 sec this turn | 300 sec total\n|\n|t:|1783569626\n|-terastallize|p2a: Trevenant|Fighting\n|move|p1a: Lapras|Rest|p1a: Lapras\n|-status|p1a: Lapras|slp|[from] move: Rest\n|-heal|p1a: Lapras|368/368 slp|[silent]\n|move|p2a: Trevenant|Poltergeist|p1a: Lapras\n|-activate|p1a: Lapras|move: Poltergeist|Heavy-Duty Boots\n|-damage|p1a: Lapras|157/368 slp\n|-damage|p2a: Trevenant|91/100|[from] item: Life Orb\n|\n|-fieldend|move: Psychic Terrain\n|upkeep\n|turn|28\n|inactive|Time left: 300 sec this turn | 300 sec total\n|\n|t:|1783569626\n|cant|p1a: Lapras|slp\n|move|p1a: Lapras|Sleep Talk|p1a: Lapras\n|move|p1a: Lapras|Rest||[from] move: Sleep Talk|[still]\n|-fail|p1a: Lapras\n|move|p2a: Trevenant|Poltergeist|p1a: Lapras\n|-activate|p1a: Lapras|move: Poltergeist|Heavy-Duty Boots\n|-damage|p1a: Lapras|0 fnt\n|faint|p1a: Lapras\n|-damage|p2a: Trevenant|81/100|[from] item: Life Orb\n|\n|win|p0y2559b877", "uploadtime": 1783569626, "views": 0, "rating": 0, "private": 0, "password": null, "_winner": "p0y2559b877", "_our_name": "p0x25592a37"}