{"id": "battle-gen9randombattle-149", "formatid": "gen9randombattle", "format": "[Gen 9] Random Battle", "players": ["p0x1499b21", "p0y149274d"], "log": "|init|battle\n|title|p0x1499b21 vs. p0y149274d\n|j|\u2606p0x1499b21\n|j|\u2606p0y149274d\n|t:|1783541260\n|gametype|singles\n|player|p1|p0x1499b21|266|\n|player|p2|p0y149274d|102|\n|gen|9\n|tier|[Gen 9] Random Battle\n|rule|Species Clause: Limit one of each Pok\u00e9mon\n|rule|HP Percentage Mod: HP is shown in percentages\n|rule|Sleep Clause Mod: Limit one foe put to sleep\n|rule|Illusion Level Mod: Illusion disguises the Pok\u00e9mon's true level\n|\n|t:|1783541260\n|teamsize|p1|6\n|teamsize|p2|6\n|start\n|switch|p1a: Ludicolo|Ludicolo, L90, M|100/100\n|switch|p2a: Alcremie|Alcremie-Matcha-Cream, L90, F|263/263\n|turn|1\n|inactive|Battle timer is ON: inactive players will automatically lose when time's up. (requested by p0x1499b21)\n|inactive|Time left: 300 sec this turn | 300 sec total | 60 sec grace\n|inactive|p0y149274d also wants the timer to be on.\n|\n|t:|1783541262\n|move|p1a: Ludicolo|Hydro Pump|p2a: Alcremie\n|-damage|p2a: Alcremie|133/263\n|move|p2a: Alcremie|Calm Mind|p2a: Alcremie\n|-boost|p2a: Alcremie|spa|1\n|-boost|p2a: Alcremie|spd|1\n|\n|-heal|p2a: Alcremie|149/263|[from] item: Leftovers\n|upkeep\n|turn|2\n|inactive|Time left: 300 sec this turn | 300 sec total\n|\n|t:|1783541263\n|move|p1a: Ludicolo|Hydro Pump|p2a: Alcremie\n|-damage|p2a: Alcremie|58/263\n|move|p2a: Alcremie|Recover|p2a: Alcremie\n|-heal|p2a: Alcremie|190/263\n|\n|-heal|p2a: Alcremie|206/263|[from] item: Leftovers\n|upkeep\n|turn|3\n|inactive|Time left: 300 sec this turn | 300 sec total\n|\n|t:|1783541264\n|move|p1a: Ludicolo|Hydro Pump|p2a: Alcremie\n|-damage|p2a: Alcremie|115/263\n|move|p2a: Alcremie|Alluring Voice|p1a: Ludicolo\n|-damage|p1a: Ludicolo|50/100\n|\n|-heal|p2a: Alcremie|131/263|[from] item: Leftovers\n|upkeep\n|turn|4\n|inactive|Time left: 300 sec this turn | 300 sec total\n|\n|t:|1783541265\n|move|p1a: Ludicolo|Hydro Pump|p2a: Alcremie\n|-damage|p2a: Alcremie|44/263\n|move|p2a: Alcremie|Alluring Voice|p1a: Ludicolo\n|-crit|p1a: Ludicolo\n|-damage|p1a: Ludicolo|0 fnt\n|faint|p1a: Ludicolo\n|\n|-heal|p2a: Alcremie|60/263|[from] item: Leftovers\n|upkeep\n|\n|t:|1783541266\n|switch|p1a: Staraptor|Staraptor, L79, M|100/100\n|turn|5\n|inactive|Time left: 300 sec this turn | 300 sec total\n|\n|t:|1783541267\n|switch|p2a: Ninetales|Ninetales-Alola, L78, F|242/242\n|-weather|Snowscape|[from] ability: Snow Warning|[of] p2a: Ninetales\n|move|p1a: Staraptor|Brave Bird|p2a: Ninetales\n|-damage|p2a: Ninetales|58/242\n|-damage|p1a: Staraptor|77/100|[from] Recoil\n|\n|-weather|Snowscape|[upkeep]\n|upkeep\n|turn|6\n|inactive|Time left: 300 sec this turn | 300 sec total\n|\n|t:|1783541268\n|move|p2a: Ninetales|Aurora Veil|p2a: Ninetales\n|-sidestart|p2: p0y149274d|move: Aurora Veil\n|move|p1a: Staraptor|Brave Bird|p2a: Ninetales\n|-damage|p2a: Ninetales|0 fnt\n|faint|p2a: Ninetales\n|-damage|p1a: Staraptor|70/100|[from] Recoil\n|\n|-weather|Snowscape|[upkeep]\n|upkeep\n|inactive|Time left: 300 sec this turn | 300 sec total | 5 sec grace\n|\n|t:|1783541269\n|switch|p2a: Furret|Furret, L94, M|312/312\n|-item|p1a: Staraptor|Choice Band|[from] ability: Frisk|[of] p2a: Furret\n|turn|7\n|inactive|Time left: 300 sec this turn | 300 sec total\n|\n|t:|1783541270\n|move|p2a: Furret|Double-Edge|p1a: Staraptor\n|-damage|p1a: Staraptor|0 fnt\n|faint|p1a: Staraptor\n|-damage|p2a: Furret|252/312|[from] Recoil\n|-damage|p2a: Furret|221/312|[from] item: Life Orb\n|\n|-weather|Snowscape|[upkeep]\n|upkeep\n|\n|t:|1783541271\n|switch|p1a: Regidrago|Regidrago, L77|100/100\n|turn|8\n|inactive|Time left: 300 sec this turn | 300 sec total\n|\n|t:|1783541272\n|move|p1a: Regidrago|Outrage|p2a: Furret\n|-damage|p2a: Furret|127/312\n|move|p2a: Furret|Tidy Up|p2a: Furret\n|-boost|p2a: Furret|atk|1\n|-boost|p2a: Furret|spe|1\n|\n|-weather|Snowscape|[upkeep]\n|upkeep\n|turn|9\n|inactive|Time left: 300 sec this turn | 300 sec total\n|\n|t:|1783541273\n|switch|p2a: Alcremie|Alcremie-Matcha-Cream, L90, F|60/263\n|move|p1a: Regidrago|Outrage|p2a: Alcremie|[from] lockedmove\n|-immune|p2a: Alcremie\n|\n|-weather|none\n|-heal|p2a: Alcremie|76/263|[from] item: Leftovers\n|upkeep\n|turn|10\n|inactive|Time left: 300 sec this turn | 300 sec total\n|\n|t:|1783541274\n|move|p1a: Regidrago|Outrage|p2a: Alcremie\n|-immune|p2a: Alcremie\n|move|p2a: Alcremie|Alluring Voice|p1a: Regidrago\n|-supereffective|p1a: Regidrago\n|-crit|p1a: Regidrago\n|-damage|p1a: Regidrago|0 fnt\n|faint|p1a: Regidrago\n|\n|-heal|p2a: Alcremie|92/263|[from] item: Leftovers\n|upkeep\n|\n|t:|1783541275\n|switch|p1a: Banette|Banette, L93, F|100/100\n|turn|11\n|inactive|Time left: 300 sec this turn | 300 sec total\n|\n|t:|1783541276\n|move|p1a: Banette|Poltergeist|p2a: Alcremie\n|-activate|p2a: Alcremie|move: Poltergeist|Leftovers\n|-damage|p2a: Alcremie|0 fnt\n|faint|p2a: Alcremie\n|-damage|p1a: Banette|90/100|[from] item: Life Orb\n|\n|upkeep\n|inactive|Time left: 300 sec this turn | 300 sec total | 5 sec grace\n|\n|t:|1783541277\n|switch|p2a: Hitmonchan|Hitmonchan, L87, M|229/229\n|turn|12\n|inactive|Time left: 300 sec this turn | 300 sec total\n|\n|t:|1783541278\n|move|p2a: Hitmonchan|Knock Off|p1a: Banette\n|-supereffective|p1a: Banette\n|-damage|p1a: Banette|12/100\n|-enditem|p1a: Banette|Life Orb|[from] move: Knock Off|[of] p2a: Hitmonchan\n|-damage|p2a: Hitmonchan|207/229|[from] item: Life Orb\n|move|p1a: Banette|Thunder Wave|p2a: Hitmonchan\n|-status|p2a: Hitmonchan|par\n|\n|upkeep\n|turn|13\n|inactive|Time left: 300 sec this turn | 300 sec total\n|\n|t:|1783541279\n|move|p1a: Banette|Poltergeist|p2a: Hitmonchan|[miss]\n|-miss|p1a: Banette|p2a: Hitmonchan\n|cant|p2a: Hitmonchan|par\n|\n|-sideend|p2: p0y149274d|move: Aurora Veil\n|upkeep\n|turn|14\n|inactive|Time left: 300 sec this turn | 300 sec total\n|\n|t:|1783541280\n|switch|p2a: Dunsparce|Dunsparce, L86, F|312/312\n|move|p1a: Banette|Gunk Shot|p2a: Dunsparce|[miss]\n|-miss|p1a: Banette|p2a: Dunsparce\n|\n|upkeep\n|turn|15\n|inactive|Time left: 300 sec this turn | 300 sec total\n|\n|t:|1783541281\n|move|p1a: Banette|Thunder Wave|p2a: Dunsparce\n|-status|p2a: Dunsparce|par\n|move|p2a: Dunsparce|Coil|p2a: Dunsparce\n|-boost|p2a: Dunsparce|atk|1\n|-boost|p2a: Dunsparce|def|1\n|-boost|p2a: Dunsparce|accuracy|1\n|\n|upkeep\n|turn|16\n|inactive|Time left: 300 sec this turn | 300 sec total\n|\n|t:|1783541282\n|move|p1a: Banette|Gunk Shot|p2a: Dunsparce\n|-damage|p2a: Dunsparce|252/312 par\n|move|p2a: Dunsparce|Coil|p2a: Dunsparce\n|-boost|p2a: Dunsparce|atk|1\n|-boost|p2a: Dunsparce|def|1\n|-boost|p2a: Dunsparce|accuracy|1\n|\n|upkeep\n|turn|17\n|inactive|Time left: 300 sec this turn | 300 sec total\n|\n|t:|1783541283\n|move|p1a: Banette|Poltergeist|p2a: Dunsparce\n|-immune|p2a: Dunsparce\n|move|p2a: Dunsparce|Earthquake|p1a: Banette\n|-damage|p1a: Banette|0 fnt\n|faint|p1a: Banette\n|\n|upkeep\n|\n|t:|1783541284\n|switch|p1a: Chandelure|Chandelure, L83, F|100/100\n|turn|18\n|inactive|Time left: 300 sec this turn | 300 sec total\n|\n|t:|1783541285\n|-terastallize|p1a: Chandelure|Ghost\n|move|p1a: Chandelure|Calm Mind|p1a: Chandelure\n|-boost|p1a: Chandelure|spa|1\n|-boost|p1a: Chandelure|spd|1\n|move|p2a: Dunsparce|Earthquake|p1a: Chandelure\n|-damage|p1a: Chandelure|55/100\n|\n|upkeep\n|turn|19\n|inactive|Time left: 300 sec this turn | 300 sec total\n|\n|t:|1783541286\n|move|p1a: Chandelure|Fire Blast|p2a: Dunsparce\n|-damage|p2a: Dunsparce|72/312 par\n|move|p2a: Dunsparce|Earthquake|p1a: Chandelure\n|-damage|p1a: Chandelure|4/100\n|\n|upkeep\n|turn|20\n|inactive|Time left: 300 sec this turn | 300 sec total\n|\n|t:|1783541287\n|move|p1a: Chandelure|Energy Ball|p2a: Dunsparce\n|-damage|p2a: Dunsparce|0 fnt\n|faint|p2a: Dunsparce\n|\n|upkeep\n|inactive|Time left: 300 sec this turn | 300 sec total | 5 sec grace\n|\n|t:|1783541288\n|switch|p2a: Arbok|Arbok, L87, F|246/246\n|-ability|p2a: Arbok|Intimidate|boost\n|-unboost|p1a: Chandelure|atk|1\n|turn|21\n|inactive|Time left: 300 sec this turn | 300 sec total\n|\n|t:|1783541289\n|-terastallize|p2a: Arbok|Ground\n|move|p2a: Arbok|Earthquake|p1a: Chandelure\n|-damage|p1a: Chandelure|0 fnt\n|faint|p1a: Chandelure\n|-damage|p2a: Arbok|222/246|[from] item: Life Orb\n|\n|upkeep\n|\n|t:|1783541290\n|switch|p1a: Magnezone|Magnezone, L85|100/100\n|turn|22\n|inactive|Time left: 300 sec this turn | 300 sec total\n|\n|t:|1783541291\n|move|p1a: Magnezone|Volt Switch|p2a: Arbok\n|-immune|p2a: Arbok\n|move|p2a: Arbok|Earthquake|p1a: Magnezone\n|-supereffective|p1a: Magnezone\n|-damage|p1a: Magnezone|0 fnt\n|faint|p1a: Magnezone\n|-damage|p2a: Arbok|198/246|[from] item: Life Orb\n|\n|win|p0y149274d", "uploadtime": 1783541291, "views": 0, "rating": 0, "private": 0, "password": null, "_winner": "p0y149274d", "_our_name": "p0y149274d"}