{"id": "battle-gen9randombattle-1686", "formatid": "gen9randombattle", "format": "[Gen 9] Random Battle", "players": ["p0x16863af8", "p0y16866f9d"], "log": "|init|battle\n|title|p0x16863af8 vs. p0y16866f9d\n|j|\u2606p0x16863af8\n|j|\u2606p0y16866f9d\n|t:|1783559545\n|gametype|singles\n|player|p1|p0x16863af8|101|\n|player|p2|p0y16866f9d|265|\n|gen|9\n|tier|[Gen 9] Random Battle\n|rule|Species Clause: Limit one of each Pok\u00e9mon\n|rule|HP Percentage Mod: HP is shown in percentages\n|rule|Sleep Clause Mod: Limit one foe put to sleep\n|rule|Illusion Level Mod: Illusion disguises the Pok\u00e9mon's true level\n|\n|t:|1783559545\n|teamsize|p1|6\n|teamsize|p2|6\n|start\n|switch|p1a: Hippowdon|Hippowdon, L82, F|100/100\n|switch|p2a: Pincurchin|Pincurchin, F|258/258\n|-weather|Sandstorm|[from] ability: Sand Stream|[of] p1a: Hippowdon\n|-fieldstart|move: Electric Terrain|[from] ability: Electric Surge|[of] p2a: Pincurchin\n|turn|1\n|inactive|Battle timer is ON: inactive players will automatically lose when time's up. (requested by p0x16863af8)\n|inactive|Time left: 300 sec this turn | 300 sec total | 60 sec grace\n|inactive|p0y16866f9d also wants the timer to be on.\n|\n|t:|1783559547\n|move|p1a: Hippowdon|Earthquake|p2a: Pincurchin\n|-supereffective|p2a: Pincurchin\n|-damage|p2a: Pincurchin|76/258\n|move|p2a: Pincurchin|Scald|p1a: Hippowdon\n|-supereffective|p1a: Hippowdon\n|-damage|p1a: Hippowdon|41/100\n|\n|-weather|Sandstorm|[upkeep]\n|-damage|p2a: Pincurchin|60/258|[from] Sandstorm\n|-heal|p1a: Hippowdon|47/100|[from] item: Leftovers\n|-heal|p2a: Pincurchin|76/258|[from] item: Leftovers\n|upkeep\n|turn|2\n|inactive|Time left: 300 sec this turn | 300 sec total\n|\n|t:|1783559548\n|move|p1a: Hippowdon|Earthquake|p2a: Pincurchin\n|-supereffective|p2a: Pincurchin\n|-damage|p2a: Pincurchin|0 fnt\n|faint|p2a: Pincurchin\n|\n|-weather|Sandstorm|[upkeep]\n|-heal|p1a: Hippowdon|54/100|[from] item: Leftovers\n|upkeep\n|inactive|Time left: 300 sec this turn | 300 sec total | 5 sec grace\n|\n|t:|1783559549\n|switch|p2a: Palkia|Palkia, L75|259/259\n|-ability|p2a: Palkia|Pressure\n|turn|3\n|inactive|Time left: 300 sec this turn | 300 sec total\n|\n|t:|1783559550\n|move|p2a: Palkia|Hydro Pump|p1a: Hippowdon\n|-supereffective|p1a: Hippowdon\n|-damage|p1a: Hippowdon|0 fnt\n|faint|p1a: Hippowdon\n|\n|-weather|Sandstorm|[upkeep]\n|-damage|p2a: Palkia|243/259|[from] Sandstorm\n|upkeep\n|\n|t:|1783559551\n|switch|p1a: Vikavolt|Vikavolt, L83, M|100/100\n|turn|4\n|inactive|Time left: 300 sec this turn | 300 sec total\n|\n|t:|1783559552\n|-terastallize|p2a: Palkia|Water\n|move|p2a: Palkia|Hydro Pump|p1a: Vikavolt\n|-damage|p1a: Vikavolt|0 fnt\n|faint|p1a: Vikavolt\n|\n|-weather|Sandstorm|[upkeep]\n|-damage|p2a: Palkia|227/259|[from] Sandstorm\n|upkeep\n|\n|t:|1783559553\n|switch|p1a: Cinccino|Cinccino, L83, M|100/100\n|turn|5\n|inactive|Time left: 300 sec this turn | 300 sec total\n|\n|t:|1783559554\n|-terastallize|p1a: Cinccino|Grass\n|move|p1a: Cinccino|Bullet Seed|p2a: Palkia\n|-supereffective|p2a: Palkia\n|-damage|p2a: Palkia|141/259\n|-supereffective|p2a: Palkia\n|-damage|p2a: Palkia|57/259\n|-supereffective|p2a: Palkia\n|-crit|p2a: Palkia\n|-damage|p2a: Palkia|0 fnt\n|faint|p2a: Palkia\n|-hitcount|p2: Palkia|3\n|\n|-weather|none\n|-fieldend|move: Electric Terrain\n|upkeep\n|inactive|Time left: 300 sec this turn | 300 sec total | 5 sec grace\n|\n|t:|1783559555\n|switch|p2a: Giratina|Giratina, L75|349/349\n|-ability|p2a: Giratina|Pressure\n|turn|6\n|inactive|Time left: 300 sec this turn | 300 sec total\n|\n|t:|1783559556\n|move|p1a: Cinccino|Triple Axel|p2a: Giratina\n|-supereffective|p2a: Giratina\n|-damage|p2a: Giratina|311/349\n|-supereffective|p2a: Giratina\n|-damage|p2a: Giratina|231/349\n|-supereffective|p2a: Giratina\n|-damage|p2a: Giratina|117/349\n|-hitcount|p2a: Giratina|3\n|move|p2a: Giratina|Shadow Ball|p1a: Cinccino\n|-damage|p1a: Cinccino|67/100\n|-unboost|p1a: Cinccino|spd|1\n|\n|-heal|p2a: Giratina|138/349|[from] item: Leftovers\n|upkeep\n|turn|7\n|inactive|Time left: 300 sec this turn | 300 sec total\n|\n|t:|1783559557\n|switch|p2a: Scream Tail|Scream Tail, L84|330/330\n|move|p1a: Cinccino|Triple Axel|p2a: Scream Tail\n|-damage|p2a: Scream Tail|309/330\n|-damage|p2a: Scream Tail|270/330\n|-damage|p2a: Scream Tail|209/330\n|-hitcount|p2a: Scream Tail|3\n|\n|-heal|p2a: Scream Tail|229/330|[from] item: Leftovers\n|upkeep\n|turn|8\n|inactive|Time left: 300 sec this turn | 300 sec total\n|\n|t:|1783559558\n|move|p1a: Cinccino|Bullet Seed|p2a: Scream Tail\n|-damage|p2a: Scream Tail|196/330\n|-damage|p2a: Scream Tail|160/330\n|-damage|p2a: Scream Tail|123/330\n|-damage|p2a: Scream Tail|89/330\n|-damage|p2a: Scream Tail|53/330\n|-hitcount|p2a: Scream Tail|5\n|move|p2a: Scream Tail|Dazzling Gleam|p1a: Cinccino\n|-damage|p1a: Cinccino|21/100\n|\n|-heal|p2a: Scream Tail|73/330|[from] item: Leftovers\n|upkeep\n|turn|9\n|inactive|Time left: 300 sec this turn | 300 sec total\n|\n|t:|1783559559\n|move|p2a: Scream Tail|Protect|p2a: Scream Tail\n|-singleturn|p2a: Scream Tail|Protect\n|move|p1a: Cinccino|Triple Axel|p2a: Scream Tail\n|-activate|p2a: Scream Tail|move: Protect\n|\n|-heal|p2a: Scream Tail|93/330|[from] item: Leftovers\n|upkeep\n|turn|10\n|inactive|Time left: 300 sec this turn | 300 sec total\n|\n|t:|1783559560\n|-end|p2a: Scream Tail|Protosynthesis|[silent]\n|switch|p2a: Meganium|Meganium, L90, M|290/290\n|move|p1a: Cinccino|Triple Axel|p2a: Meganium|[miss]\n|-miss|p1a: Cinccino|p2a: Meganium\n|\n|upkeep\n|turn|11\n|inactive|Time left: 300 sec this turn | 300 sec total\n|\n|t:|1783559561\n|move|p1a: Cinccino|Triple Axel|p2a: Meganium\n|-supereffective|p2a: Meganium\n|-damage|p2a: Meganium|254/290\n|-supereffective|p2a: Meganium\n|-damage|p2a: Meganium|184/290\n|-supereffective|p2a: Meganium\n|-damage|p2a: Meganium|76/290\n|-hitcount|p2a: Meganium|3\n|move|p2a: Meganium|Knock Off|p1a: Cinccino\n|-damage|p1a: Cinccino|0 fnt\n|-enditem|p1a: Cinccino|Loaded Dice|[from] move: Knock Off|[of] p2a: Meganium\n|faint|p1a: Cinccino\n|\n|-heal|p2a: Meganium|94/290|[from] item: Leftovers\n|upkeep\n|\n|t:|1783559562\n|switch|p1a: Furret|Furret, L94, M|100/100\n|-item|p2a: Meganium|Leftovers|[from] ability: Frisk|[of] p1a: Furret\n|turn|12\n|inactive|Time left: 300 sec this turn | 300 sec total\n|\n|t:|1783559563\n|switch|p2a: Giratina|Giratina, L75|138/349\n|-ability|p2a: Giratina|Pressure\n|move|p1a: Furret|Double-Edge|p2a: Giratina\n|-immune|p2a: Giratina\n|\n|-heal|p2a: Giratina|159/349|[from] item: Leftovers\n|upkeep\n|turn|13\n|inactive|Time left: 300 sec this turn | 300 sec total\n|\n|t:|1783559564\n|move|p1a: Furret|Knock Off|p2a: Giratina\n|-supereffective|p2a: Giratina\n|-damage|p2a: Giratina|0 fnt\n|-enditem|p2a: Giratina|Leftovers|[from] move: Knock Off|[of] p1a: Furret\n|faint|p2a: Giratina\n|-damage|p1a: Furret|91/100|[from] item: Life Orb\n|\n|upkeep\n|inactive|Time left: 300 sec this turn | 300 sec total | 5 sec grace\n|\n|t:|1783559565\n|switch|p2a: Scream Tail|Scream Tail, L84|93/330\n|turn|14\n|inactive|Time left: 300 sec this turn | 300 sec total\n|\n|t:|1783559566\n|move|p2a: Scream Tail|Encore|p1a: Furret\n|-start|p1a: Furret|Encore\n|move|p1a: Furret|Knock Off|p2a: Scream Tail\n|-damage|p2a: Scream Tail|14/330\n|-enditem|p2a: Scream Tail|Leftovers|[from] move: Knock Off|[of] p1a: Furret\n|-damage|p1a: Furret|81/100|[from] item: Life Orb\n|\n|upkeep\n|turn|15\n|inactive|Time left: 300 sec this turn | 300 sec total\n|\n|t:|1783559567\n|switch|p1a: Overqwil|Overqwil, L82, F|100/100\n|-ability|p1a: Overqwil|Intimidate|boost\n|-unboost|p2a: Scream Tail|atk|1\n|move|p2a: Scream Tail|Wish|p2a: Scream Tail\n|\n|upkeep\n|turn|16\n|inactive|Time left: 300 sec this turn | 300 sec total\n|\n|t:|1783559568\n|move|p2a: Scream Tail|Protect|p2a: Scream Tail\n|-singleturn|p2a: Scream Tail|Protect\n|move|p1a: Overqwil|Crunch|p2a: Scream Tail\n|-activate|p2a: Scream Tail|move: Protect\n|\n|-heal|p2a: Scream Tail|179/330|[from] move: Wish|[wisher] Scream Tail\n|upkeep\n|turn|17\n|inactive|Time left: 300 sec this turn | 300 sec total\n|\n|t:|1783559569\n|move|p2a: Scream Tail|Wish|p2a: Scream Tail\n|move|p1a: Overqwil|Crunch|p2a: Scream Tail\n|-damage|p2a: Scream Tail|61/330\n|\n|upkeep\n|turn|18\n|inactive|Time left: 300 sec this turn | 300 sec total\n|\n|t:|1783559570\n|move|p2a: Scream Tail|Protect|p2a: Scream Tail\n|-singleturn|p2a: Scream Tail|Protect\n|move|p1a: Overqwil|Crunch|p2a: Scream Tail\n|-activate|p2a: Scream Tail|move: Protect\n|\n|-heal|p2a: Scream Tail|226/330|[from] move: Wish|[wisher] Scream Tail\n|upkeep\n|turn|19\n|inactive|Time left: 300 sec this turn | 300 sec total\n|\n|t:|1783559571\n|move|p2a: Scream Tail|Dazzling Gleam|p1a: Overqwil\n|-damage|p1a: Overqwil|71/100\n|move|p1a: Overqwil|Crunch|p2a: Scream Tail\n|-damage|p2a: Scream Tail|100/330\n|\n|upkeep\n|turn|20\n|inactive|Time left: 300 sec this turn | 300 sec total\n|\n|t:|1783559572\n|move|p2a: Scream Tail|Dazzling Gleam|p1a: Overqwil\n|-damage|p1a: Overqwil|40/100\n|move|p1a: Overqwil|Crunch|p2a: Scream Tail\n|-damage|p2a: Scream Tail|0 fnt\n|faint|p2a: Scream Tail\n|-end|p2a: Scream Tail|Protosynthesis|[silent]\n|\n|upkeep\n|inactive|Time left: 300 sec this turn | 300 sec total | 5 sec grace\n|\n|t:|1783559573\n|switch|p2a: Meganium|Meganium, L90, M|94/290\n|turn|21\n|inactive|Time left: 300 sec this turn | 300 sec total\n|\n|t:|1783559574\n|move|p2a: Meganium|Energy Ball|p1a: Overqwil\n|-resisted|p1a: Overqwil\n|-damage|p1a: Overqwil|9/100\n|move|p1a: Overqwil|Crunch|p2a: Meganium\n|-damage|p2a: Meganium|0 fnt\n|faint|p2a: Meganium\n|\n|upkeep\n|inactive|Time left: 300 sec this turn | 300 sec total | 5 sec grace\n|\n|t:|1783559575\n|switch|p2a: Meowscarada|Meowscarada, L78, F|247/247\n|turn|22\n|inactive|Time left: 300 sec this turn | 300 sec total\n|\n|t:|1783559575\n|move|p2a: Meowscarada|Triple Axel|p1a: Overqwil\n|-start|p2a: Meowscarada|typechange|Ice|[from] ability: Protean\n|-damage|p1a: Overqwil|0 fnt\n|faint|p1a: Overqwil\n|-hitcount|p1: Overqwil|1\n|-damage|p2a: Meowscarada|223/247|[from] item: Life Orb\n|\n|upkeep\n|\n|t:|1783559576\n|switch|p1a: Furret|Furret, L94, M|81/100\n|-item|p2a: Meowscarada|Life Orb|[from] ability: Frisk|[of] p1a: Furret\n|turn|23\n|inactive|Time left: 300 sec this turn | 300 sec total\n|\n|t:|1783559577\n|move|p2a: Meowscarada|Triple Axel|p1a: Furret\n|-damage|p1a: Furret|70/100\n|-damage|p1a: Furret|50/100\n|-damage|p1a: Furret|21/100\n|-hitcount|p1a: Furret|3\n|-damage|p2a: Meowscarada|199/247|[from] item: Life Orb\n|move|p1a: Furret|Tidy Up|p1a: Furret\n|-boost|p1a: Furret|atk|1\n|-boost|p1a: Furret|spe|1\n|\n|upkeep\n|turn|24\n|inactive|Time left: 300 sec this turn | 300 sec total\n|\n|t:|1783559578\n|move|p1a: Furret|Brick Break|p2a: Meowscarada\n|-supereffective|p2a: Meowscarada\n|-damage|p2a: Meowscarada|0 fnt\n|faint|p2a: Meowscarada\n|-damage|p1a: Furret|11/100|[from] item: Life Orb\n|\n|win|p0x16863af8", "uploadtime": 1783559578, "views": 0, "rating": 0, "private": 0, "password": null, "_winner": "p0x16863af8", "_our_name": "p0y16866f9d"}