{"id": "battle-gen9randombattle-263", "formatid": "gen9randombattle", "format": "[Gen 9] Random Battle", "players": ["p0x2636efd", "p0y263386a"], "log": "|init|battle\n|title|p0x2636efd vs. p0y263386a\n|j|\u2606p0x2636efd\n|j|\u2606p0y263386a\n|t:|1783542649\n|gametype|singles\n|player|p1|p0x2636efd|266|\n|player|p2|p0y263386a|1|\n|gen|9\n|tier|[Gen 9] Random Battle\n|rule|Species Clause: Limit one of each Pok\u00e9mon\n|rule|HP Percentage Mod: HP is shown in percentages\n|rule|Sleep Clause Mod: Limit one foe put to sleep\n|rule|Illusion Level Mod: Illusion disguises the Pok\u00e9mon's true level\n|\n|t:|1783542649\n|teamsize|p1|6\n|teamsize|p2|6\n|start\n|switch|p1a: Sunflora|Sunflora, F|312/312\n|switch|p2a: Jolteon|Jolteon, L84, M|100/100\n|turn|1\n|inactive|Battle timer is ON: inactive players will automatically lose when time's up. (requested by p0x2636efd)\n|\n|t:|1783542650\n|move|p2a: Jolteon|Volt Switch|p1a: Sunflora\n|-resisted|p1a: Sunflora\n|-damage|p1a: Sunflora|259/312\n|inactive|p0y263386a also wants the timer to be on.\n|\n|t:|1783542651\n|switch|p2a: Squawkabilly|Squawkabilly-Yellow, L89, F|100/100|[from] Volt Switch\n|move|p1a: Sunflora|Earth Power|p2a: Squawkabilly\n|-immune|p2a: Squawkabilly\n|\n|upkeep\n|turn|2\n|inactive|Time left: 300 sec this turn | 300 sec total\n|\n|t:|1783542652\n|switch|p1a: Hippowdon|Hippowdon, L82, M|311/311\n|-weather|Sandstorm|[from] ability: Sand Stream|[of] p1a: Hippowdon\n|move|p2a: Squawkabilly|Brave Bird|p1a: Hippowdon\n|-damage|p1a: Hippowdon|49/311\n|-damage|p2a: Squawkabilly|71/100|[from] Recoil\n|\n|-weather|Sandstorm|[upkeep]\n|-damage|p2a: Squawkabilly|65/100|[from] Sandstorm\n|-heal|p1a: Hippowdon|68/311|[from] item: Leftovers\n|upkeep\n|turn|3\n|inactive|Time left: 300 sec this turn | 300 sec total\n|\n|t:|1783542654\n|move|p2a: Squawkabilly|Brave Bird|p1a: Hippowdon\n|-damage|p1a: Hippowdon|0 fnt\n|faint|p1a: Hippowdon\n|-damage|p2a: Squawkabilly|57/100|[from] Recoil\n|\n|-weather|Sandstorm|[upkeep]\n|-damage|p2a: Squawkabilly|51/100|[from] Sandstorm\n|upkeep\n|inactive|Time left: 300 sec this turn | 300 sec total | 5 sec grace\n|\n|t:|1783542654\n|switch|p1a: Iron Bundle|Iron Bundle, L78|215/215\n|turn|4\n|inactive|Time left: 300 sec this turn | 300 sec total\n|\n|t:|1783542656\n|switch|p2a: Diancie|Diancie, L82|100/100\n|move|p1a: Iron Bundle|Freeze-Dry|p2a: Diancie\n|-damage|p2a: Diancie|75/100\n|-status|p2a: Diancie|frz\n|\n|-weather|Sandstorm|[upkeep]\n|-damage|p1a: Iron Bundle|202/215|[from] Sandstorm\n|-heal|p2a: Diancie|81/100 frz|[from] item: Leftovers\n|upkeep\n|turn|5\n|inactive|Time left: 300 sec this turn | 300 sec total\n|\n|t:|1783542657\n|move|p1a: Iron Bundle|Freeze-Dry|p2a: Diancie\n|-damage|p2a: Diancie|58/100 frz\n|cant|p2a: Diancie|frz\n|\n|-weather|Sandstorm|[upkeep]\n|-damage|p1a: Iron Bundle|189/215|[from] Sandstorm\n|-heal|p2a: Diancie|64/100 frz|[from] item: Leftovers\n|upkeep\n|turn|6\n|inactive|Time left: 300 sec this turn | 300 sec total\n|\n|t:|1783542658\n|move|p1a: Iron Bundle|Freeze-Dry|p2a: Diancie\n|-damage|p2a: Diancie|38/100 frz\n|cant|p2a: Diancie|frz\n|\n|-weather|none\n|-heal|p2a: Diancie|44/100 frz|[from] item: Leftovers\n|upkeep\n|turn|7\n|inactive|Time left: 300 sec this turn | 300 sec total\n|\n|t:|1783542660\n|move|p1a: Iron Bundle|Freeze-Dry|p2a: Diancie\n|-damage|p2a: Diancie|10/100 frz\n|cant|p2a: Diancie|frz\n|\n|-heal|p2a: Diancie|16/100 frz|[from] item: Leftovers\n|upkeep\n|turn|8\n|inactive|Time left: 300 sec this turn | 300 sec total\n|\n|t:|1783542661\n|move|p1a: Iron Bundle|Freeze-Dry|p2a: Diancie\n|-damage|p2a: Diancie|0 fnt\n|faint|p2a: Diancie\n|\n|upkeep\n|\n|t:|1783542662\n|switch|p2a: Jolteon|Jolteon, L84, M|100/100\n|turn|9\n|inactive|Time left: 300 sec this turn | 300 sec total\n|\n|t:|1783542663\n|-end|p1a: Iron Bundle|Quark Drive|[silent]\n|switch|p1a: Sunflora|Sunflora, F|259/312\n|move|p2a: Jolteon|Thunderbolt|p1a: Sunflora\n|-resisted|p1a: Sunflora\n|-damage|p1a: Sunflora|193/312\n|\n|upkeep\n|turn|10\n|inactive|Time left: 300 sec this turn | 300 sec total\n|\n|t:|1783542664\n|move|p2a: Jolteon|Thunderbolt|p1a: Sunflora\n|-resisted|p1a: Sunflora\n|-damage|p1a: Sunflora|128/312\n|move|p1a: Sunflora|Sludge Bomb|p2a: Jolteon\n|-damage|p2a: Jolteon|45/100\n|-status|p2a: Jolteon|psn\n|\n|-damage|p2a: Jolteon|33/100 psn|[from] psn\n|upkeep\n|turn|11\n|inactive|Time left: 300 sec this turn | 300 sec total\n|\n|t:|1783542665\n|move|p2a: Jolteon|Thunderbolt|p1a: Sunflora\n|-resisted|p1a: Sunflora\n|-damage|p1a: Sunflora|60/312\n|move|p1a: Sunflora|Sludge Bomb|p2a: Jolteon\n|-damage|p2a: Jolteon|0 fnt\n|faint|p2a: Jolteon\n|\n|upkeep\n|\n|t:|1783542666\n|switch|p2a: Golurk|Golurk, L87|100/100\n|turn|12\n|inactive|Time left: 300 sec this turn | 300 sec total\n|\n|t:|1783542667\n|move|p2a: Golurk|Poltergeist|p1a: Sunflora\n|-activate|p1a: Sunflora|move: Poltergeist|Choice Specs\n|-damage|p1a: Sunflora|0 fnt\n|faint|p1a: Sunflora\n|-damage|p2a: Golurk|91/100|[from] item: Life Orb\n|\n|upkeep\n|inactive|Time left: 300 sec this turn | 300 sec total | 5 sec grace\n|\n|t:|1783542668\n|switch|p1a: Iron Bundle|Iron Bundle, L78|189/215\n|turn|13\n|inactive|Time left: 300 sec this turn | 300 sec total\n|\n|t:|1783542669\n|-terastallize|p2a: Golurk|Ghost\n|move|p1a: Iron Bundle|Hydro Pump|p2a: Golurk\n|-damage|p2a: Golurk|22/100\n|move|p2a: Golurk|Poltergeist|p1a: Iron Bundle\n|-activate|p1a: Iron Bundle|move: Poltergeist|Choice Specs\n|-damage|p1a: Iron Bundle|0 fnt\n|faint|p1a: Iron Bundle\n|-end|p1a: Iron Bundle|Quark Drive|[silent]\n|-damage|p2a: Golurk|12/100|[from] item: Life Orb\n|\n|upkeep\n|inactive|Time left: 300 sec this turn | 300 sec total | 5 sec grace\n|\n|t:|1783542670\n|switch|p1a: Blastoise|Blastoise, L80, F|258/258\n|turn|14\n|inactive|Time left: 300 sec this turn | 300 sec total\n|\n|t:|1783542671\n|move|p1a: Blastoise|Shell Smash|p1a: Blastoise\n|-unboost|p1a: Blastoise|def|1\n|-unboost|p1a: Blastoise|spd|1\n|-boost|p1a: Blastoise|atk|2\n|-boost|p1a: Blastoise|spa|2\n|-boost|p1a: Blastoise|spe|2\n|-enditem|p1a: Blastoise|White Herb\n|-clearnegativeboost|p1a: Blastoise|[silent]\n|move|p2a: Golurk|Earthquake|p1a: Blastoise\n|-damage|p1a: Blastoise|101/258\n|-damage|p2a: Golurk|2/100|[from] item: Life Orb\n|\n|upkeep\n|turn|15\n|inactive|Time left: 300 sec this turn | 300 sec total\n|\n|t:|1783542672\n|switch|p2a: Umbreon|Umbreon, L84, F|100/100\n|move|p1a: Blastoise|Ice Beam|p2a: Umbreon\n|-damage|p2a: Umbreon|72/100\n|\n|-heal|p2a: Umbreon|78/100|[from] item: Leftovers\n|upkeep\n|turn|16\n|inactive|Time left: 300 sec this turn | 300 sec total\n|\n|t:|1783542673\n|move|p1a: Blastoise|Ice Beam|p2a: Umbreon\n|-damage|p2a: Umbreon|52/100\n|move|p2a: Umbreon|Foul Play|p1a: Blastoise\n|-damage|p1a: Blastoise|0 fnt\n|faint|p1a: Blastoise\n|\n|-heal|p2a: Umbreon|58/100|[from] item: Leftovers\n|upkeep\n|inactive|Time left: 300 sec this turn | 300 sec total | 5 sec grace\n|\n|t:|1783542674\n|switch|p1a: Volbeat|Volbeat, L90, M|263/263\n|turn|17\n|inactive|Time left: 300 sec this turn | 300 sec total\n|\n|t:|1783542675\n|move|p1a: Volbeat|Lunge|p2a: Umbreon\n|-supereffective|p2a: Umbreon\n|-damage|p2a: Umbreon|14/100\n|-unboost|p2a: Umbreon|atk|1\n|move|p2a: Umbreon|Toxic|p1a: Volbeat\n|-status|p1a: Volbeat|tox\n|\n|-heal|p2a: Umbreon|20/100|[from] item: Leftovers\n|-damage|p1a: Volbeat|247/263 tox|[from] psn\n|upkeep\n|turn|18\n|inactive|Time left: 300 sec this turn | 300 sec total\n|\n|t:|1783542676\n|move|p2a: Umbreon|Protect|p2a: Umbreon\n|-singleturn|p2a: Umbreon|Protect\n|move|p1a: Volbeat|Lunge|p2a: Umbreon\n|-activate|p2a: Umbreon|move: Protect\n|\n|-heal|p2a: Umbreon|26/100|[from] item: Leftovers\n|-damage|p1a: Volbeat|215/263 tox|[from] psn\n|upkeep\n|turn|19\n|inactive|Time left: 300 sec this turn | 300 sec total\n|\n|t:|1783542677\n|switch|p2a: Squawkabilly|Squawkabilly-Yellow, L89, F|51/100\n|move|p1a: Volbeat|Lunge|p2a: Squawkabilly\n|-resisted|p2a: Squawkabilly\n|-damage|p2a: Squawkabilly|30/100\n|-unboost|p2a: Squawkabilly|atk|1\n|\n|-damage|p1a: Volbeat|167/263 tox|[from] psn\n|upkeep\n|turn|20\n|inactive|Time left: 300 sec this turn | 300 sec total\n|\n|t:|1783542678\n|move|p2a: Squawkabilly|Brave Bird|p1a: Volbeat\n|-supereffective|p1a: Volbeat\n|-damage|p1a: Volbeat|0 fnt\n|faint|p1a: Volbeat\n|-damage|p2a: Squawkabilly|11/100|[from] Recoil\n|\n|upkeep\n|inactive|Time left: 300 sec this turn | 300 sec total | 5 sec grace\n|\n|t:|1783542679\n|switch|p1a: Chansey|Chansey, L85, F|564/564\n|turn|21\n|inactive|Time left: 300 sec this turn | 300 sec total\n|\n|t:|1783542680\n|move|p2a: Squawkabilly|Brave Bird|p1a: Chansey|[miss]\n|-miss|p2a: Squawkabilly|p1a: Chansey\n|move|p1a: Chansey|Seismic Toss|p2a: Squawkabilly\n|-damage|p2a: Squawkabilly|0 fnt\n|faint|p2a: Squawkabilly\n|\n|upkeep\n|\n|t:|1783542681\n|switch|p2a: Golurk|Golurk, L87, tera:Ghost|2/100\n|turn|22\n|inactive|Time left: 300 sec this turn | 300 sec total\n|\n|t:|1783542682\n|move|p2a: Golurk|Stealth Rock|p1a: Chansey\n|-sidestart|p1: p0x2636efd|move: Stealth Rock\n|move|p1a: Chansey|Soft-Boiled||[still]\n|-fail|p1a: Chansey|heal\n|\n|upkeep\n|turn|23\n|inactive|Time left: 300 sec this turn | 300 sec total\n|\n|t:|1783542683\n|move|p2a: Golurk|Earthquake|p1a: Chansey\n|-damage|p1a: Chansey|184/564\n|-damage|p2a: Golurk|0 fnt|[from] item: Life Orb\n|faint|p2a: Golurk\n|move|p1a: Chansey|Soft-Boiled|p1a: Chansey\n|-heal|p1a: Chansey|466/564\n|\n|upkeep\n|\n|t:|1783542684\n|switch|p2a: Umbreon|Umbreon, L84, F|26/100\n|turn|24\n|inactive|Time left: 300 sec this turn | 300 sec total\n|\n|t:|1783542685\n|move|p2a: Umbreon|Toxic|p1a: Chansey\n|-status|p1a: Chansey|tox\n|move|p1a: Chansey|Seismic Toss|p2a: Umbreon\n|-damage|p2a: Umbreon|0 fnt\n|faint|p2a: Umbreon\n|\n|-damage|p1a: Chansey|431/564 tox|[from] psn\n|upkeep\n|\n|t:|1783542686\n|switch|p2a: Greninja|Greninja, L80, M|100/100\n|turn|25\n|inactive|Time left: 300 sec this turn | 300 sec total\n|\n|t:|1783542687\n|-terastallize|p1a: Chansey|Fairy\n|move|p2a: Greninja|Gunk Shot|p1a: Chansey\n|-supereffective|p1a: Chansey\n|-damage|p1a: Chansey|0 fnt\n|faint|p1a: Chansey\n|-damage|p2a: Greninja|91/100|[from] item: Life Orb\n|\n|win|p0y263386a", "uploadtime": 1783542687, "views": 0, "rating": 0, "private": 0, "password": null, "_winner": "p0y263386a", "_our_name": "p0x2636efd"}