{"id": "battle-gen9randombattle-579", "formatid": "gen9randombattle", "format": "[Gen 9] Random Battle", "players": ["p0x57965dc", "p0y5797b50"], "log": "|init|battle\n|title|p0x57965dc vs. p0y5797b50\n|j|\u2606p0x57965dc\n|j|\u2606p0y5797b50\n|t:|1783546518\n|gametype|singles\n|player|p1|p0x57965dc|101|\n|player|p2|p0y5797b50|265|\n|gen|9\n|tier|[Gen 9] Random Battle\n|rule|Species Clause: Limit one of each Pok\u00e9mon\n|rule|HP Percentage Mod: HP is shown in percentages\n|rule|Sleep Clause Mod: Limit one foe put to sleep\n|rule|Illusion Level Mod: Illusion disguises the Pok\u00e9mon's true level\n|\n|t:|1783546518\n|teamsize|p1|6\n|teamsize|p2|6\n|start\n|switch|p1a: Articuno|Articuno-Galar, L84|288/288\n|switch|p2a: Bombirdier|Bombirdier, L85, F|100/100\n|turn|1\n|inactive|Battle timer is ON: inactive players will automatically lose when time's up. (requested by p0x57965dc)\n|inactive|p0y5797b50 also wants the timer to be on.\n|\n|t:|1783546520\n|switch|p1a: Alcremie|Alcremie-Caramel-Swirl, L90, F|263/263\n|move|p2a: Bombirdier|Knock Off|p1a: Alcremie\n|-resisted|p1a: Alcremie\n|-damage|p1a: Alcremie|199/263\n|-enditem|p1a: Alcremie|Leftovers|[from] move: Knock Off|[of] p2a: Bombirdier\n|\n|upkeep\n|turn|2\n|inactive|Time left: 300 sec this turn | 300 sec total\n|\n|t:|1783546521\n|move|p2a: Bombirdier|Brave Bird|p1a: Alcremie\n|-damage|p1a: Alcremie|55/263\n|-damage|p2a: Bombirdier|82/100|[from] Recoil\n|move|p1a: Alcremie|Alluring Voice|p2a: Bombirdier\n|-supereffective|p2a: Bombirdier\n|-damage|p2a: Bombirdier|0 fnt\n|faint|p2a: Bombirdier\n|\n|upkeep\n|\n|t:|1783546522\n|switch|p2a: Iron Leaves|Iron Leaves, L80|100/100\n|turn|3\n|inactive|Time left: 300 sec this turn | 300 sec total\n|\n|t:|1783546523\n|switch|p1a: Articuno|Articuno-Galar, L84|288/288\n|move|p2a: Iron Leaves|Leaf Blade|p1a: Articuno\n|-resisted|p1a: Articuno\n|-damage|p1a: Articuno|218/288\n|-damage|p2a: Iron Leaves|91/100|[from] item: Life Orb\n|\n|upkeep\n|turn|4\n|inactive|Time left: 300 sec this turn | 300 sec total\n|\n|t:|1783546524\n|-end|p2a: Iron Leaves|Quark Drive|[silent]\n|switch|p2a: Kingambit|Kingambit, L74, M|100/100\n|-activate|p2a: Kingambit|ability: Supreme Overlord\n|-start|p2a: Kingambit|fallen1|[silent]\n|move|p1a: Articuno|Hurricane|p2a: Kingambit|[miss]\n|-miss|p1a: Articuno|p2a: Kingambit\n|\n|upkeep\n|turn|5\n|inactive|Time left: 300 sec this turn | 300 sec total\n|\n|t:|1783546525\n|move|p1a: Articuno|Hurricane|p2a: Kingambit\n|-resisted|p2a: Kingambit\n|-crit|p2a: Kingambit\n|-damage|p2a: Kingambit|52/100\n|move|p2a: Kingambit|Swords Dance|p2a: Kingambit\n|-boost|p2a: Kingambit|atk|2\n|\n|-heal|p2a: Kingambit|58/100|[from] item: Leftovers\n|upkeep\n|turn|6\n|inactive|Time left: 300 sec this turn | 300 sec total\n|\n|t:|1783546526\n|switch|p1a: Eternatus|Eternatus, L69|308/308\n|-ability|p1a: Eternatus|Pressure\n|move|p2a: Kingambit|Kowtow Cleave|p1a: Eternatus\n|-damage|p1a: Eternatus|79/308\n|-damage|p2a: Kingambit|41/100|[from] item: Rocky Helmet|[of] p1a: Eternatus\n|\n|-heal|p2a: Kingambit|47/100|[from] item: Leftovers\n|upkeep\n|turn|7\n|inactive|Time left: 300 sec this turn | 300 sec total\n|\n|t:|1783546527\n|move|p2a: Kingambit|Sucker Punch||[still]\n|-fail|p2a: Kingambit\n|move|p1a: Eternatus|Recover|p1a: Eternatus\n|-heal|p1a: Eternatus|233/308\n|\n|-heal|p2a: Kingambit|53/100|[from] item: Leftovers\n|upkeep\n|turn|8\n|inactive|Time left: 300 sec this turn | 300 sec total\n|\n|t:|1783546528\n|move|p2a: Kingambit|Sucker Punch|p1a: Eternatus\n|-damage|p1a: Eternatus|31/308\n|-damage|p2a: Kingambit|36/100|[from] item: Rocky Helmet|[of] p1a: Eternatus\n|move|p1a: Eternatus|Flamethrower|p2a: Kingambit\n|-supereffective|p2a: Kingambit\n|-damage|p2a: Kingambit|0 fnt\n|faint|p2a: Kingambit\n|-end|p2a: Kingambit|fallen1|[silent]\n|\n|upkeep\n|\n|t:|1783546529\n|switch|p2a: Alcremie|Alcremie-Ruby-Swirl, L90, F|100/100\n|turn|9\n|inactive|Time left: 300 sec this turn | 300 sec total\n|\n|t:|1783546530\n|move|p1a: Eternatus|Recover|p1a: Eternatus\n|-heal|p1a: Eternatus|185/308\n|move|p2a: Alcremie|Calm Mind|p2a: Alcremie\n|-boost|p2a: Alcremie|spa|1\n|-boost|p2a: Alcremie|spd|1\n|\n|upkeep\n|turn|10\n|inactive|Time left: 300 sec this turn | 300 sec total\n|\n|t:|1783546531\n|switch|p1a: Muk|Muk-Alola, L82, M|306/306\n|move|p2a: Alcremie|Alluring Voice|p1a: Muk\n|-damage|p1a: Muk|209/306\n|\n|upkeep\n|turn|11\n|inactive|Time left: 300 sec this turn | 300 sec total\n|\n|t:|1783546532\n|-terastallize|p2a: Alcremie|Poison\n|move|p2a: Alcremie|Calm Mind|p2a: Alcremie\n|-boost|p2a: Alcremie|spa|1\n|-boost|p2a: Alcremie|spd|1\n|move|p1a: Muk|Poison Jab|p2a: Alcremie\n|-resisted|p2a: Alcremie\n|-damage|p2a: Alcremie|84/100\n|\n|-heal|p2a: Alcremie|90/100|[from] item: Leftovers\n|upkeep\n|turn|12\n|inactive|Time left: 300 sec this turn | 300 sec total\n|\n|t:|1783546533\n|move|p2a: Alcremie|Alluring Voice|p1a: Muk\n|-damage|p1a: Muk|70/306\n|move|p1a: Muk|Knock Off|p2a: Alcremie\n|-damage|p2a: Alcremie|50/100\n|-enditem|p2a: Alcremie|Leftovers|[from] move: Knock Off|[of] p1a: Muk\n|\n|upkeep\n|turn|13\n|inactive|Time left: 300 sec this turn | 300 sec total\n|\n|t:|1783546533\n|move|p2a: Alcremie|Alluring Voice|p1a: Muk\n|-damage|p1a: Muk|0 fnt\n|faint|p1a: Muk\n|\n|upkeep\n|inactive|Time left: 300 sec this turn | 300 sec total | 5 sec grace\n|\n|t:|1783546534\n|switch|p1a: Alcremie|Alcremie-Caramel-Swirl, L90, F|55/263\n|turn|14\n|inactive|Time left: 300 sec this turn | 300 sec total\n|\n|t:|1783546535\n|move|p2a: Alcremie|Alluring Voice|p1a: Alcremie\n|-crit|p1a: Alcremie\n|-damage|p1a: Alcremie|0 fnt\n|faint|p1a: Alcremie\n|\n|upkeep\n|inactive|Time left: 300 sec this turn | 300 sec total | 5 sec grace\n|\n|t:|1783546536\n|switch|p1a: Articuno|Articuno-Galar, L84|218/288\n|turn|15\n|inactive|Time left: 300 sec this turn | 300 sec total\n|\n|t:|1783546537\n|move|p1a: Articuno|Calm Mind|p1a: Articuno\n|-boost|p1a: Articuno|spa|1\n|-boost|p1a: Articuno|spd|1\n|move|p2a: Alcremie|Recover|p2a: Alcremie\n|-heal|p2a: Alcremie|99/100\n|\n|upkeep\n|turn|16\n|inactive|Time left: 300 sec this turn | 300 sec total\n|\n|t:|1783546537\n|move|p1a: Articuno|Calm Mind|p1a: Articuno\n|-boost|p1a: Articuno|spa|1\n|-boost|p1a: Articuno|spd|1\n|move|p2a: Alcremie|Alluring Voice|p1a: Articuno\n|-damage|p1a: Articuno|124/288\n|-start|p1a: Articuno|confusion\n|\n|upkeep\n|turn|17\n|inactive|Time left: 300 sec this turn | 300 sec total\n|\n|t:|1783546539\n|-activate|p1a: Articuno|confusion\n|move|p1a: Articuno|Freezing Glare|p2a: Alcremie\n|-supereffective|p2a: Alcremie\n|-damage|p2a: Alcremie|38/100\n|move|p2a: Alcremie|Alluring Voice|p1a: Articuno\n|-damage|p1a: Articuno|31/288\n|\n|upkeep\n|turn|18\n|inactive|Time left: 300 sec this turn | 300 sec total\n|\n|t:|1783546540\n|-activate|p1a: Articuno|confusion\n|move|p1a: Articuno|Freezing Glare|p2a: Alcremie\n|-supereffective|p2a: Alcremie\n|-damage|p2a: Alcremie|0 fnt\n|faint|p2a: Alcremie\n|\n|upkeep\n|\n|t:|1783546541\n|switch|p2a: Miraidon|Miraidon, L65|100/100\n|-fieldstart|move: Electric Terrain|[from] ability: Hadron Engine|[of] p2a: Miraidon\n|turn|19\n|inactive|Time left: 300 sec this turn | 300 sec total\n|\n|t:|1783546542\n|move|p2a: Miraidon|Electro Drift|p1a: Articuno\n|-supereffective|p1a: Articuno\n|-damage|p1a: Articuno|0 fnt\n|faint|p1a: Articuno\n|-damage|p2a: Miraidon|91/100|[from] item: Life Orb\n|\n|upkeep\n|inactive|Time left: 300 sec this turn | 300 sec total | 5 sec grace\n|\n|t:|1783546543\n|switch|p1a: Eternatus|Eternatus, L69|185/308\n|-ability|p1a: Eternatus|Pressure\n|turn|20\n|inactive|Time left: 300 sec this turn | 300 sec total\n|\n|t:|1783546544\n|move|p1a: Eternatus|Dynamax Cannon|p2a: Miraidon\n|-supereffective|p2a: Miraidon\n|-damage|p2a: Miraidon|10/100\n|move|p2a: Miraidon|Dragon Pulse|p1a: Eternatus\n|-supereffective|p1a: Eternatus\n|-damage|p1a: Eternatus|0 fnt\n|faint|p1a: Eternatus\n|-damage|p2a: Miraidon|0 fnt|[from] item: Life Orb\n|faint|p2a: Miraidon\n|\n|upkeep\n|inactive|Time left: 300 sec this turn | 300 sec total | 5 sec grace\n|\n|t:|1783546545\n|switch|p1a: Gothitelle|Gothitelle, L90, F|272/272\n|switch|p2a: Iron Leaves|Iron Leaves, L80|91/100\n|-activate|p2a: Iron Leaves|ability: Quark Drive\n|-start|p2a: Iron Leaves|quarkdriveatk\n|turn|21\n|inactive|Time left: 300 sec this turn | 300 sec total\n|\n|t:|1783546546\n|move|p1a: Gothitelle|Dark Pulse|p2a: Iron Leaves\n|-supereffective|p2a: Iron Leaves\n|-damage|p2a: Iron Leaves|51/100\n|move|p2a: Iron Leaves|Swords Dance|p2a: Iron Leaves\n|-boost|p2a: Iron Leaves|atk|2\n|\n|upkeep\n|turn|22\n|inactive|Time left: 300 sec this turn | 300 sec total\n|\n|t:|1783546548\n|-terastallize|p1a: Gothitelle|Dark\n|move|p1a: Gothitelle|Dark Pulse|p2a: Iron Leaves\n|-supereffective|p2a: Iron Leaves\n|-damage|p2a: Iron Leaves|0 fnt\n|faint|p2a: Iron Leaves\n|-end|p2a: Iron Leaves|Quark Drive|[silent]\n|\n|upkeep\n|\n|t:|1783546549\n|switch|p2a: Deoxys|Deoxys-Defense, L84|100/100\n|-ability|p2a: Deoxys|Pressure\n|turn|23\n|inactive|Time left: 300 sec this turn | 300 sec total\n|\n|t:|1783546550\n|move|p1a: Gothitelle|Dark Pulse|p2a: Deoxys\n|-supereffective|p2a: Deoxys\n|-damage|p2a: Deoxys|49/100\n|move|p2a: Deoxys|Cosmic Power|p2a: Deoxys\n|-boost|p2a: Deoxys|def|1\n|-boost|p2a: Deoxys|spd|1\n|\n|-heal|p2a: Deoxys|55/100|[from] item: Leftovers\n|-fieldend|move: Electric Terrain\n|upkeep\n|turn|24\n|inactive|Time left: 300 sec this turn | 300 sec total\n|\n|t:|1783546551\n|move|p1a: Gothitelle|Dark Pulse|p2a: Deoxys\n|-supereffective|p2a: Deoxys\n|-damage|p2a: Deoxys|16/100\n|move|p2a: Deoxys|Recover|p2a: Deoxys\n|-heal|p2a: Deoxys|66/100\n|\n|-heal|p2a: Deoxys|72/100|[from] item: Leftovers\n|upkeep\n|turn|25\n|inactive|Time left: 300 sec this turn | 300 sec total\n|\n|t:|1783546552\n|move|p1a: Gothitelle|Dark Pulse|p2a: Deoxys\n|-supereffective|p2a: Deoxys\n|-damage|p2a: Deoxys|34/100\n|move|p2a: Deoxys|Recover|p2a: Deoxys\n|-heal|p2a: Deoxys|84/100\n|\n|-heal|p2a: Deoxys|90/100|[from] item: Leftovers\n|upkeep\n|turn|26\n|inactive|Time left: 300 sec this turn | 300 sec total\n|\n|t:|1783546553\n|move|p1a: Gothitelle|Dark Pulse|p2a: Deoxys\n|-supereffective|p2a: Deoxys\n|-damage|p2a: Deoxys|52/100\n|move|p2a: Deoxys|Cosmic Power|p2a: Deoxys\n|-boost|p2a: Deoxys|def|1\n|-boost|p2a: Deoxys|spd|1\n|\n|-heal|p2a: Deoxys|58/100|[from] item: Leftovers\n|upkeep\n|turn|27\n|inactive|Time left: 300 sec this turn | 300 sec total\n|\n|t:|1783546554\n|move|p1a: Gothitelle|Dark Pulse|p2a: Deoxys\n|-supereffective|p2a: Deoxys\n|-damage|p2a: Deoxys|30/100\n|move|p2a: Deoxys|Recover|p2a: Deoxys\n|-heal|p2a: Deoxys|80/100\n|\n|-heal|p2a: Deoxys|86/100|[from] item: Leftovers\n|upkeep\n|turn|28\n|inactive|Time left: 300 sec this turn | 300 sec total\n|\n|t:|1783546555\n|move|p1a: Gothitelle|Dark Pulse|p2a: Deoxys\n|-supereffective|p2a: Deoxys\n|-damage|p2a: Deoxys|59/100\n|move|p2a: Deoxys|Cosmic Power|p2a: Deoxys\n|-boost|p2a: Deoxys|def|1\n|-boost|p2a: Deoxys|spd|1\n|\n|-heal|p2a: Deoxys|65/100|[from] item: Leftovers\n|upkeep\n|turn|29\n|inactive|Time left: 300 sec this turn | 300 sec total\n|\n|t:|1783546557\n|move|p1a: Gothitelle|Dark Pulse|p2a: Deoxys\n|-supereffective|p2a: Deoxys\n|-damage|p2a: Deoxys|43/100\n|move|p2a: Deoxys|Recover|p2a: Deoxys\n|-heal|p2a: Deoxys|93/100\n|\n|-heal|p2a: Deoxys|99/100|[from] item: Leftovers\n|upkeep\n|turn|30\n|inactive|Time left: 300 sec this turn | 300 sec total\n|\n|t:|1783546558\n|move|p1a: Gothitelle|Dark Pulse|p2a: Deoxys\n|-supereffective|p2a: Deoxys\n|-damage|p2a: Deoxys|77/100\n|move|p2a: Deoxys|Night Shade|p1a: Gothitelle\n|-damage|p1a: Gothitelle|188/272\n|\n|-heal|p2a: Deoxys|83/100|[from] item: Leftovers\n|upkeep\n|turn|31\n|inactive|Time left: 300 sec this turn | 300 sec total\n|\n|t:|1783546559\n|move|p1a: Gothitelle|Dark Pulse|p2a: Deoxys\n|-supereffective|p2a: Deoxys\n|-damage|p2a: Deoxys|61/100\n|cant|p2a: Deoxys|flinch\n|\n|-heal|p2a: Deoxys|67/100|[from] item: Leftovers\n|upkeep\n|turn|32\n|inactive|Time left: 300 sec this turn | 300 sec total\n|\n|t:|1783546560\n|move|p1a: Gothitelle|Dark Pulse|p2a: Deoxys\n|-supereffective|p2a: Deoxys\n|-damage|p2a: Deoxys|42/100\n|move|p2a: Deoxys|Night Shade|p1a: Gothitelle\n|-damage|p1a: Gothitelle|104/272\n|\n|-heal|p2a: Deoxys|48/100|[from] item: Leftovers\n|upkeep\n|turn|33\n|inactive|Time left: 300 sec this turn | 300 sec total\n|\n|t:|1783546561\n|move|p1a: Gothitelle|Dark Pulse|p2a: Deoxys\n|-supereffective|p2a: Deoxys\n|-damage|p2a: Deoxys|25/100\n|move|p2a: Deoxys|Stored Power|p1a: Gothitelle\n|-immune|p1a: Gothitelle\n|\n|-heal|p2a: Deoxys|31/100|[from] item: Leftovers\n|upkeep\n|turn|34\n|inactive|Time left: 300 sec this turn | 300 sec total\n|\n|t:|1783546562\n|switch|p1a: Suicune|Suicune, L82|298/298\n|-ability|p1a: Suicune|Pressure\n|move|p2a: Deoxys|Stored Power|p1a: Suicune\n|-crit|p1a: Suicune\n|-damage|p1a: Suicune|150/298\n|\n|-heal|p2a: Deoxys|37/100|[from] item: Leftovers\n|-heal|p1a: Suicune|168/298|[from] item: Leftovers\n|upkeep\n|turn|35\n|inactive|Time left: 300 sec this turn | 300 sec total\n|\n|t:|1783546563\n|move|p2a: Deoxys|Stored Power|p1a: Suicune\n|-damage|p1a: Suicune|80/298\n|move|p1a: Suicune|Calm Mind|p1a: Suicune\n|-boost|p1a: Suicune|spa|1\n|-boost|p1a: Suicune|spd|1\n|\n|-heal|p2a: Deoxys|43/100|[from] item: Leftovers\n|-heal|p1a: Suicune|98/298|[from] item: Leftovers\n|upkeep\n|turn|36\n|inactive|Time left: 300 sec this turn | 300 sec total\n|\n|t:|1783546564\n|move|p2a: Deoxys|Night Shade|p1a: Suicune\n|-damage|p1a: Suicune|14/298\n|move|p1a: Suicune|Rest|p1a: Suicune\n|-status|p1a: Suicune|slp|[from] move: Rest\n|-heal|p1a: Suicune|298/298 slp|[silent]\n|\n|-heal|p2a: Deoxys|49/100|[from] item: Leftovers\n|upkeep\n|turn|37\n|inactive|Time left: 300 sec this turn | 300 sec total\n|\n|t:|1783546566\n|move|p2a: Deoxys|Recover|p2a: Deoxys\n|-heal|p2a: Deoxys|99/100\n|cant|p1a: Suicune|slp\n|move|p1a: Suicune|Sleep Talk|p1a: Suicune\n|move|p1a: Suicune|Scald|p2a: Deoxys|[from] move: Sleep Talk\n|-damage|p2a: Deoxys|86/100\n|\n|-heal|p2a: Deoxys|91/100|[from] item: Leftovers\n|upkeep\n|turn|38\n|inactive|Time left: 300 sec this turn | 300 sec total\n|\n|t:|1783546567\n|move|p2a: Deoxys|Night Shade|p1a: Suicune\n|-damage|p1a: Suicune|214/298 slp\n|cant|p1a: Suicune|slp\n|move|p1a: Suicune|Sleep Talk|p1a: Suicune\n|move|p1a: Suicune|Calm Mind|p1a: Suicune|[from] move: Sleep Talk\n|-boost|p1a: Suicune|spa|1\n|-boost|p1a: Suicune|spd|1\n|\n|-heal|p2a: Deoxys|97/100|[from] item: Leftovers\n|-heal|p1a: Suicune|232/298 slp|[from] item: Leftovers\n|upkeep\n|turn|39\n|inactive|Time left: 300 sec this turn | 300 sec total\n|\n|t:|1783546567\n|move|p2a: Deoxys|Night Shade|p1a: Suicune\n|-damage|p1a: Suicune|148/298 slp\n|-curestatus|p1a: Suicune|slp|[msg]\n|move|p1a: Suicune|Calm Mind|p1a: Suicune\n|-boost|p1a: Suicune|spa|1\n|-boost|p1a: Suicune|spd|1\n|\n|-heal|p2a: Deoxys|100/100|[from] item: Leftovers\n|-heal|p1a: Suicune|166/298|[from] item: Leftovers\n|upkeep\n|turn|40\n|inactive|Time left: 300 sec this turn | 300 sec total\n|\n|t:|1783546569\n|move|p2a: Deoxys|Night Shade|p1a: Suicune\n|-damage|p1a: Suicune|82/298\n|move|p1a: Suicune|Rest|p1a: Suicune\n|-status|p1a: Suicune|slp|[from] move: Rest\n|-heal|p1a: Suicune|298/298 slp|[silent]\n|\n|upkeep\n|turn|41\n|inactive|Time left: 300 sec this turn | 300 sec total\n|\n|t:|1783546570\n|move|p2a: Deoxys|Cosmic Power|p2a: Deoxys\n|-boost|p2a: Deoxys|def|1\n|-boost|p2a: Deoxys|spd|1\n|cant|p1a: Suicune|slp\n|move|p1a: Suicune|Sleep Talk|p1a: Suicune\n|move|p1a: Suicune|Rest||[from] move: Sleep Talk|[still]\n|-fail|p1a: Suicune\n|\n|upkeep\n|turn|42\n|inactive|Time left: 300 sec this turn | 300 sec total\n|\n|t:|1783546570\n|move|p2a: Deoxys|Cosmic Power|p2a: Deoxys\n|-boost|p2a: Deoxys|def|1\n|-boost|p2a: Deoxys|spd|1\n|cant|p1a: Suicune|slp\n|move|p1a: Suicune|Sleep Talk|p1a: Suicune\n|move|p1a: Suicune|Rest||[from] move: Sleep Talk|[still]\n|-fail|p1a: Suicune\n|\n|upkeep\n|turn|43\n|inactive|Time left: 300 sec this turn | 300 sec total\n|\n|t:|1783546571\n|move|p2a: Deoxys|Stored Power|p1a: Suicune\n|-crit|p1a: Suicune\n|-damage|p1a: Suicune|54/298 slp\n|-curestatus|p1a: Suicune|slp|[msg]\n|move|p1a: Suicune|Calm Mind|p1a: Suicune\n|-boost|p1a: Suicune|spa|1\n|-boost|p1a: Suicune|spd|1\n|\n|-heal|p1a: Suicune|72/298|[from] item: Leftovers\n|upkeep\n|turn|44\n|inactive|Time left: 300 sec this turn | 300 sec total\n|\n|t:|1783546573\n|move|p2a: Deoxys|Night Shade|p1a: Suicune\n|-damage|p1a: Suicune|0 fnt\n|faint|p1a: Suicune\n|\n|upkeep\n|inactive|Time left: 300 sec this turn | 300 sec total | 5 sec grace\n|\n|t:|1783546574\n|switch|p1a: Gothitelle|Gothitelle, L90, F, tera:Dark|104/272\n|turn|45\n|inactive|Time left: 300 sec this turn | 300 sec total\n|\n|t:|1783546575\n|move|p1a: Gothitelle|Psychic|p2a: Deoxys\n|-resisted|p2a: Deoxys\n|-damage|p2a: Deoxys|96/100\n|move|p2a: Deoxys|Night Shade|p1a: Gothitelle\n|-damage|p1a: Gothitelle|20/272\n|\n|-heal|p2a: Deoxys|100/100|[from] item: Leftovers\n|upkeep\n|turn|46\n|inactive|Time left: 300 sec this turn | 300 sec total\n|\n|t:|1783546576\n|move|p1a: Gothitelle|Psychic|p2a: Deoxys\n|-resisted|p2a: Deoxys\n|-damage|p2a: Deoxys|96/100\n|move|p2a: Deoxys|Night Shade|p1a: Gothitelle\n|-damage|p1a: Gothitelle|0 fnt\n|faint|p1a: Gothitelle\n|\n|win|p0y5797b50", "uploadtime": 1783546576, "views": 0, "rating": 0, "private": 0, "password": null, "_winner": "p0y5797b50", "_our_name": "p0x57965dc"}