{"id": "battle-gen9randombattle-635", "formatid": "gen9randombattle", "format": "[Gen 9] Random Battle", "players": ["p0x63500bb", "p0y635feaf"], "log": "|init|battle\n|title|p0x63500bb vs. p0y635feaf\n|j|\u2606p0x63500bb\n|j|\u2606p0y635feaf\n|t:|1783547179\n|gametype|singles\n|player|p1|p0x63500bb|265|\n|player|p2|p0y635feaf|170|\n|gen|9\n|tier|[Gen 9] Random Battle\n|rule|Species Clause: Limit one of each Pok\u00e9mon\n|rule|HP Percentage Mod: HP is shown in percentages\n|rule|Sleep Clause Mod: Limit one foe put to sleep\n|rule|Illusion Level Mod: Illusion disguises the Pok\u00e9mon's true level\n|\n|t:|1783547179\n|teamsize|p1|6\n|teamsize|p2|6\n|start\n|switch|p1a: Arceus|Arceus-Electric, L70|100/100\n|switch|p2a: Alomomola|Alomomola, L87, F|429/429\n|turn|1\n|inactive|Battle timer is ON: inactive players will automatically lose when time's up. (requested by p0x63500bb)\n|inactive|Time left: 300 sec this turn | 300 sec total | 60 sec grace\n|inactive|p0y635feaf also wants the timer to be on.\n|\n|t:|1783547181\n|switch|p2a: Arcanine|Arcanine, L84, M|288/288\n|-ability|p2a: Arcanine|Intimidate|boost\n|-unboost|p1a: Arceus|atk|1\n|move|p1a: Arceus|Judgment|p2a: Arcanine\n|-damage|p2a: Arcanine|171/288\n|\n|upkeep\n|turn|2\n|inactive|Time left: 300 sec this turn | 300 sec total\n|\n|t:|1783547183\n|move|p1a: Arceus|Calm Mind|p1a: Arceus\n|-boost|p1a: Arceus|spa|1\n|-boost|p1a: Arceus|spd|1\n|move|p2a: Arcanine|Morning Sun|p2a: Arcanine\n|-heal|p2a: Arcanine|288/288\n|\n|upkeep\n|turn|3\n|inactive|Time left: 300 sec this turn | 300 sec total\n|\n|t:|1783547184\n|move|p1a: Arceus|Judgment|p2a: Arcanine\n|-damage|p2a: Arcanine|119/288\n|move|p2a: Arcanine|Morning Sun|p2a: Arcanine\n|-heal|p2a: Arcanine|263/288\n|\n|upkeep\n|turn|4\n|inactive|Time left: 300 sec this turn | 300 sec total\n|\n|t:|1783547185\n|move|p1a: Arceus|Judgment|p2a: Arcanine\n|-damage|p2a: Arcanine|86/288\n|move|p2a: Arcanine|Flare Blitz|p1a: Arceus\n|-damage|p1a: Arceus|52/100\n|-status|p1a: Arceus|brn\n|-damage|p2a: Arcanine|40/288|[from] Recoil\n|\n|-damage|p1a: Arceus|46/100 brn|[from] brn\n|upkeep\n|turn|5\n|inactive|Time left: 300 sec this turn | 300 sec total\n|\n|t:|1783547185\n|move|p1a: Arceus|Judgment|p2a: Arcanine\n|-damage|p2a: Arcanine|0 fnt\n|faint|p2a: Arcanine\n|\n|-damage|p1a: Arceus|40/100 brn|[from] brn\n|upkeep\n|inactive|Time left: 300 sec this turn | 300 sec total | 5 sec grace\n|\n|t:|1783547186\n|switch|p2a: Espeon|Espeon, L84, M|246/246\n|turn|6\n|inactive|Time left: 300 sec this turn | 300 sec total\n|\n|t:|1783547187\n|switch|p1a: Qwilfish|Qwilfish-Hisui, L83, M|100/100\n|-ability|p1a: Qwilfish|Intimidate|boost\n|-unboost|p2a: Espeon|atk|1\n|move|p2a: Espeon|Psyshock|p1a: Qwilfish\n|-immune|p1a: Qwilfish\n|\n|upkeep\n|turn|7\n|inactive|Time left: 300 sec this turn | 300 sec total\n|\n|t:|1783547188\n|switch|p2a: Ariados|Ariados, L95, F|287/287\n|move|p1a: Qwilfish|Gunk Shot|p2a: Ariados|[miss]\n|-miss|p1a: Qwilfish|p2a: Ariados\n|\n|upkeep\n|turn|8\n|inactive|Time left: 300 sec this turn | 300 sec total\n|\n|t:|1783547189\n|move|p1a: Qwilfish|Crunch|p2a: Ariados\n|-damage|p2a: Ariados|199/287\n|move|p2a: Ariados|Sticky Web|p1a: Qwilfish\n|-sidestart|p1: p0x63500bb|move: Sticky Web\n|\n|upkeep\n|turn|9\n|inactive|Time left: 300 sec this turn | 300 sec total\n|\n|t:|1783547190\n|move|p1a: Qwilfish|Crunch|p2a: Ariados\n|-damage|p2a: Ariados|108/287\n|-unboost|p2a: Ariados|def|1\n|move|p2a: Ariados|Megahorn|p1a: Qwilfish|[miss]\n|-miss|p2a: Ariados|p1a: Qwilfish\n|\n|upkeep\n|turn|10\n|inactive|Time left: 300 sec this turn | 300 sec total\n|\n|t:|1783547191\n|switch|p2a: Alomomola|Alomomola, L87, F|429/429\n|move|p1a: Qwilfish|Crunch|p2a: Alomomola\n|-damage|p2a: Alomomola|338/429\n|\n|upkeep\n|turn|11\n|inactive|Time left: 300 sec this turn | 300 sec total\n|\n|t:|1783547192\n|switch|p1a: Lugia|Lugia, L73|100/100\n|move|p2a: Alomomola|Scald|p1a: Lugia\n|-damage|p1a: Lugia|94/100\n|\n|upkeep\n|turn|12\n|inactive|Time left: 300 sec this turn | 300 sec total\n|\n|t:|1783547194\n|move|p1a: Lugia|Calm Mind|p1a: Lugia\n|-boost|p1a: Lugia|spa|1\n|-boost|p1a: Lugia|spd|1\n|move|p2a: Alomomola|Flip Turn|p1a: Lugia\n|-damage|p1a: Lugia|77/100\n|inactive|Time left: 300 sec this turn | 300 sec total | 5 sec grace\n|\n|t:|1783547195\n|switch|p2a: Espeon|Espeon, L84, M|246/246|[from] Flip Turn\n|\n|upkeep\n|turn|13\n|inactive|Time left: 300 sec this turn | 300 sec total\n|\n|t:|1783547196\n|move|p2a: Espeon|Shadow Ball|p1a: Lugia\n|-supereffective|p1a: Lugia\n|-damage|p1a: Lugia|36/100\n|move|p1a: Lugia|Aeroblast|p2a: Espeon\n|-damage|p2a: Espeon|146/246\n|\n|upkeep\n|turn|14\n|inactive|Time left: 300 sec this turn | 300 sec total\n|\n|t:|1783547197\n|-terastallize|p1a: Lugia|Steel\n|move|p2a: Espeon|Shadow Ball|p1a: Lugia\n|-damage|p1a: Lugia|18/100\n|move|p1a: Lugia|Recover|p1a: Lugia\n|-heal|p1a: Lugia|68/100\n|\n|upkeep\n|turn|15\n|inactive|Time left: 300 sec this turn | 300 sec total\n|\n|t:|1783547198\n|move|p2a: Espeon|Shadow Ball|p1a: Lugia\n|-damage|p1a: Lugia|48/100\n|move|p1a: Lugia|Recover|p1a: Lugia\n|-heal|p1a: Lugia|98/100\n|\n|upkeep\n|turn|16\n|inactive|Time left: 300 sec this turn | 300 sec total\n|\n|t:|1783547199\n|move|p2a: Espeon|Shadow Ball|p1a: Lugia\n|-damage|p1a: Lugia|79/100\n|move|p1a: Lugia|Aeroblast|p2a: Espeon\n|-damage|p2a: Espeon|31/246\n|\n|upkeep\n|turn|17\n|inactive|Time left: 300 sec this turn | 300 sec total\n|\n|t:|1783547200\n|move|p2a: Espeon|Shadow Ball|p1a: Lugia\n|-damage|p1a: Lugia|61/100\n|-unboost|p1a: Lugia|spd|1\n|move|p1a: Lugia|Aeroblast|p2a: Espeon\n|-crit|p2a: Espeon\n|-damage|p2a: Espeon|0 fnt\n|faint|p2a: Espeon\n|\n|upkeep\n|inactive|Time left: 300 sec this turn | 300 sec total | 5 sec grace\n|\n|t:|1783547201\n|switch|p2a: Alomomola|Alomomola, L87, F|219/219\n|turn|18\n|inactive|Time left: 300 sec this turn | 300 sec total\n|\n|t:|1783547202\n|move|p2a: Alomomola|Focus Blast|p1a: Lugia\n|-supereffective|p1a: Lugia\n|-crit|p1a: Lugia\n|-damage|p1a: Lugia|0 fnt\n|faint|p1a: Lugia\n|\n|upkeep\n|\n|t:|1783547203\n|switch|p1a: Ariados|Ariados, L95, M|100/100\n|turn|19\n|inactive|Time left: 300 sec this turn | 300 sec total\n|\n|t:|1783547204\n|switch|p2a: Alomomola|Alomomola, L87, F|429/429\n|move|p1a: Ariados|Sticky Web|p2a: Alomomola\n|-sidestart|p2: p0y635feaf|move: Sticky Web\n|\n|upkeep\n|turn|20\n|inactive|Time left: 300 sec this turn | 300 sec total\n|\n|t:|1783547205\n|switch|p1a: Raikou|Raikou, L81|100/100\n|-ability|p1a: Raikou|Pressure\n|move|p2a: Alomomola|Scald|p1a: Raikou\n|-damage|p1a: Raikou|83/100\n|\n|upkeep\n|turn|21\n|inactive|Time left: 300 sec this turn | 300 sec total\n|\n|t:|1783547206\n|move|p1a: Raikou|Thunderbolt|p2a: Alomomola\n|-supereffective|p2a: Alomomola\n|-damage|p2a: Alomomola|105/429\n|move|p2a: Alomomola|Flip Turn|p1a: Raikou\n|-damage|p1a: Raikou|57/100\n|inactive|Time left: 300 sec this turn | 300 sec total | 5 sec grace\n|\n|t:|1783547207\n|switch|p2a: Ludicolo|Ludicolo, L90, F|290/290|[from] Flip Turn\n|-activate|p2a: Ludicolo|move: Sticky Web\n|-unboost|p2a: Ludicolo|spe|1\n|\n|upkeep\n|turn|22\n|inactive|Time left: 300 sec this turn | 300 sec total\n|\n|t:|1783547209\n|move|p1a: Raikou|Calm Mind|p1a: Raikou\n|-boost|p1a: Raikou|spa|1\n|-boost|p1a: Raikou|spd|1\n|move|p2a: Ludicolo|Hydro Pump|p1a: Raikou\n|-damage|p1a: Raikou|10/100\n|\n|upkeep\n|turn|23\n|inactive|Time left: 300 sec this turn | 300 sec total\n|\n|t:|1783547210\n|move|p1a: Raikou|Thunderbolt|p2a: Ludicolo\n|-damage|p2a: Ludicolo|163/290\n|move|p2a: Ludicolo|Hydro Pump|p1a: Raikou\n|-damage|p1a: Raikou|0 fnt\n|faint|p1a: Raikou\n|\n|upkeep\n|\n|t:|1783547211\n|switch|p1a: Ariados|Ariados, L95, M|100/100\n|turn|24\n|inactive|Time left: 300 sec this turn | 300 sec total\n|\n|t:|1783547212\n|switch|p2a: Alomomola|Alomomola, L87, F|248/429\n|move|p1a: Ariados|Megahorn|p2a: Alomomola\n|-damage|p2a: Alomomola|85/429\n|\n|upkeep\n|turn|25\n|inactive|Time left: 300 sec this turn | 300 sec total\n|\n|t:|1783547213\n|move|p2a: Alomomola|Flip Turn|p1a: Ariados\n|-damage|p1a: Ariados|80/100\n|inactive|Time left: 300 sec this turn | 300 sec total | 5 sec grace\n|\n|t:|1783547214\n|switch|p2a: Alomomola|Alomomola, L87, F|219/219|[from] Flip Turn\n|-activate|p2a: Alomomola|move: Sticky Web\n|-unboost|p2a: Alomomola|spe|1\n|move|p1a: Ariados|Poison Jab|p2a: Alomomola\n|-resisted|p2a: Alomomola\n|-damage|p2a: Alomomola|148/219\n|replace|p2a: Zoroark|Zoroark-Hisui, L80, M\n|-end|p2a: Zoroark|Illusion\n|-hint|Illusion Level Mod is active, so this Pok\u00e9mon's true level was hidden.\n|\n|upkeep\n|turn|26\n|inactive|Time left: 300 sec this turn | 300 sec total\n|\n|t:|1783547215\n|move|p1a: Ariados|Sucker Punch|p2a: Zoroark\n|-supereffective|p2a: Zoroark\n|-damage|p2a: Zoroark|0 fnt\n|faint|p2a: Zoroark\n|\n|upkeep\n|inactive|Time left: 300 sec this turn | 300 sec total | 5 sec grace\n|\n|t:|1783547216\n|switch|p2a: Alomomola|Alomomola, L87, F|228/429\n|turn|27\n|inactive|Time left: 300 sec this turn | 300 sec total\n|\n|t:|1783547216\n|move|p2a: Alomomola|Wish|p2a: Alomomola\n|move|p1a: Ariados|Megahorn|p2a: Alomomola\n|-damage|p2a: Alomomola|59/429\n|\n|upkeep\n|turn|28\n|inactive|Time left: 300 sec this turn | 300 sec total\n|\n|t:|1783547217\n|switch|p2a: Ariados|Ariados, L95, F|108/287\n|move|p1a: Ariados|Sucker Punch||[still]\n|-fail|p1a: Ariados\n|\n|-heal|p2a: Ariados|287/287|[from] move: Wish|[wisher] Alomomola\n|upkeep\n|turn|29\n|inactive|Time left: 300 sec this turn | 300 sec total\n|\n|t:|1783547218\n|switch|p2a: Alomomola|Alomomola, L87, F|202/429\n|move|p1a: Ariados|Megahorn|p2a: Alomomola\n|-damage|p2a: Alomomola|52/429\n|\n|upkeep\n|turn|30\n|inactive|Time left: 300 sec this turn | 300 sec total\n|\n|t:|1783547219\n|switch|p2a: Ariados|Ariados, L95, F|287/287\n|move|p1a: Ariados|Megahorn|p2a: Ariados\n|-resisted|p2a: Ariados\n|-damage|p2a: Ariados|202/287\n|\n|upkeep\n|turn|31\n|inactive|Time left: 300 sec this turn | 300 sec total\n|\n|t:|1783547220\n|move|p2a: Ariados|Poison Jab|p1a: Ariados\n|-resisted|p1a: Ariados\n|-damage|p1a: Ariados|63/100\n|move|p1a: Ariados|Megahorn|p2a: Ariados\n|-resisted|p2a: Ariados\n|-damage|p2a: Ariados|127/287\n|\n|upkeep\n|turn|32\n|inactive|Time left: 300 sec this turn | 300 sec total\n|\n|t:|1783547221\n|move|p2a: Ariados|Megahorn|p1a: Ariados\n|-resisted|p1a: Ariados\n|-damage|p1a: Ariados|35/100\n|move|p1a: Ariados|Megahorn|p2a: Ariados\n|-resisted|p2a: Ariados\n|-damage|p2a: Ariados|40/287\n|\n|upkeep\n|turn|33\n|inactive|Time left: 300 sec this turn | 300 sec total\n|\n|t:|1783547222\n|move|p2a: Ariados|Megahorn|p1a: Ariados\n|-resisted|p1a: Ariados\n|-damage|p1a: Ariados|0 fnt\n|faint|p1a: Ariados\n|\n|upkeep\n|\n|t:|1783547223\n|switch|p1a: Arceus|Arceus-Electric, L70|40/100 brn\n|-activate|p1a: Arceus|move: Sticky Web\n|-unboost|p1a: Arceus|spe|1\n|turn|34\n|inactive|Time left: 300 sec this turn | 300 sec total\n|\n|t:|1783547224\n|switch|p2a: Ludicolo|Ludicolo, L90, F|163/290\n|-activate|p2a: Ludicolo|move: Sticky Web\n|-unboost|p2a: Ludicolo|spe|1\n|move|p1a: Arceus|Judgment|p2a: Ludicolo\n|-damage|p2a: Ludicolo|72/290\n|\n|-damage|p1a: Arceus|34/100 brn|[from] brn\n|upkeep\n|turn|35\n|inactive|Time left: 300 sec this turn | 300 sec total\n|\n|t:|1783547225\n|-terastallize|p2a: Ludicolo|Grass\n|move|p1a: Arceus|Judgment|p2a: Ludicolo\n|-resisted|p2a: Ludicolo\n|-damage|p2a: Ludicolo|24/290\n|move|p2a: Ludicolo|Giga Drain|p1a: Arceus\n|-damage|p1a: Arceus|0 fnt\n|-heal|p2a: Ludicolo|71/290|[from] drain|[of] p1a: Arceus\n|faint|p1a: Arceus\n|\n|upkeep\n|\n|t:|1783547226\n|switch|p1a: Qwilfish|Qwilfish-Hisui, L83, M|100/100\n|-activate|p1a: Qwilfish|move: Sticky Web\n|-unboost|p1a: Qwilfish|spe|1\n|-ability|p1a: Qwilfish|Intimidate|boost\n|-unboost|p2a: Ludicolo|atk|1\n|turn|36\n|inactive|Time left: 300 sec this turn | 300 sec total\n|\n|t:|1783547227\n|switch|p2a: Alomomola|Alomomola, L87, F|195/429\n|move|p1a: Qwilfish|Gunk Shot|p2a: Alomomola\n|-damage|p2a: Alomomola|63/429\n|\n|upkeep\n|turn|37\n|inactive|Time left: 300 sec this turn | 300 sec total\n|\n|t:|1783547228\n|move|p2a: Alomomola|Flip Turn|p1a: Qwilfish\n|-damage|p1a: Qwilfish|85/100\n|inactive|Time left: 300 sec this turn | 300 sec total | 5 sec grace\n|\n|t:|1783547230\n|switch|p2a: Ludicolo|Ludicolo, L90, F, tera:Grass|71/290|[from] Flip Turn\n|-activate|p2a: Ludicolo|move: Sticky Web\n|-unboost|p2a: Ludicolo|spe|1\n|move|p1a: Qwilfish|Gunk Shot|p2a: Ludicolo\n|-supereffective|p2a: Ludicolo\n|-damage|p2a: Ludicolo|0 fnt\n|faint|p2a: Ludicolo\n|\n|upkeep\n|inactive|Time left: 300 sec this turn | 300 sec total | 10 sec grace\n|\n|t:|1783547231\n|switch|p2a: Alomomola|Alomomola, L87, F|206/429\n|turn|38\n|inactive|Time left: 300 sec this turn | 300 sec total\n|\n|t:|1783547232\n|move|p2a: Alomomola|Wish|p2a: Alomomola\n|move|p1a: Qwilfish|Gunk Shot|p2a: Alomomola\n|-damage|p2a: Alomomola|71/429\n|\n|upkeep\n|turn|39\n|inactive|Time left: 300 sec this turn | 300 sec total\n|\n|t:|1783547233\n|move|p2a: Alomomola|Protect|p2a: Alomomola\n|-singleturn|p2a: Alomomola|Protect\n|move|p1a: Qwilfish|Crunch|p2a: Alomomola\n|-activate|p2a: Alomomola|move: Protect\n|\n|-heal|p2a: Alomomola|285/429|[from] move: Wish|[wisher] Alomomola\n|upkeep\n|turn|40\n|inactive|Time left: 300 sec this turn | 300 sec total\n|\n|t:|1783547234\n|move|p2a: Alomomola|Wish|p2a: Alomomola\n|move|p1a: Qwilfish|Gunk Shot|p2a: Alomomola\n|-damage|p2a: Alomomola|162/429\n|\n|upkeep\n|turn|41\n|inactive|Time left: 300 sec this turn | 300 sec total\n|\n|t:|1783547235\n|move|p2a: Alomomola|Scald|p1a: Qwilfish\n|-damage|p1a: Qwilfish|64/100\n|move|p1a: Qwilfish|Crunch|p2a: Alomomola\n|-damage|p2a: Alomomola|80/429\n|-unboost|p2a: Alomomola|def|1\n|\n|-heal|p2a: Alomomola|294/429|[from] move: Wish|[wisher] Alomomola\n|upkeep\n|turn|42\n|inactive|Time left: 300 sec this turn | 300 sec total\n|\n|t:|1783547236\n|move|p2a: Alomomola|Flip Turn|p1a: Qwilfish\n|-damage|p1a: Qwilfish|48/100\n|inactive|Time left: 300 sec this turn | 300 sec total | 5 sec grace\n|\n|t:|1783547237\n|switch|p2a: Ariados|Ariados, L95, F|40/287|[from] Flip Turn\n|move|p1a: Qwilfish|Gunk Shot|p2a: Ariados\n|-resisted|p2a: Ariados\n|-damage|p2a: Ariados|0 fnt\n|faint|p2a: Ariados\n|\n|upkeep\n|inactive|Time left: 300 sec this turn | 300 sec total | 10 sec grace\n|\n|t:|1783547238\n|switch|p2a: Alomomola|Alomomola, L87, F|429/429\n|turn|43\n|inactive|Time left: 300 sec this turn | 300 sec total\n|\n|t:|1783547239\n|switch|p1a: Quagsire|Quagsire, L84, M|100/100\n|-activate|p1a: Quagsire|move: Sticky Web\n|-unboost|p1a: Quagsire|spe|1\n|move|p2a: Alomomola|Scald|p1a: Quagsire\n|-damage|p1a: Quagsire|78/100\n|\n|-heal|p1a: Quagsire|84/100|[from] item: Leftovers\n|upkeep\n|turn|44\n|inactive|Time left: 300 sec this turn | 300 sec total\n|\n|t:|1783547240\n|move|p2a: Alomomola|Protect|p2a: Alomomola\n|-singleturn|p2a: Alomomola|Protect\n|move|p1a: Quagsire|Toxic|p2a: Alomomola\n|-activate|p2a: Alomomola|move: Protect\n|\n|-heal|p1a: Quagsire|90/100|[from] item: Leftovers\n|upkeep\n|turn|45\n|inactive|Time left: 300 sec this turn | 300 sec total\n|\n|t:|1783547241\n|move|p2a: Alomomola|Scald|p1a: Quagsire\n|-damage|p1a: Quagsire|69/100\n|-status|p1a: Quagsire|brn\n|move|p1a: Quagsire|Toxic|p2a: Alomomola\n|-status|p2a: Alomomola|tox\n|\n|-heal|p1a: Quagsire|75/100 brn|[from] item: Leftovers\n|-damage|p2a: Alomomola|403/429 tox|[from] psn\n|-damage|p1a: Quagsire|69/100 brn|[from] brn\n|upkeep\n|turn|46\n|inactive|Time left: 300 sec this turn | 300 sec total\n|\n|t:|1783547242\n|move|p2a: Alomomola|Scald|p1a: Quagsire\n|-damage|p1a: Quagsire|48/100 brn\n|move|p1a: Quagsire|Recover|p1a: Quagsire\n|-heal|p1a: Quagsire|98/100 brn\n|\n|-heal|p1a: Quagsire|100/100 brn|[from] item: Leftovers\n|-damage|p2a: Alomomola|351/429 tox|[from] psn\n|-damage|p1a: Quagsire|94/100 brn|[from] brn\n|upkeep\n|turn|47\n|inactive|Time left: 300 sec this turn | 300 sec total\n|\n|t:|1783547244\n|switch|p1a: Qwilfish|Qwilfish-Hisui, L83, M|48/100\n|-activate|p1a: Qwilfish|move: Sticky Web\n|-unboost|p1a: Qwilfish|spe|1\n|-ability|p1a: Qwilfish|Intimidate|boost\n|-unboost|p2a: Alomomola|atk|1\n|move|p2a: Alomomola|Wish|p2a: Alomomola\n|\n|-damage|p2a: Alomomola|273/429 tox|[from] psn\n|upkeep\n|turn|48\n|inactive|Time left: 300 sec this turn | 300 sec total\n|\n|t:|1783547245\n|move|p2a: Alomomola|Scald|p1a: Qwilfish\n|-damage|p1a: Qwilfish|28/100\n|move|p1a: Qwilfish|Gunk Shot|p2a: Alomomola|[miss]\n|-miss|p1a: Qwilfish|p2a: Alomomola\n|\n|-heal|p2a: Alomomola|429/429 tox|[from] move: Wish|[wisher] Alomomola\n|-damage|p2a: Alomomola|325/429 tox|[from] psn\n|upkeep\n|turn|49\n|inactive|Time left: 300 sec this turn | 300 sec total\n|\n|t:|1783547246\n|move|p2a: Alomomola|Wish|p2a: Alomomola\n|move|p1a: Qwilfish|Crunch|p2a: Alomomola\n|-damage|p2a: Alomomola|243/429 tox\n|\n|-damage|p2a: Alomomola|113/429 tox|[from] psn\n|upkeep\n|turn|50\n|inactive|Time left: 300 sec this turn | 300 sec total\n|\n|t:|1783547247\n|move|p2a: Alomomola|Wish||[still]\n|-fail|p2a: Alomomola\n|move|p1a: Qwilfish|Spikes|p2a: Alomomola\n|-sidestart|p2: p0y635feaf|Spikes\n|\n|-heal|p2a: Alomomola|327/429 tox|[from] move: Wish|[wisher] Alomomola\n|-damage|p2a: Alomomola|171/429 tox|[from] psn\n|upkeep\n|turn|51\n|inactive|Time left: 300 sec this turn | 300 sec total\n|\n|t:|1783547248\n|move|p2a: Alomomola|Wish|p2a: Alomomola\n|move|p1a: Qwilfish|Toxic Spikes|p2a: Alomomola\n|-sidestart|p2: p0y635feaf|move: Toxic Spikes\n|\n|-damage|p2a: Alomomola|0 fnt|[from] psn\n|faint|p2a: Alomomola\n|\n|win|p0x63500bb", "uploadtime": 1783547248, "views": 0, "rating": 0, "private": 0, "password": null, "_winner": "p0x63500bb", "_our_name": "p0y635feaf"}