{"id": "battle-gen9randombattle-1261", "formatid": "gen9randombattle", "format": "[Gen 9] Random Battle", "players": ["p0x1261f04e", "p0y126168e1"], "log": "|init|battle\n|title|p0x1261f04e vs. p0y126168e1\n|j|\u2606p0x1261f04e\n|j|\u2606p0y126168e1\n|t:|1783553741\n|gametype|singles\n|player|p1|p0x1261f04e|2|\n|player|p2|p0y126168e1|265|\n|gen|9\n|tier|[Gen 9] Random Battle\n|rule|Species Clause: Limit one of each Pok\u00e9mon\n|rule|HP Percentage Mod: HP is shown in percentages\n|rule|Sleep Clause Mod: Limit one foe put to sleep\n|rule|Illusion Level Mod: Illusion disguises the Pok\u00e9mon's true level\n|\n|t:|1783553741\n|teamsize|p1|6\n|teamsize|p2|6\n|start\n|switch|p1a: Iron Moth|Iron Moth, L78|253/253\n|switch|p2a: Cinccino|Cinccino, L83, M|100/100\n|turn|1\n|inactive|Battle timer is ON: inactive players will automatically lose when time's up. (requested by p0y126168e1)\n|inactive|Time left: 300 sec this turn | 300 sec total | 60 sec grace\n|inactive|p0x1261f04e also wants the timer to be on.\n|\n|t:|1783553742\n|move|p2a: Cinccino|Tail Slap|p1a: Iron Moth\n|-damage|p1a: Iron Moth|199/253\n|-damage|p1a: Iron Moth|147/253\n|-damage|p1a: Iron Moth|96/253\n|-damage|p1a: Iron Moth|42/253\n|-damage|p1a: Iron Moth|0 fnt\n|faint|p1a: Iron Moth\n|-end|p1a: Iron Moth|Quark Drive|[silent]\n|-hitcount|p1: Iron Moth|5\n|\n|upkeep\n|inactive|Time left: 300 sec this turn | 300 sec total | 65 sec grace\n|\n|t:|1783553743\n|switch|p1a: Lunala|Lunala, L70|308/308\n|turn|2\n|inactive|Time left: 300 sec this turn | 300 sec total\n|\n|t:|1783553744\n|move|p2a: Cinccino|Tidy Up|p2a: Cinccino\n|-boost|p2a: Cinccino|atk|1\n|-boost|p2a: Cinccino|spe|1\n|move|p1a: Lunala|Calm Mind|p1a: Lunala\n|-boost|p1a: Lunala|spa|1\n|-boost|p1a: Lunala|spd|1\n|\n|upkeep\n|turn|3\n|inactive|Time left: 300 sec this turn | 300 sec total\n|\n|t:|1783553745\n|move|p2a: Cinccino|Triple Axel|p1a: Lunala\n|-damage|p1a: Lunala|290/308\n|-damage|p1a: Lunala|219/308\n|-damage|p1a: Lunala|112/308\n|-hitcount|p1a: Lunala|3\n|move|p1a: Lunala|Psyshock|p2a: Cinccino\n|-damage|p2a: Cinccino|44/100\n|\n|-heal|p1a: Lunala|131/308|[from] item: Leftovers\n|upkeep\n|turn|4\n|inactive|Time left: 300 sec this turn | 300 sec total\n|\n|t:|1783553746\n|switch|p1a: Houndstone|Houndstone, L86, M|264/264\n|move|p2a: Cinccino|Triple Axel|p1a: Houndstone\n|-damage|p1a: Houndstone|251/264\n|-damage|p1a: Houndstone|223/264\n|-damage|p1a: Houndstone|182/264\n|-hitcount|p1a: Houndstone|3\n|\n|-heal|p1a: Houndstone|198/264|[from] item: Leftovers\n|upkeep\n|turn|5\n|inactive|Time left: 300 sec this turn | 300 sec total\n|\n|t:|1783553748\n|move|p2a: Cinccino|Bullet Seed|p1a: Houndstone\n|-damage|p1a: Houndstone|165/264\n|-damage|p1a: Houndstone|134/264\n|-damage|p1a: Houndstone|100/264\n|-damage|p1a: Houndstone|66/264\n|-hitcount|p1a: Houndstone|4\n|move|p1a: Houndstone|Body Press|p2a: Cinccino\n|-supereffective|p2a: Cinccino\n|-damage|p2a: Cinccino|0 fnt\n|faint|p2a: Cinccino\n|\n|-heal|p1a: Houndstone|82/264|[from] item: Leftovers\n|upkeep\n|\n|t:|1783553749\n|switch|p2a: Inteleon|Inteleon, L81, F|100/100\n|turn|6\n|inactive|Time left: 300 sec this turn | 300 sec total\n|\n|t:|1783553750\n|switch|p1a: Chansey|Chansey, L85, F|564/564\n|move|p2a: Inteleon|Scald|p1a: Chansey\n|-damage|p1a: Chansey|479/564\n|\n|upkeep\n|turn|7\n|inactive|Time left: 300 sec this turn | 300 sec total\n|\n|t:|1783553751\n|move|p2a: Inteleon|Scald|p1a: Chansey\n|-damage|p1a: Chansey|398/564\n|move|p1a: Chansey|Seismic Toss|p2a: Inteleon\n|-damage|p2a: Inteleon|66/100\n|\n|upkeep\n|turn|8\n|inactive|Time left: 300 sec this turn | 300 sec total\n|\n|t:|1783553752\n|move|p2a: Inteleon|Scald|p1a: Chansey\n|-damage|p1a: Chansey|319/564\n|move|p1a: Chansey|Soft-Boiled|p1a: Chansey\n|-heal|p1a: Chansey|564/564\n|\n|upkeep\n|turn|9\n|inactive|Time left: 300 sec this turn | 300 sec total\n|\n|t:|1783553753\n|move|p2a: Inteleon|Scald|p1a: Chansey\n|-damage|p1a: Chansey|474/564\n|-status|p1a: Chansey|brn\n|move|p1a: Chansey|Thunder Wave|p2a: Inteleon\n|-status|p2a: Inteleon|par\n|\n|-damage|p1a: Chansey|439/564 brn|[from] brn\n|upkeep\n|turn|10\n|inactive|Time left: 300 sec this turn | 300 sec total\n|\n|t:|1783553754\n|-curestatus|p1a: Chansey|brn|[from] ability: Natural Cure|[silent]\n|switch|p1a: Greninja|Greninja, L80, M|246/246\n|cant|p2a: Inteleon|par\n|\n|upkeep\n|turn|11\n|inactive|Time left: 300 sec this turn | 300 sec total\n|\n|t:|1783553755\n|move|p1a: Greninja|Dark Pulse|p2a: Inteleon\n|-damage|p2a: Inteleon|5/100 par\n|-damage|p1a: Greninja|222/246|[from] item: Life Orb\n|cant|p2a: Inteleon|par\n|\n|upkeep\n|turn|12\n|inactive|Time left: 300 sec this turn | 300 sec total\n|\n|t:|1783553756\n|move|p1a: Greninja|Hydro Pump|p2a: Inteleon|[miss]\n|-miss|p1a: Greninja|p2a: Inteleon\n|move|p2a: Inteleon|Scald|p1a: Greninja\n|-resisted|p1a: Greninja\n|-damage|p1a: Greninja|95/246\n|-status|p1a: Greninja|brn\n|\n|-damage|p1a: Greninja|80/246 brn|[from] brn\n|upkeep\n|turn|13\n|inactive|Time left: 300 sec this turn | 300 sec total\n|\n|t:|1783553757\n|move|p1a: Greninja|Ice Beam|p2a: Inteleon\n|-resisted|p2a: Inteleon\n|-damage|p2a: Inteleon|0 fnt\n|faint|p2a: Inteleon\n|-ability|p1a: Greninja|Battle Bond|boost\n|-boost|p1a: Greninja|atk|1\n|-boost|p1a: Greninja|spa|1\n|-boost|p1a: Greninja|spe|1\n|-activate|p1a: Greninja|ability: Battle Bond\n|-damage|p1a: Greninja|56/246 brn|[from] item: Life Orb\n|\n|-damage|p1a: Greninja|41/246 brn|[from] brn\n|upkeep\n|\n|t:|1783553758\n|switch|p2a: Tentacruel|Tentacruel, L84, F|100/100\n|turn|14\n|inactive|Time left: 300 sec this turn | 300 sec total\n|\n|t:|1783553759\n|move|p1a: Greninja|Dark Pulse|p2a: Tentacruel\n|-damage|p2a: Tentacruel|57/100\n|-damage|p1a: Greninja|17/246 brn|[from] item: Life Orb\n|cant|p2a: Tentacruel|flinch\n|\n|-heal|p2a: Tentacruel|64/100|[from] item: Leftovers\n|-damage|p1a: Greninja|2/246 brn|[from] brn\n|upkeep\n|turn|15\n|inactive|Time left: 300 sec this turn | 300 sec total\n|\n|t:|1783553759\n|move|p1a: Greninja|Dark Pulse|p2a: Tentacruel\n|-damage|p2a: Tentacruel|20/100\n|-damage|p1a: Greninja|0 fnt|[from] item: Life Orb\n|faint|p1a: Greninja\n|move|p2a: Tentacruel|Toxic Spikes|p1: Greninja\n|-sidestart|p1: p0x1261f04e|move: Toxic Spikes\n|\n|-heal|p2a: Tentacruel|27/100|[from] item: Leftovers\n|upkeep\n|inactive|Time left: 300 sec this turn | 300 sec total | 5 sec grace\n|\n|t:|1783553760\n|switch|p1a: Lunala|Lunala, L70|131/308\n|-status|p1a: Lunala|psn\n|turn|16\n|inactive|Time left: 300 sec this turn | 300 sec total\n|\n|t:|1783553761\n|switch|p2a: Houndoom|Houndoom, L87, F|100/100\n|move|p1a: Lunala|Moonlight|p1a: Lunala\n|-heal|p1a: Lunala|285/308 psn\n|\n|-heal|p1a: Lunala|304/308 psn|[from] item: Leftovers\n|-damage|p1a: Lunala|266/308 psn|[from] psn\n|upkeep\n|turn|17\n|inactive|Time left: 300 sec this turn | 300 sec total\n|\n|t:|1783553762\n|switch|p1a: Chansey|Chansey, L85, F|439/564\n|-status|p1a: Chansey|psn\n|move|p2a: Houndoom|Nasty Plot|p2a: Houndoom\n|-boost|p2a: Houndoom|spa|2\n|\n|-damage|p1a: Chansey|369/564 psn|[from] psn\n|upkeep\n|turn|18\n|inactive|Time left: 300 sec this turn | 300 sec total\n|\n|t:|1783553763\n|move|p2a: Houndoom|Nasty Plot|p2a: Houndoom\n|-boost|p2a: Houndoom|spa|2\n|move|p1a: Chansey|Soft-Boiled|p1a: Chansey\n|-heal|p1a: Chansey|564/564 psn\n|\n|-damage|p1a: Chansey|494/564 psn|[from] psn\n|upkeep\n|turn|19\n|inactive|Time left: 300 sec this turn | 300 sec total\n|\n|t:|1783553764\n|move|p2a: Houndoom|Dark Pulse|p1a: Chansey\n|-damage|p1a: Chansey|328/564 psn\n|move|p1a: Chansey|Heal Bell|p1a: Chansey\n|-activate|p1a: Chansey|move: Heal Bell\n|-curestatus|p1a: Chansey|psn|[msg]\n|-curestatus|p1: Lunala|psn|[msg]\n|\n|upkeep\n|turn|20\n|inactive|Time left: 300 sec this turn | 300 sec total\n|\n|t:|1783553765\n|move|p2a: Houndoom|Fire Blast|p1a: Chansey\n|-damage|p1a: Chansey|87/564\n|move|p1a: Chansey|Soft-Boiled|p1a: Chansey\n|-heal|p1a: Chansey|369/564\n|\n|upkeep\n|turn|21\n|inactive|Time left: 300 sec this turn | 300 sec total\n|\n|t:|1783553766\n|move|p2a: Houndoom|Fire Blast|p1a: Chansey\n|-damage|p1a: Chansey|125/564\n|move|p1a: Chansey|Soft-Boiled|p1a: Chansey\n|-heal|p1a: Chansey|407/564\n|\n|upkeep\n|turn|22\n|inactive|Time left: 300 sec this turn | 300 sec total\n|\n|t:|1783553768\n|move|p2a: Houndoom|Fire Blast|p1a: Chansey\n|-damage|p1a: Chansey|152/564\n|move|p1a: Chansey|Soft-Boiled|p1a: Chansey\n|-heal|p1a: Chansey|434/564\n|\n|upkeep\n|turn|23\n|inactive|Time left: 300 sec this turn | 300 sec total\n|\n|t:|1783553769\n|move|p2a: Houndoom|Fire Blast|p1a: Chansey\n|-damage|p1a: Chansey|197/564\n|move|p1a: Chansey|Soft-Boiled|p1a: Chansey\n|-heal|p1a: Chansey|479/564\n|\n|upkeep\n|turn|24\n|inactive|Time left: 300 sec this turn | 300 sec total\n|\n|t:|1783553770\n|move|p2a: Houndoom|Fire Blast|p1a: Chansey\n|-damage|p1a: Chansey|230/564\n|move|p1a: Chansey|Soft-Boiled|p1a: Chansey\n|-heal|p1a: Chansey|512/564\n|\n|upkeep\n|turn|25\n|inactive|Time left: 300 sec this turn | 300 sec total\n|\n|t:|1783553771\n|move|p2a: Houndoom|Dark Pulse|p1a: Chansey\n|-damage|p1a: Chansey|338/564\n|cant|p1a: Chansey|flinch\n|\n|upkeep\n|turn|26\n|inactive|Time left: 300 sec this turn | 300 sec total\n|\n|t:|1783553772\n|move|p2a: Houndoom|Dark Pulse|p1a: Chansey\n|-damage|p1a: Chansey|163/564\n|move|p1a: Chansey|Soft-Boiled|p1a: Chansey\n|-heal|p1a: Chansey|445/564\n|\n|upkeep\n|turn|27\n|inactive|Time left: 300 sec this turn | 300 sec total\n|\n|t:|1783553774\n|move|p2a: Houndoom|Fire Blast|p1a: Chansey\n|-damage|p1a: Chansey|190/564\n|move|p1a: Chansey|Thunder Wave|p2a: Houndoom\n|-status|p2a: Houndoom|par\n|\n|upkeep\n|turn|28\n|inactive|Time left: 300 sec this turn | 300 sec total\n|\n|t:|1783553775\n|move|p1a: Chansey|Seismic Toss|p2a: Houndoom\n|-damage|p2a: Houndoom|69/100 par\n|move|p2a: Houndoom|Fire Blast|p1a: Chansey\n|-crit|p1a: Chansey\n|-damage|p1a: Chansey|0 fnt\n|faint|p1a: Chansey\n|\n|upkeep\n|inactive|Time left: 300 sec this turn | 300 sec total | 5 sec grace\n|\n|t:|1783553776\n|switch|p1a: Houndstone|Houndstone, L86, M|82/264\n|-status|p1a: Houndstone|psn\n|turn|29\n|inactive|Time left: 300 sec this turn | 300 sec total\n|\n|t:|1783553777\n|move|p1a: Houndstone|Body Press|p2a: Houndoom\n|-supereffective|p2a: Houndoom\n|-damage|p2a: Houndoom|10/100 par\n|move|p2a: Houndoom|Fire Blast|p1a: Houndstone|[miss]\n|-miss|p2a: Houndoom|p1a: Houndstone\n|\n|-heal|p1a: Houndstone|98/264 psn|[from] item: Leftovers\n|-damage|p1a: Houndstone|65/264 psn|[from] psn\n|upkeep\n|turn|30\n|inactive|Time left: 300 sec this turn | 300 sec total\n|\n|t:|1783553778\n|move|p1a: Houndstone|Body Press|p2a: Houndoom\n|-supereffective|p2a: Houndoom\n|-damage|p2a: Houndoom|0 fnt\n|faint|p2a: Houndoom\n|\n|-heal|p1a: Houndstone|81/264 psn|[from] item: Leftovers\n|-damage|p1a: Houndstone|48/264 psn|[from] psn\n|upkeep\n|\n|t:|1783553779\n|switch|p2a: Tentacruel|Tentacruel, L84, F|27/100\n|turn|31\n|inactive|Time left: 300 sec this turn | 300 sec total\n|\n|t:|1783553780\n|move|p2a: Tentacruel|Surf|p1a: Houndstone\n|-damage|p1a: Houndstone|0 fnt\n|faint|p1a: Houndstone\n|\n|-heal|p2a: Tentacruel|33/100|[from] item: Leftovers\n|upkeep\n|inactive|Time left: 300 sec this turn | 300 sec total | 5 sec grace\n|\n|t:|1783553780\n|switch|p1a: Lunala|Lunala, L70|266/308\n|-status|p1a: Lunala|psn\n|turn|32\n|inactive|Time left: 300 sec this turn | 300 sec total\n|\n|t:|1783553781\n|switch|p2a: Persian|Persian, L92, F|100/100\n|move|p1a: Lunala|Calm Mind|p1a: Lunala\n|-boost|p1a: Lunala|spa|1\n|-boost|p1a: Lunala|spd|1\n|\n|-heal|p1a: Lunala|285/308 psn|[from] item: Leftovers\n|-damage|p1a: Lunala|247/308 psn|[from] psn\n|upkeep\n|turn|33\n|inactive|Time left: 300 sec this turn | 300 sec total\n|\n|t:|1783553782\n|-terastallize|p1a: Lunala|Dark\n|move|p2a: Persian|Knock Off|p1a: Lunala\n|-resisted|p1a: Lunala\n|-damage|p1a: Lunala|188/308 psn\n|-enditem|p1a: Lunala|Leftovers|[from] move: Knock Off|[of] p2a: Persian\n|move|p1a: Lunala|Psyshock|p2a: Persian\n|-damage|p2a: Persian|48/100\n|\n|-damage|p1a: Lunala|150/308 psn|[from] psn\n|upkeep\n|turn|34\n|inactive|Time left: 300 sec this turn | 300 sec total\n|\n|t:|1783553783\n|switch|p2a: Tentacruel|Tentacruel, L84, F|33/100\n|move|p1a: Lunala|Moonlight|p1a: Lunala\n|-heal|p1a: Lunala|304/308 psn\n|\n|-heal|p2a: Tentacruel|39/100|[from] item: Leftovers\n|-damage|p1a: Lunala|266/308 psn|[from] psn\n|upkeep\n|turn|35\n|inactive|Time left: 300 sec this turn | 300 sec total\n|\n|t:|1783553784\n|switch|p2a: Persian|Persian, L92, F|48/100\n|move|p1a: Lunala|Psyshock|p2a: Persian\n|-damage|p2a: Persian|0 fnt\n|faint|p2a: Persian\n|\n|-damage|p1a: Lunala|228/308 psn|[from] psn\n|upkeep\n|\n|t:|1783553785\n|switch|p2a: Breloom|Breloom, L83, F|100/100\n|turn|36\n|inactive|Time left: 300 sec this turn | 300 sec total\n|\n|t:|1783553786\n|switch|p1a: Brute Bonnet|Brute Bonnet, L80|309/309\n|-status|p1a: Brute Bonnet|psn\n|-terastallize|p2a: Breloom|Fighting\n|move|p2a: Breloom|Mach Punch|p1a: Brute Bonnet\n|-supereffective|p1a: Brute Bonnet\n|-damage|p1a: Brute Bonnet|39/309 psn\n|-damage|p2a: Breloom|91/100|[from] item: Life Orb\n|\n|-heal|p1a: Brute Bonnet|58/309 psn|[from] item: Leftovers\n|-damage|p1a: Brute Bonnet|20/309 psn|[from] psn\n|upkeep\n|turn|37\n|inactive|Time left: 300 sec this turn | 300 sec total\n|\n|t:|1783553787\n|move|p2a: Breloom|Mach Punch|p1a: Brute Bonnet\n|-supereffective|p1a: Brute Bonnet\n|-damage|p1a: Brute Bonnet|0 fnt\n|faint|p1a: Brute Bonnet\n|-end|p1a: Brute Bonnet|Protosynthesis|[silent]\n|-damage|p2a: Breloom|81/100|[from] item: Life Orb\n|\n|upkeep\n|inactive|Time left: 300 sec this turn | 300 sec total | 5 sec grace\n|\n|t:|1783553788\n|switch|p1a: Lunala|Lunala, L70, tera:Dark|228/308 psn\n|turn|38\n|inactive|Time left: 300 sec this turn | 300 sec total\n|\n|t:|1783553789\n|move|p2a: Breloom|Mach Punch|p1a: Lunala\n|-supereffective|p1a: Lunala\n|-damage|p1a: Lunala|0 fnt\n|faint|p1a: Lunala\n|-damage|p2a: Breloom|71/100|[from] item: Life Orb\n|\n|win|p0y126168e1", "uploadtime": 1783553789, "views": 0, "rating": 0, "private": 0, "password": null, "_winner": "p0y126168e1", "_our_name": "p0x1261f04e"}