{"id": "battle-gen9randombattle-2756", "formatid": "gen9randombattle", "format": "[Gen 9] Random Battle", "players": ["p0x275658f7", "p0y275674ec"], "log": "|init|battle\n|title|p0x275658f7 vs. p0y275674ec\n|j|\u2606p0x275658f7\n|j|\u2606p0y275674ec\n|t:|1783570766\n|gametype|singles\n|player|p1|p0x275658f7|170|\n|player|p2|p0y275674ec|102|\n|gen|9\n|tier|[Gen 9] Random Battle\n|rule|Species Clause: Limit one of each Pok\u00e9mon\n|rule|HP Percentage Mod: HP is shown in percentages\n|rule|Sleep Clause Mod: Limit one foe put to sleep\n|rule|Illusion Level Mod: Illusion disguises the Pok\u00e9mon's true level\n|\n|t:|1783570766\n|teamsize|p1|6\n|teamsize|p2|6\n|start\n|switch|p1a: Dragonite|Dragonite, L74, M|257/257\n|switch|p2a: Enamorus|Enamorus, L79, F|100/100\n|turn|1\n|inactive|Battle timer is ON: inactive players will automatically lose when time's up. (requested by p0y275674ec)\n|inactive|Time left: 300 sec this turn | 300 sec total | 60 sec grace\n|\n|t:|1783570767\n|move|p2a: Enamorus|Moonblast|p1a: Dragonite\n|-supereffective|p1a: Dragonite\n|-damage|p1a: Dragonite|134/257\n|move|p1a: Dragonite|Dragon Dance|p1a: Dragonite\n|-boost|p1a: Dragonite|atk|1\n|-boost|p1a: Dragonite|spe|1\n|\n|upkeep\n|turn|2\n|inactive|Time left: 300 sec this turn | 300 sec total\n|inactive|p0x275658f7 also wants the timer to be on.\n|\n|t:|1783570768\n|-terastallize|p1a: Dragonite|Flying\n|move|p1a: Dragonite|Tera Blast|p2a: Enamorus|[anim] Tera Blast Flying\n|-damage|p2a: Enamorus|11/100\n|move|p2a: Enamorus|Moonblast|p1a: Dragonite\n|-damage|p1a: Dragonite|10/257\n|\n|-heal|p2a: Enamorus|18/100|[from] item: Leftovers\n|upkeep\n|turn|3\n|inactive|Time left: 300 sec this turn | 300 sec total\n|\n|t:|1783570769\n|move|p1a: Dragonite|Tera Blast|p2a: Enamorus|[anim] Tera Blast Flying\n|-damage|p2a: Enamorus|0 fnt\n|faint|p2a: Enamorus\n|\n|upkeep\n|\n|t:|1783570770\n|switch|p2a: Ninetales|Ninetales-Alola, L78, F|100/100\n|-weather|Snowscape|[from] ability: Snow Warning|[of] p2a: Ninetales\n|turn|4\n|inactive|Time left: 300 sec this turn | 300 sec total\n|\n|t:|1783570771\n|move|p1a: Dragonite|Tera Blast|p2a: Ninetales|[anim] Tera Blast Flying\n|-damage|p2a: Ninetales|48/100\n|move|p2a: Ninetales|Aurora Veil|p2a: Ninetales\n|-sidestart|p2: p0y275674ec|move: Aurora Veil\n|\n|-weather|Snowscape|[upkeep]\n|upkeep\n|turn|5\n|inactive|Time left: 300 sec this turn | 300 sec total\n|\n|t:|1783570772\n|move|p1a: Dragonite|Tera Blast|p2a: Ninetales|[anim] Tera Blast Flying\n|-damage|p2a: Ninetales|18/100\n|move|p2a: Ninetales|Freeze-Dry|p1a: Dragonite\n|-supereffective|p1a: Dragonite\n|-damage|p1a: Dragonite|0 fnt\n|faint|p1a: Dragonite\n|\n|-weather|Snowscape|[upkeep]\n|upkeep\n|inactive|Time left: 300 sec this turn | 300 sec total | 5 sec grace\n|\n|t:|1783570773\n|switch|p1a: Wugtrio|Wugtrio, L91, F|212/212\n|turn|6\n|inactive|Time left: 300 sec this turn | 300 sec total\n|\n|t:|1783570774\n|switch|p2a: Clawitzer|Clawitzer, L87, M|100/100\n|move|p1a: Wugtrio|Liquidation|p2a: Clawitzer\n|-resisted|p2a: Clawitzer\n|-damage|p2a: Clawitzer|87/100\n|\n|-weather|Snowscape|[upkeep]\n|upkeep\n|turn|7\n|inactive|Time left: 300 sec this turn | 300 sec total\n|\n|t:|1783570775\n|switch|p1a: Comfey|Comfey, L85, M|225/225\n|move|p2a: Clawitzer|Water Pulse|p1a: Comfey\n|-damage|p1a: Comfey|71/225\n|\n|-weather|Snowscape|[upkeep]\n|-heal|p1a: Comfey|85/225|[from] item: Leftovers\n|upkeep\n|turn|8\n|inactive|Time left: 300 sec this turn | 300 sec total\n|\n|t:|1783570776\n|switch|p1a: Eternatus|Eternatus, L69|308/308\n|-ability|p1a: Eternatus|Pressure\n|move|p2a: Clawitzer|Water Pulse|p1a: Eternatus\n|-resisted|p1a: Eternatus\n|-damage|p1a: Eternatus|209/308\n|\n|-weather|none\n|upkeep\n|turn|9\n|inactive|Time left: 300 sec this turn | 300 sec total\n|\n|t:|1783570777\n|move|p1a: Eternatus|Recover|p1a: Eternatus\n|-heal|p1a: Eternatus|308/308\n|move|p2a: Clawitzer|Water Pulse|p1a: Eternatus\n|-resisted|p1a: Eternatus\n|-damage|p1a: Eternatus|200/308\n|\n|upkeep\n|turn|10\n|inactive|Time left: 300 sec this turn | 300 sec total\n|\n|t:|1783570778\n|move|p1a: Eternatus|Recover|p1a: Eternatus\n|-heal|p1a: Eternatus|308/308\n|move|p2a: Clawitzer|Water Pulse|p1a: Eternatus\n|-resisted|p1a: Eternatus\n|-damage|p1a: Eternatus|203/308\n|\n|upkeep\n|turn|11\n|inactive|Time left: 300 sec this turn | 300 sec total\n|\n|t:|1783570779\n|move|p1a: Eternatus|Recover|p1a: Eternatus\n|-heal|p1a: Eternatus|308/308\n|move|p2a: Clawitzer|Water Pulse|p1a: Eternatus\n|-resisted|p1a: Eternatus\n|-damage|p1a: Eternatus|208/308\n|-start|p1a: Eternatus|confusion\n|\n|-sideend|p2: p0y275674ec|move: Aurora Veil\n|upkeep\n|turn|12\n|inactive|Time left: 300 sec this turn | 300 sec total\n|\n|t:|1783570780\n|-activate|p1a: Eternatus|confusion\n|-damage|p1a: Eternatus|192/308|[from] confusion\n|move|p2a: Clawitzer|Water Pulse|p1a: Eternatus\n|-resisted|p1a: Eternatus\n|-damage|p1a: Eternatus|87/308\n|\n|upkeep\n|turn|13\n|inactive|Time left: 300 sec this turn | 300 sec total\n|\n|t:|1783570781\n|-activate|p1a: Eternatus|confusion\n|-damage|p1a: Eternatus|70/308|[from] confusion\n|move|p2a: Clawitzer|Water Pulse|p1a: Eternatus\n|-resisted|p1a: Eternatus\n|-damage|p1a: Eternatus|0 fnt\n|faint|p1a: Eternatus\n|\n|upkeep\n|inactive|Time left: 300 sec this turn | 300 sec total | 5 sec grace\n|\n|t:|1783570781\n|switch|p1a: Comfey|Comfey, L85, M|85/225\n|turn|14\n|inactive|Time left: 300 sec this turn | 300 sec total\n|\n|t:|1783570782\n|move|p1a: Comfey|Calm Mind|p1a: Comfey\n|-boost|p1a: Comfey|spa|1\n|-boost|p1a: Comfey|spd|1\n|move|p2a: Clawitzer|Water Pulse|p1a: Comfey\n|-damage|p1a: Comfey|0 fnt\n|faint|p1a: Comfey\n|\n|upkeep\n|inactive|Time left: 300 sec this turn | 300 sec total | 5 sec grace\n|\n|t:|1783570783\n|switch|p1a: Arceus|Arceus-Psychic, L70|284/284\n|turn|15\n|inactive|Time left: 300 sec this turn | 300 sec total\n|\n|t:|1783570784\n|move|p1a: Arceus|Cosmic Power|p1a: Arceus\n|-boost|p1a: Arceus|def|1\n|-boost|p1a: Arceus|spd|1\n|move|p2a: Clawitzer|Water Pulse|p1a: Arceus\n|-damage|p1a: Arceus|176/284\n|\n|upkeep\n|turn|16\n|inactive|Time left: 300 sec this turn | 300 sec total\n|\n|t:|1783570785\n|move|p1a: Arceus|Cosmic Power|p1a: Arceus\n|-boost|p1a: Arceus|def|1\n|-boost|p1a: Arceus|spd|1\n|move|p2a: Clawitzer|Water Pulse|p1a: Arceus\n|-damage|p1a: Arceus|92/284\n|-start|p1a: Arceus|confusion\n|\n|upkeep\n|turn|17\n|inactive|Time left: 300 sec this turn | 300 sec total\n|\n|t:|1783570786\n|-activate|p1a: Arceus|confusion\n|move|p1a: Arceus|Recover|p1a: Arceus\n|-heal|p1a: Arceus|234/284\n|move|p2a: Clawitzer|Water Pulse|p1a: Arceus\n|-damage|p1a: Arceus|155/284\n|\n|upkeep\n|turn|18\n|inactive|Time left: 300 sec this turn | 300 sec total\n|\n|t:|1783570787\n|-activate|p1a: Arceus|confusion\n|move|p1a: Arceus|Recover|p1a: Arceus\n|-heal|p1a: Arceus|284/284\n|move|p2a: Clawitzer|Water Pulse|p1a: Arceus\n|-damage|p1a: Arceus|202/284\n|\n|upkeep\n|turn|19\n|inactive|Time left: 300 sec this turn | 300 sec total\n|\n|t:|1783570788\n|-end|p1a: Arceus|confusion\n|move|p1a: Arceus|Stored Power|p2a: Clawitzer\n|-damage|p2a: Clawitzer|45/100\n|move|p2a: Clawitzer|Water Pulse|p1a: Arceus\n|-damage|p1a: Arceus|123/284\n|\n|upkeep\n|turn|20\n|inactive|Time left: 300 sec this turn | 300 sec total\n|\n|t:|1783570789\n|move|p1a: Arceus|Recover|p1a: Arceus\n|-heal|p1a: Arceus|265/284\n|move|p2a: Clawitzer|Water Pulse|p1a: Arceus\n|-damage|p1a: Arceus|186/284\n|\n|upkeep\n|turn|21\n|inactive|Time left: 300 sec this turn | 300 sec total\n|\n|t:|1783570790\n|move|p1a: Arceus|Body Press|p2a: Clawitzer\n|-damage|p2a: Clawitzer|9/100\n|move|p2a: Clawitzer|Water Pulse|p1a: Arceus\n|-damage|p1a: Arceus|96/284\n|-start|p1a: Arceus|confusion\n|\n|upkeep\n|turn|22\n|inactive|Time left: 300 sec this turn | 300 sec total\n|\n|t:|1783570791\n|-activate|p1a: Arceus|confusion\n|move|p1a: Arceus|Recover|p1a: Arceus\n|-heal|p1a: Arceus|238/284\n|move|p2a: Clawitzer|Water Pulse|p1a: Arceus\n|-damage|p1a: Arceus|154/284\n|\n|upkeep\n|turn|23\n|inactive|Time left: 300 sec this turn | 300 sec total\n|\n|t:|1783570792\n|-activate|p1a: Arceus|confusion\n|-damage|p1a: Arceus|144/284|[from] confusion\n|move|p2a: Clawitzer|Water Pulse|p1a: Arceus\n|-damage|p1a: Arceus|51/284\n|\n|upkeep\n|turn|24\n|inactive|Time left: 300 sec this turn | 300 sec total\n|\n|t:|1783570793\n|-activate|p1a: Arceus|confusion\n|-damage|p1a: Arceus|41/284|[from] confusion\n|move|p2a: Clawitzer|Water Pulse|p1a: Arceus\n|-damage|p1a: Arceus|0 fnt\n|faint|p1a: Arceus\n|\n|upkeep\n|inactive|Time left: 300 sec this turn | 300 sec total | 5 sec grace\n|\n|t:|1783570794\n|switch|p1a: Wugtrio|Wugtrio, L91, F|212/212\n|turn|25\n|inactive|Time left: 300 sec this turn | 300 sec total\n|\n|t:|1783570795\n|move|p1a: Wugtrio|Liquidation|p2a: Clawitzer\n|-resisted|p2a: Clawitzer\n|-damage|p2a: Clawitzer|0 fnt\n|faint|p2a: Clawitzer\n|\n|upkeep\n|\n|t:|1783570796\n|switch|p2a: Donphan|Donphan, L84, F|100/100\n|turn|26\n|inactive|Time left: 300 sec this turn | 300 sec total\n|\n|t:|1783570797\n|-terastallize|p2a: Donphan|Water\n|move|p1a: Wugtrio|Liquidation|p2a: Donphan\n|-resisted|p2a: Donphan\n|-damage|p2a: Donphan|79/100\n|-unboost|p2a: Donphan|def|1\n|move|p2a: Donphan|Earthquake|p1a: Wugtrio\n|-damage|p1a: Wugtrio|44/212\n|\n|-heal|p2a: Donphan|86/100|[from] item: Leftovers\n|upkeep\n|turn|27\n|inactive|Time left: 300 sec this turn | 300 sec total\n|\n|t:|1783570798\n|move|p1a: Wugtrio|Liquidation|p2a: Donphan\n|-resisted|p2a: Donphan\n|-damage|p2a: Donphan|54/100\n|-unboost|p2a: Donphan|def|1\n|move|p2a: Donphan|Earthquake|p1a: Wugtrio\n|-damage|p1a: Wugtrio|0 fnt\n|faint|p1a: Wugtrio\n|\n|-heal|p2a: Donphan|60/100|[from] item: Leftovers\n|upkeep\n|inactive|Time left: 300 sec this turn | 300 sec total | 5 sec grace\n|\n|t:|1783570799\n|switch|p1a: Sandaconda|Sandaconda, L84, M|258/258\n|turn|28\n|inactive|Time left: 300 sec this turn | 300 sec total\n|\n|t:|1783570800\n|switch|p2a: Noctowl|Noctowl, L95, F|100/100\n|move|p1a: Sandaconda|Earthquake|p2a: Noctowl\n|-immune|p2a: Noctowl\n|\n|upkeep\n|turn|29\n|inactive|Time left: 300 sec this turn | 300 sec total\n|\n|t:|1783570801\n|move|p2a: Noctowl|Nasty Plot|p2a: Noctowl\n|-boost|p2a: Noctowl|spa|2\n|move|p1a: Sandaconda|Rest|p1a: Sandaconda\n|-fail|p1a: Sandaconda|heal\n|\n|upkeep\n|turn|30\n|inactive|Time left: 300 sec this turn | 300 sec total\n|\n|t:|1783570802\n|move|p2a: Noctowl|Hyper Voice|p1a: Sandaconda\n|-damage|p1a: Sandaconda|0 fnt\n|faint|p1a: Sandaconda\n|\n|win|p0y275674ec", "uploadtime": 1783570802, "views": 0, "rating": 0, "private": 0, "password": null, "_winner": "p0y275674ec", "_our_name": "p0x275658f7"}