{"id": "battle-gen9randombattle-1176", "formatid": "gen9randombattle", "format": "[Gen 9] Random Battle", "players": ["p0x11767fe2", "p0y11761262"], "log": "|init|battle\n|title|p0x11767fe2 vs. p0y11761262\n|j|\u2606p0x11767fe2\n|j|\u2606p0y11761262\n|t:|1783553624\n|gametype|singles\n|player|p1|p0x11767fe2|101|\n|player|p2|p0y11761262|2|\n|gen|9\n|tier|[Gen 9] Random Battle\n|rule|Species Clause: Limit one of each Pok\u00e9mon\n|rule|HP Percentage Mod: HP is shown in percentages\n|rule|Sleep Clause Mod: Limit one foe put to sleep\n|rule|Illusion Level Mod: Illusion disguises the Pok\u00e9mon's true level\n|\n|t:|1783553624\n|teamsize|p1|6\n|teamsize|p2|6\n|start\n|switch|p1a: Whiscash|Whiscash, L88, F|100/100\n|switch|p2a: Fezandipiti|Fezandipiti, L82, M|278/278\n|turn|1\n|inactive|Battle timer is ON: inactive players will automatically lose when time's up. (requested by p0x11767fe2)\n|inactive|Time left: 300 sec this turn | 300 sec total | 60 sec grace\n|\n|t:|1783553625\n|switch|p2a: Espathra|Espathra, L80, M|283/283\n|move|p1a: Whiscash|Dragon Dance|p1a: Whiscash\n|-boost|p1a: Whiscash|atk|1\n|-boost|p1a: Whiscash|spe|1\n|\n|upkeep\n|turn|2\n|inactive|Time left: 300 sec this turn | 300 sec total\n|inactive|p0y11761262 also wants the timer to be on.\n|\n|t:|1783553626\n|switch|p2a: Rotom|Rotom-Mow, L87|229/229\n|move|p1a: Whiscash|Earthquake|p2a: Rotom\n|-immune|p2a: Rotom|[from] ability: Levitate\n|\n|upkeep\n|turn|3\n|inactive|Time left: 300 sec this turn | 300 sec total\n|\n|t:|1783553627\n|move|p1a: Whiscash|Stone Edge|p2a: Rotom\n|-damage|p2a: Rotom|124/229\n|-damage|p1a: Whiscash|91/100|[from] item: Life Orb\n|move|p2a: Rotom|Leaf Storm|p1a: Whiscash\n|-supereffective|p1a: Whiscash\n|-damage|p1a: Whiscash|0 fnt\n|-unboost|p2a: Rotom|spa|2\n|faint|p1a: Whiscash\n|\n|-heal|p2a: Rotom|138/229|[from] item: Leftovers\n|upkeep\n|\n|t:|1783553628\n|switch|p1a: Grafaiai|Grafaiai, L86, F|100/100\n|turn|4\n|inactive|Time left: 300 sec this turn | 300 sec total\n|\n|t:|1783553629\n|switch|p2a: Poliwrath|Poliwrath, L88, F|302/302\n|move|p1a: Grafaiai|Gunk Shot|p2a: Poliwrath\n|-damage|p2a: Poliwrath|178/302\n|-status|p2a: Poliwrath|psn\n|\n|-damage|p2a: Poliwrath|141/302 psn|[from] psn\n|upkeep\n|turn|5\n|inactive|Time left: 300 sec this turn | 300 sec total\n|\n|t:|1783553630\n|move|p1a: Grafaiai|Gunk Shot|p2a: Poliwrath\n|-damage|p2a: Poliwrath|32/302 psn\n|move|p2a: Poliwrath|Close Combat|p1a: Grafaiai\n|-damage|p1a: Grafaiai|12/100\n|-unboost|p2a: Poliwrath|def|1\n|-unboost|p2a: Poliwrath|spd|1\n|-damage|p2a: Poliwrath|2/302 psn|[from] item: Life Orb\n|\n|-damage|p2a: Poliwrath|0 fnt|[from] psn\n|faint|p2a: Poliwrath\n|upkeep\n|inactive|Time left: 300 sec this turn | 300 sec total | 5 sec grace\n|\n|t:|1783553631\n|switch|p2a: Honchkrow|Honchkrow, L86, F|312/312\n|turn|6\n|inactive|Time left: 300 sec this turn | 300 sec total\n|\n|t:|1783553632\n|move|p1a: Grafaiai|Gunk Shot|p2a: Honchkrow\n|-damage|p2a: Honchkrow|122/312\n|move|p2a: Honchkrow|Brave Bird|p1a: Grafaiai\n|-damage|p1a: Grafaiai|0 fnt\n|faint|p1a: Grafaiai\n|-ability|p2a: Honchkrow|Moxie|boost\n|-boost|p2a: Honchkrow|atk|1\n|-damage|p2a: Honchkrow|112/312|[from] Recoil\n|\n|upkeep\n|\n|t:|1783553633\n|switch|p1a: Gardevoir|Gardevoir, L83, F|100/100\n|-ability|p1a: Gardevoir|Moxie|Trace|[from] ability: Trace|[of] p2a: Honchkrow\n|turn|7\n|inactive|Time left: 300 sec this turn | 300 sec total\n|\n|t:|1783553634\n|move|p2a: Honchkrow|Sucker Punch|p1a: Gardevoir\n|-damage|p1a: Gardevoir|34/100\n|move|p1a: Gardevoir|Moonblast|p2a: Honchkrow\n|-supereffective|p2a: Honchkrow\n|-crit|p2a: Honchkrow\n|-damage|p2a: Honchkrow|0 fnt\n|faint|p2a: Honchkrow\n|-ability|p1a: Gardevoir|Moxie|boost\n|-boost|p1a: Gardevoir|atk|1\n|\n|upkeep\n|inactive|Time left: 300 sec this turn | 300 sec total | 5 sec grace\n|\n|t:|1783553636\n|switch|p2a: Fezandipiti|Fezandipiti, L82, M|278/278\n|turn|8\n|inactive|Time left: 300 sec this turn | 300 sec total\n|\n|t:|1783553637\n|switch|p1a: Seviper|Seviper, L93, M|100/100\n|move|p2a: Fezandipiti|Play Rough|p1a: Seviper\n|-resisted|p1a: Seviper\n|-damage|p1a: Seviper|84/100\n|\n|-heal|p1a: Seviper|90/100|[from] item: Leftovers\n|upkeep\n|turn|9\n|inactive|Time left: 300 sec this turn | 300 sec total\n|\n|t:|1783553638\n|move|p2a: Fezandipiti|Swords Dance|p2a: Fezandipiti\n|-boost|p2a: Fezandipiti|atk|2\n|move|p1a: Seviper|Swords Dance|p1a: Seviper\n|-boost|p1a: Seviper|atk|2\n|\n|-heal|p1a: Seviper|96/100|[from] item: Leftovers\n|upkeep\n|turn|10\n|inactive|Time left: 300 sec this turn | 300 sec total\n|\n|t:|1783553639\n|-terastallize|p2a: Fezandipiti|Ground\n|-terastallize|p1a: Seviper|Ground\n|move|p2a: Fezandipiti|Tera Blast|p1a: Seviper|[anim] Tera Blast Ground\n|-damage|p1a: Seviper|28/100\n|move|p1a: Seviper|Trailblaze|p2a: Fezandipiti\n|-supereffective|p2a: Fezandipiti\n|-crit|p2a: Fezandipiti\n|-damage|p2a: Fezandipiti|0 fnt\n|-boost|p1a: Seviper|spe|1\n|faint|p2a: Fezandipiti\n|\n|-heal|p1a: Seviper|34/100|[from] item: Leftovers\n|upkeep\n|inactive|Time left: 300 sec this turn | 300 sec total | 5 sec grace\n|\n|t:|1783553641\n|switch|p2a: Calyrex|Calyrex-Ice, L72|263/263\n|-ability|p2a: Calyrex|As One\n|-ability|p2a: Calyrex|Unnerve\n|turn|11\n|inactive|Time left: 300 sec this turn | 300 sec total\n|\n|t:|1783553641\n|move|p1a: Seviper|Gunk Shot|p2a: Calyrex\n|-damage|p2a: Calyrex|4/263\n|move|p2a: Calyrex|Glacial Lance|p1a: Seviper\n|-supereffective|p1a: Seviper\n|-damage|p1a: Seviper|0 fnt\n|faint|p1a: Seviper\n|-ability|p2a: Calyrex|Chilling Neigh|boost\n|-boost|p2a: Calyrex|atk|1\n|\n|upkeep\n|\n|t:|1783553643\n|switch|p1a: Cacturne|Cacturne, L92, M|100/100\n|turn|12\n|inactive|Time left: 300 sec this turn | 300 sec total\n|\n|t:|1783553644\n|move|p1a: Cacturne|Knock Off|p2a: Calyrex\n|-supereffective|p2a: Calyrex\n|-damage|p2a: Calyrex|0 fnt\n|-enditem|p2a: Calyrex|Heavy-Duty Boots|[from] move: Knock Off|[of] p1a: Cacturne\n|faint|p2a: Calyrex\n|-damage|p1a: Cacturne|91/100|[from] item: Life Orb\n|\n|upkeep\n|inactive|Time left: 300 sec this turn | 300 sec total | 5 sec grace\n|\n|t:|1783553645\n|switch|p2a: Rotom|Rotom-Mow, L87|138/229\n|turn|13\n|inactive|Time left: 300 sec this turn | 300 sec total\n|\n|t:|1783553646\n|move|p2a: Rotom|Will-O-Wisp|p1a: Cacturne\n|-status|p1a: Cacturne|brn\n|move|p1a: Cacturne|Knock Off|p2a: Rotom\n|-damage|p2a: Rotom|69/229\n|-enditem|p2a: Rotom|Leftovers|[from] move: Knock Off|[of] p1a: Cacturne\n|-damage|p1a: Cacturne|81/100 brn|[from] item: Life Orb\n|\n|-damage|p1a: Cacturne|75/100 brn|[from] brn\n|upkeep\n|turn|14\n|inactive|Time left: 300 sec this turn | 300 sec total\n|\n|t:|1783553647\n|move|p2a: Rotom|Nasty Plot|p2a: Rotom\n|-boost|p2a: Rotom|spa|2\n|move|p1a: Cacturne|Leaf Storm|p2a: Rotom|[miss]\n|-miss|p1a: Cacturne|p2a: Rotom\n|\n|-damage|p1a: Cacturne|69/100 brn|[from] brn\n|upkeep\n|turn|15\n|inactive|Time left: 300 sec this turn | 300 sec total\n|\n|t:|1783553648\n|move|p2a: Rotom|Thunderbolt|p1a: Cacturne\n|-resisted|p1a: Cacturne\n|-damage|p1a: Cacturne|22/100 brn\n|move|p1a: Cacturne|Leaf Storm|p2a: Rotom\n|-resisted|p2a: Rotom\n|-damage|p2a: Rotom|0 fnt\n|-unboost|p1a: Cacturne|spa|2\n|faint|p2a: Rotom\n|-damage|p1a: Cacturne|12/100 brn|[from] item: Life Orb\n|\n|-damage|p1a: Cacturne|6/100 brn|[from] brn\n|upkeep\n|inactive|Time left: 300 sec this turn | 300 sec total | 5 sec grace\n|\n|t:|1783553649\n|switch|p2a: Espathra|Espathra, L80, M|283/283\n|turn|16\n|inactive|Time left: 300 sec this turn | 300 sec total\n|\n|t:|1783553650\n|move|p2a: Espathra|Protect|p2a: Espathra\n|-singleturn|p2a: Espathra|Protect\n|move|p1a: Cacturne|Sucker Punch||[still]\n|-fail|p1a: Cacturne\n|\n|-damage|p1a: Cacturne|0 fnt|[from] brn\n|faint|p1a: Cacturne\n|-ability|p2a: Espathra|Speed Boost|boost\n|-boost|p2a: Espathra|spe|1\n|upkeep\n|\n|t:|1783553651\n|switch|p1a: Gardevoir|Gardevoir, L83, F|34/100\n|-ability|p1a: Gardevoir|Speed Boost|Trace|[from] ability: Trace|[of] p2a: Espathra\n|turn|17\n|inactive|Time left: 300 sec this turn | 300 sec total\n|\n|t:|1783553652\n|move|p2a: Espathra|Calm Mind|p2a: Espathra\n|-boost|p2a: Espathra|spa|1\n|-boost|p2a: Espathra|spd|1\n|move|p1a: Gardevoir|Moonblast|p2a: Espathra\n|-damage|p2a: Espathra|165/283\n|\n|-heal|p2a: Espathra|182/283|[from] item: Leftovers\n|-ability|p2a: Espathra|Speed Boost|boost\n|-boost|p2a: Espathra|spe|1\n|-ability|p1a: Gardevoir|Speed Boost|boost\n|-boost|p1a: Gardevoir|spe|1\n|upkeep\n|turn|18\n|inactive|Time left: 300 sec this turn | 300 sec total\n|\n|t:|1783553653\n|move|p2a: Espathra|Calm Mind|p2a: Espathra\n|-boost|p2a: Espathra|spa|1\n|-boost|p2a: Espathra|spd|1\n|move|p1a: Gardevoir|Moonblast|p2a: Espathra\n|-damage|p2a: Espathra|103/283\n|\n|-heal|p2a: Espathra|120/283|[from] item: Leftovers\n|-ability|p2a: Espathra|Speed Boost|boost\n|-boost|p2a: Espathra|spe|1\n|-ability|p1a: Gardevoir|Speed Boost|boost\n|-boost|p1a: Gardevoir|spe|1\n|upkeep\n|turn|19\n|inactive|Time left: 300 sec this turn | 300 sec total\n|\n|t:|1783553654\n|move|p2a: Espathra|Protect|p2a: Espathra\n|-singleturn|p2a: Espathra|Protect\n|move|p1a: Gardevoir|Moonblast|p2a: Espathra\n|-activate|p2a: Espathra|move: Protect\n|\n|-heal|p2a: Espathra|137/283|[from] item: Leftovers\n|-ability|p1a: Gardevoir|Speed Boost|boost\n|-boost|p1a: Gardevoir|spe|1\n|-ability|p2a: Espathra|Speed Boost|boost\n|-boost|p2a: Espathra|spe|1\n|upkeep\n|turn|20\n|inactive|Time left: 300 sec this turn | 300 sec total\n|\n|t:|1783553655\n|move|p1a: Gardevoir|Moonblast|p2a: Espathra\n|-damage|p2a: Espathra|46/283\n|-unboost|p2a: Espathra|spa|1\n|move|p2a: Espathra|Stored Power|p1a: Gardevoir\n|-resisted|p1a: Gardevoir\n|-damage|p1a: Gardevoir|0 fnt\n|faint|p1a: Gardevoir\n|\n|-heal|p2a: Espathra|63/283|[from] item: Leftovers\n|-ability|p2a: Espathra|Speed Boost|boost\n|-boost|p2a: Espathra|spe|1\n|upkeep\n|\n|t:|1783553656\n|switch|p1a: Great Tusk|Great Tusk, L77|100/100\n|-enditem|p1a: Great Tusk|Booster Energy\n|-activate|p1a: Great Tusk|ability: Protosynthesis|[fromitem]\n|-start|p1a: Great Tusk|protosynthesisatk\n|turn|21\n|inactive|Time left: 300 sec this turn | 300 sec total\n|\n|t:|1783553656\n|move|p2a: Espathra|Stored Power|p1a: Great Tusk\n|-supereffective|p1a: Great Tusk\n|-damage|p1a: Great Tusk|0 fnt\n|faint|p1a: Great Tusk\n|-end|p1a: Great Tusk|Protosynthesis|[silent]\n|\n|win|p0y11761262", "uploadtime": 1783553656, "views": 0, "rating": 0, "private": 0, "password": null, "_winner": "p0y11761262", "_our_name": "p0y11761262"}