{"id": "battle-gen9randombattle-694", "formatid": "gen9randombattle", "format": "[Gen 9] Random Battle", "players": ["p0x69466a1", "p0y694ccdc"], "log": "|init|battle\n|title|p0x69466a1 vs. p0y694ccdc\n|j|\u2606p0x69466a1\n|j|\u2606p0y694ccdc\n|t:|1783547190\n|gametype|singles\n|player|p1|p0x69466a1|2|\n|player|p2|p0y694ccdc|266|\n|gen|9\n|tier|[Gen 9] Random Battle\n|rule|Species Clause: Limit one of each Pok\u00e9mon\n|rule|HP Percentage Mod: HP is shown in percentages\n|rule|Sleep Clause Mod: Limit one foe put to sleep\n|rule|Illusion Level Mod: Illusion disguises the Pok\u00e9mon's true level\n|\n|t:|1783547190\n|teamsize|p1|6\n|teamsize|p2|6\n|start\n|switch|p1a: Tyranitar|Tyranitar, L78, F|100/100\n|switch|p2a: Cinccino|Cinccino, L83, M|260/260\n|-weather|Sandstorm|[from] ability: Sand Stream|[of] p1a: Tyranitar\n|turn|1\n|inactive|Battle timer is ON: inactive players will automatically lose when time's up. (requested by p0y694ccdc)\n|inactive|p0x69466a1 also wants the timer to be on.\n|\n|t:|1783547191\n|move|p2a: Cinccino|Bullet Seed|p1a: Tyranitar\n|-supereffective|p1a: Tyranitar\n|-damage|p1a: Tyranitar|84/100\n|-supereffective|p1a: Tyranitar\n|-damage|p1a: Tyranitar|68/100\n|-supereffective|p1a: Tyranitar\n|-damage|p1a: Tyranitar|51/100\n|-supereffective|p1a: Tyranitar\n|-damage|p1a: Tyranitar|34/100\n|-supereffective|p1a: Tyranitar\n|-damage|p1a: Tyranitar|17/100\n|-hitcount|p1a: Tyranitar|5\n|move|p1a: Tyranitar|Knock Off|p2a: Cinccino\n|-damage|p2a: Cinccino|104/260\n|-enditem|p2a: Cinccino|Loaded Dice|[from] move: Knock Off|[of] p1a: Tyranitar\n|\n|-weather|Sandstorm|[upkeep]\n|-damage|p2a: Cinccino|88/260|[from] Sandstorm\n|upkeep\n|turn|2\n|inactive|Time left: 300 sec this turn | 300 sec total\n|\n|t:|1783547192\n|switch|p1a: Gyarados|Gyarados, L79, F|100/100\n|-ability|p1a: Gyarados|Intimidate|boost\n|-unboost|p2a: Cinccino|atk|1\n|move|p2a: Cinccino|Triple Axel|p1a: Gyarados\n|-damage|p1a: Gyarados|95/100\n|-damage|p1a: Gyarados|83/100\n|-damage|p1a: Gyarados|65/100\n|-hitcount|p1a: Gyarados|3\n|\n|-weather|Sandstorm|[upkeep]\n|-damage|p2a: Cinccino|72/260|[from] Sandstorm\n|-damage|p1a: Gyarados|59/100|[from] Sandstorm\n|upkeep\n|turn|3\n|inactive|Time left: 300 sec this turn | 300 sec total\n|\n|t:|1783547193\n|move|p2a: Cinccino|Triple Axel|p1a: Gyarados\n|-damage|p1a: Gyarados|53/100\n|-crit|p1a: Gyarados\n|-damage|p1a: Gyarados|27/100\n|-damage|p1a: Gyarados|10/100\n|-hitcount|p1a: Gyarados|3\n|move|p1a: Gyarados|Dragon Dance|p1a: Gyarados\n|-boost|p1a: Gyarados|atk|1\n|-boost|p1a: Gyarados|spe|1\n|\n|-weather|Sandstorm|[upkeep]\n|-damage|p1a: Gyarados|4/100|[from] Sandstorm\n|-damage|p2a: Cinccino|56/260|[from] Sandstorm\n|upkeep\n|turn|4\n|inactive|Time left: 300 sec this turn | 300 sec total\n|\n|t:|1783547194\n|-terastallize|p1a: Gyarados|Ground\n|move|p1a: Gyarados|Waterfall|p2a: Cinccino\n|-damage|p2a: Cinccino|0 fnt\n|faint|p2a: Cinccino\n|\n|-weather|Sandstorm|[upkeep]\n|upkeep\n|inactive|Time left: 300 sec this turn | 300 sec total | 5 sec grace\n|\n|t:|1783547195\n|switch|p2a: Honchkrow|Honchkrow, L86, F|312/312\n|turn|5\n|inactive|Time left: 300 sec this turn | 300 sec total\n|\n|t:|1783547196\n|move|p2a: Honchkrow|Sucker Punch|p1a: Gyarados\n|-damage|p1a: Gyarados|0 fnt\n|faint|p1a: Gyarados\n|-ability|p2a: Honchkrow|Moxie|boost\n|-boost|p2a: Honchkrow|atk|1\n|\n|-weather|none\n|upkeep\n|\n|t:|1783547196\n|switch|p1a: Koraidon|Koraidon, L64|100/100\n|-weather|SunnyDay|[from] ability: Orichalcum Pulse|[of] p1a: Koraidon\n|-activate|p1a: Koraidon|Orichalcum Pulse|[source]\n|turn|6\n|inactive|Time left: 300 sec this turn | 300 sec total\n|\n|t:|1783547198\n|move|p1a: Koraidon|Outrage|p2a: Honchkrow\n|-damage|p2a: Honchkrow|51/312\n|move|p2a: Honchkrow|Brave Bird|p1a: Koraidon\n|-supereffective|p1a: Koraidon\n|-damage|p1a: Koraidon|0 fnt\n|faint|p1a: Koraidon\n|-ability|p2a: Honchkrow|Moxie|boost\n|-boost|p2a: Honchkrow|atk|1\n|-damage|p2a: Honchkrow|0 fnt|[from] Recoil\n|faint|p2a: Honchkrow\n|\n|-weather|SunnyDay|[upkeep]\n|upkeep\n|inactive|Time left: 300 sec this turn | 300 sec total | 5 sec grace\n|\n|t:|1783547199\n|switch|p1a: Serperior|Serperior, L79, M|100/100\n|switch|p2a: Seviper|Seviper, L93, F|287/287\n|turn|7\n|inactive|Time left: 300 sec this turn | 300 sec total\n|\n|t:|1783547200\n|switch|p1a: Tyranitar|Tyranitar, L78, F|17/100\n|-weather|Sandstorm|[from] ability: Sand Stream|[of] p1a: Tyranitar\n|move|p2a: Seviper|Gunk Shot|p1a: Tyranitar|[miss]\n|-miss|p2a: Seviper|p1a: Tyranitar\n|\n|-weather|Sandstorm|[upkeep]\n|-damage|p2a: Seviper|270/287|[from] Sandstorm\n|-heal|p2a: Seviper|287/287|[from] item: Leftovers\n|upkeep\n|turn|8\n|inactive|Time left: 300 sec this turn | 300 sec total\n|\n|t:|1783547201\n|move|p2a: Seviper|Trailblaze|p1a: Tyranitar\n|-supereffective|p1a: Tyranitar\n|-damage|p1a: Tyranitar|0 fnt\n|-boost|p2a: Seviper|spe|1\n|faint|p1a: Tyranitar\n|\n|-weather|Sandstorm|[upkeep]\n|-damage|p2a: Seviper|270/287|[from] Sandstorm\n|-heal|p2a: Seviper|287/287|[from] item: Leftovers\n|upkeep\n|\n|t:|1783547202\n|switch|p1a: Bellibolt|Bellibolt, L84, M|100/100\n|turn|9\n|inactive|Time left: 300 sec this turn | 300 sec total\n|\n|t:|1783547203\n|move|p2a: Seviper|Swords Dance|p2a: Seviper\n|-boost|p2a: Seviper|atk|2\n|move|p1a: Bellibolt|Volt Switch|p2a: Seviper\n|-damage|p2a: Seviper|185/287\n|\n|t:|1783547205\n|switch|p1a: Sceptile|Sceptile, L87, M|100/100|[from] Volt Switch\n|\n|-weather|Sandstorm|[upkeep]\n|-damage|p2a: Seviper|168/287|[from] Sandstorm\n|-damage|p1a: Sceptile|94/100|[from] Sandstorm\n|-heal|p2a: Seviper|185/287|[from] item: Leftovers\n|upkeep\n|turn|10\n|inactive|Time left: 300 sec this turn | 300 sec total\n|\n|t:|1783547206\n|move|p2a: Seviper|Gunk Shot|p1a: Sceptile|[miss]\n|-miss|p2a: Seviper|p1a: Sceptile\n|move|p1a: Sceptile|Earthquake|p2a: Seviper\n|-supereffective|p2a: Seviper\n|-damage|p2a: Seviper|0 fnt\n|faint|p2a: Seviper\n|-damage|p1a: Sceptile|85/100|[from] item: Life Orb\n|\n|-weather|Sandstorm|[upkeep]\n|-damage|p1a: Sceptile|79/100|[from] Sandstorm\n|upkeep\n|inactive|Time left: 300 sec this turn | 300 sec total | 5 sec grace\n|\n|t:|1783547207\n|switch|p2a: Florges|Florges-Blue, L85, F|271/271\n|turn|11\n|inactive|Time left: 300 sec this turn | 300 sec total\n|\n|t:|1783547208\n|move|p1a: Sceptile|Giga Drain|p2a: Florges\n|-damage|p2a: Florges|192/271\n|-heal|p1a: Sceptile|94/100|[from] drain|[of] p2a: Florges\n|-damage|p1a: Sceptile|84/100|[from] item: Life Orb\n|move|p2a: Florges|Moonblast|p1a: Sceptile\n|-damage|p1a: Sceptile|38/100\n|\n|-weather|none\n|-heal|p2a: Florges|208/271|[from] item: Leftovers\n|upkeep\n|turn|12\n|inactive|Time left: 300 sec this turn | 300 sec total\n|\n|t:|1783547209\n|move|p1a: Sceptile|Earthquake|p2a: Florges\n|-damage|p2a: Florges|105/271\n|-damage|p1a: Sceptile|29/100|[from] item: Life Orb\n|move|p2a: Florges|Moonblast|p1a: Sceptile\n|-damage|p1a: Sceptile|0 fnt\n|faint|p1a: Sceptile\n|\n|-heal|p2a: Florges|121/271|[from] item: Leftovers\n|upkeep\n|\n|t:|1783547210\n|switch|p1a: Serperior|Serperior, L79, M|100/100\n|turn|13\n|inactive|Time left: 300 sec this turn | 300 sec total\n|\n|t:|1783547211\n|move|p2a: Florges|Protect|p2a: Florges\n|-singleturn|p2a: Florges|Protect\n|move|p1a: Serperior|Leaf Storm|p2a: Florges\n|-activate|p2a: Florges|move: Protect\n|\n|-heal|p2a: Florges|137/271|[from] item: Leftovers\n|upkeep\n|turn|14\n|inactive|Time left: 300 sec this turn | 300 sec total\n|\n|t:|1783547212\n|move|p1a: Serperior|Leaf Storm|p2a: Florges|[miss]\n|-miss|p1a: Serperior|p2a: Florges\n|move|p2a: Florges|Calm Mind|p2a: Florges\n|-boost|p2a: Florges|spa|1\n|-boost|p2a: Florges|spd|1\n|\n|-heal|p2a: Florges|153/271|[from] item: Leftovers\n|upkeep\n|turn|15\n|inactive|Time left: 300 sec this turn | 300 sec total\n|\n|t:|1783547213\n|move|p1a: Serperior|Leech Seed|p2a: Florges\n|-start|p2a: Florges|move: Leech Seed\n|move|p2a: Florges|Moonblast|p1a: Serperior\n|-damage|p1a: Serperior|32/100\n|\n|-heal|p1a: Serperior|38/100|[from] item: Leftovers\n|-heal|p2a: Florges|169/271|[from] item: Leftovers\n|-damage|p2a: Florges|136/271|[from] Leech Seed|[of] p1a: Serperior\n|-heal|p1a: Serperior|51/100|[silent]\n|upkeep\n|turn|16\n|inactive|Time left: 300 sec this turn | 300 sec total\n|\n|t:|1783547214\n|move|p1a: Serperior|Substitute|p1a: Serperior\n|-start|p1a: Serperior|Substitute\n|-damage|p1a: Serperior|26/100\n|move|p2a: Florges|Moonblast|p1a: Serperior\n|-end|p1a: Serperior|Substitute\n|\n|-heal|p1a: Serperior|32/100|[from] item: Leftovers\n|-heal|p2a: Florges|152/271|[from] item: Leftovers\n|-damage|p2a: Florges|119/271|[from] Leech Seed|[of] p1a: Serperior\n|-heal|p1a: Serperior|45/100|[silent]\n|upkeep\n|turn|17\n|inactive|Time left: 300 sec this turn | 300 sec total\n|\n|t:|1783547215\n|move|p1a: Serperior|Substitute|p1a: Serperior\n|-start|p1a: Serperior|Substitute\n|-damage|p1a: Serperior|20/100\n|move|p2a: Florges|Moonblast|p1a: Serperior\n|-end|p1a: Serperior|Substitute\n|\n|-heal|p1a: Serperior|26/100|[from] item: Leftovers\n|-heal|p2a: Florges|135/271|[from] item: Leftovers\n|-damage|p2a: Florges|102/271|[from] Leech Seed|[of] p1a: Serperior\n|-heal|p1a: Serperior|40/100|[silent]\n|upkeep\n|turn|18\n|inactive|Time left: 300 sec this turn | 300 sec total\n|\n|t:|1783547217\n|move|p1a: Serperior|Substitute|p1a: Serperior\n|-start|p1a: Serperior|Substitute\n|-damage|p1a: Serperior|15/100\n|move|p2a: Florges|Moonblast|p1a: Serperior\n|-end|p1a: Serperior|Substitute\n|\n|-heal|p1a: Serperior|21/100|[from] item: Leftovers\n|-heal|p2a: Florges|118/271|[from] item: Leftovers\n|-damage|p2a: Florges|85/271|[from] Leech Seed|[of] p1a: Serperior\n|-heal|p1a: Serperior|34/100|[silent]\n|upkeep\n|turn|19\n|inactive|Time left: 300 sec this turn | 300 sec total\n|\n|t:|1783547218\n|move|p1a: Serperior|Substitute|p1a: Serperior\n|-start|p1a: Serperior|Substitute\n|-damage|p1a: Serperior|9/100\n|move|p2a: Florges|Moonblast|p1a: Serperior\n|-end|p1a: Serperior|Substitute\n|\n|-heal|p1a: Serperior|15/100|[from] item: Leftovers\n|-heal|p2a: Florges|101/271|[from] item: Leftovers\n|-damage|p2a: Florges|68/271|[from] Leech Seed|[of] p1a: Serperior\n|-heal|p1a: Serperior|28/100|[silent]\n|upkeep\n|turn|20\n|inactive|Time left: 300 sec this turn | 300 sec total\n|\n|t:|1783547219\n|move|p1a: Serperior|Substitute|p1a: Serperior\n|-start|p1a: Serperior|Substitute\n|-damage|p1a: Serperior|3/100\n|move|p2a: Florges|Moonblast|p1a: Serperior\n|-end|p1a: Serperior|Substitute\n|\n|-heal|p1a: Serperior|9/100|[from] item: Leftovers\n|-heal|p2a: Florges|84/271|[from] item: Leftovers\n|-damage|p2a: Florges|51/271|[from] Leech Seed|[of] p1a: Serperior\n|-heal|p1a: Serperior|23/100|[silent]\n|upkeep\n|turn|21\n|inactive|Time left: 300 sec this turn | 300 sec total\n|\n|t:|1783547220\n|move|p1a: Serperior|Leaf Storm|p2a: Florges\n|-damage|p2a: Florges|5/271\n|-boost|p1a: Serperior|spa|2\n|move|p2a: Florges|Moonblast|p1a: Serperior\n|-damage|p1a: Serperior|0 fnt\n|faint|p1a: Serperior\n|\n|-heal|p2a: Florges|21/271|[from] item: Leftovers\n|upkeep\n|\n|t:|1783547221\n|switch|p1a: Bellibolt|Bellibolt, L84, M|100/100\n|turn|22\n|inactive|Time left: 300 sec this turn | 300 sec total\n|\n|t:|1783547222\n|move|p2a: Florges|Moonblast|p1a: Bellibolt\n|-damage|p1a: Bellibolt|45/100\n|-unboost|p1a: Bellibolt|spa|1\n|-start|p1a: Bellibolt|Charge|Moonblast|[from] ability: Electromorphosis\n|move|p1a: Bellibolt|Slack Off|p1a: Bellibolt\n|-heal|p1a: Bellibolt|95/100\n|\n|-heal|p2a: Florges|37/271|[from] item: Leftovers\n|-heal|p1a: Bellibolt|100/100|[from] item: Leftovers\n|-damage|p2a: Florges|4/271|[from] Leech Seed|[of] p1a: Bellibolt\n|upkeep\n|turn|23\n|inactive|Time left: 300 sec this turn | 300 sec total\n|\n|t:|1783547223\n|move|p2a: Florges|Moonblast|p1a: Bellibolt\n|-damage|p1a: Bellibolt|46/100\n|-start|p1a: Bellibolt|Charge|Moonblast|[from] ability: Electromorphosis\n|move|p1a: Bellibolt|Slack Off|p1a: Bellibolt\n|-heal|p1a: Bellibolt|96/100\n|\n|-heal|p2a: Florges|20/271|[from] item: Leftovers\n|-heal|p1a: Bellibolt|100/100|[from] item: Leftovers\n|-damage|p2a: Florges|0 fnt|[from] Leech Seed|[of] p1a: Bellibolt\n|faint|p2a: Florges\n|upkeep\n|inactive|Time left: 300 sec this turn | 300 sec total | 5 sec grace\n|\n|t:|1783547224\n|switch|p2a: Gholdengo|Gholdengo, L77|261/261\n|turn|24\n|inactive|Time left: 300 sec this turn | 300 sec total\n|\n|t:|1783547224\n|-terastallize|p2a: Gholdengo|Fighting\n|move|p2a: Gholdengo|Nasty Plot|p2a: Gholdengo\n|-boost|p2a: Gholdengo|spa|2\n|move|p1a: Bellibolt|Thunderbolt|p2a: Gholdengo\n|-damage|p2a: Gholdengo|114/261\n|-end|p1a: Bellibolt|Charge|[silent]\n|\n|-heal|p2a: Gholdengo|130/261|[from] item: Leftovers\n|upkeep\n|turn|25\n|inactive|Time left: 300 sec this turn | 300 sec total\n|\n|t:|1783547226\n|move|p2a: Gholdengo|Shadow Ball|p1a: Bellibolt\n|-damage|p1a: Bellibolt|44/100\n|-start|p1a: Bellibolt|Charge|Shadow Ball|[from] ability: Electromorphosis\n|move|p1a: Bellibolt|Slack Off|p1a: Bellibolt\n|-heal|p1a: Bellibolt|94/100\n|\n|-heal|p2a: Gholdengo|146/261|[from] item: Leftovers\n|-heal|p1a: Bellibolt|100/100|[from] item: Leftovers\n|upkeep\n|turn|26\n|inactive|Time left: 300 sec this turn | 300 sec total\n|\n|t:|1783547226\n|move|p2a: Gholdengo|Focus Blast|p1a: Bellibolt\n|-damage|p1a: Bellibolt|9/100\n|-start|p1a: Bellibolt|Charge|Focus Blast|[from] ability: Electromorphosis\n|move|p1a: Bellibolt|Slack Off|p1a: Bellibolt\n|-heal|p1a: Bellibolt|59/100\n|\n|-heal|p2a: Gholdengo|162/261|[from] item: Leftovers\n|-heal|p1a: Bellibolt|65/100|[from] item: Leftovers\n|upkeep\n|turn|27\n|inactive|Time left: 300 sec this turn | 300 sec total\n|\n|t:|1783547227\n|move|p2a: Gholdengo|Shadow Ball|p1a: Bellibolt\n|-damage|p1a: Bellibolt|1/100\n|-start|p1a: Bellibolt|Charge|Shadow Ball|[from] ability: Electromorphosis\n|move|p1a: Bellibolt|Slack Off|p1a: Bellibolt\n|-heal|p1a: Bellibolt|51/100\n|\n|-heal|p2a: Gholdengo|178/261|[from] item: Leftovers\n|-heal|p1a: Bellibolt|57/100|[from] item: Leftovers\n|upkeep\n|turn|28\n|inactive|Time left: 300 sec this turn | 300 sec total\n|\n|t:|1783547228\n|move|p2a: Gholdengo|Shadow Ball|p1a: Bellibolt\n|-damage|p1a: Bellibolt|0 fnt\n|faint|p1a: Bellibolt\n|\n|win|p0y694ccdc", "uploadtime": 1783547228, "views": 0, "rating": 0, "private": 0, "password": null, "_winner": "p0y694ccdc", "_our_name": "p0y694ccdc"}