{"id": "battle-gen9randombattle-1321", "formatid": "gen9randombattle", "format": "[Gen 9] Random Battle", "players": ["p0x13214bc6", "p0y1321cf92"], "log": "|init|battle\n|title|p0x13214bc6 vs. p0y1321cf92\n|j|\u2606p0x13214bc6\n|j|\u2606p0y1321cf92\n|t:|1783555325\n|gametype|singles\n|player|p1|p0x13214bc6|102|\n|player|p2|p0y1321cf92|266|\n|gen|9\n|tier|[Gen 9] Random Battle\n|rule|Species Clause: Limit one of each Pok\u00e9mon\n|rule|HP Percentage Mod: HP is shown in percentages\n|rule|Sleep Clause Mod: Limit one foe put to sleep\n|rule|Illusion Level Mod: Illusion disguises the Pok\u00e9mon's true level\n|\n|t:|1783555325\n|teamsize|p1|6\n|teamsize|p2|6\n|start\n|switch|p1a: Entei|Entei, L78|307/307\n|switch|p2a: Masquerain|Masquerain, L87, F|100/100\n|-ability|p2a: Masquerain|Intimidate|boost\n|-fail|p1a: Entei|unboost|Attack|[from] ability: Inner Focus|[of] p1a: Entei\n|turn|1\n|inactive|Battle timer is ON: inactive players will automatically lose when time's up. (requested by p0x13214bc6)\n|inactive|p0y1321cf92 also wants the timer to be on.\n|\n|t:|1783555327\n|-terastallize|p2a: Masquerain|Ground\n|move|p1a: Entei|Sacred Fire|p2a: Masquerain\n|-damage|p2a: Masquerain|31/100\n|move|p2a: Masquerain|Sticky Web|p1a: Entei\n|-sidestart|p1: p0x13214bc6|move: Sticky Web\n|\n|upkeep\n|turn|2\n|inactive|Time left: 300 sec this turn | 300 sec total\n|\n|t:|1783555328\n|switch|p2a: Crawdaunt|Crawdaunt, L84, M|100/100\n|move|p1a: Entei|Sacred Fire|p2a: Crawdaunt\n|-resisted|p2a: Crawdaunt\n|-damage|p2a: Crawdaunt|65/100\n|-status|p2a: Crawdaunt|brn\n|\n|-damage|p2a: Crawdaunt|59/100 brn|[from] brn\n|upkeep\n|turn|3\n|inactive|Time left: 300 sec this turn | 300 sec total\n|\n|t:|1783555328\n|move|p1a: Entei|Sacred Fire|p2a: Crawdaunt\n|-resisted|p2a: Crawdaunt\n|-damage|p2a: Crawdaunt|28/100 brn\n|move|p2a: Crawdaunt|Knock Off|p1a: Entei\n|-damage|p1a: Entei|174/307\n|-enditem|p1a: Entei|Choice Band|[from] move: Knock Off|[of] p2a: Crawdaunt\n|\n|-damage|p2a: Crawdaunt|22/100 brn|[from] brn\n|upkeep\n|turn|4\n|inactive|Time left: 300 sec this turn | 300 sec total\n|\n|t:|1783555329\n|move|p1a: Entei|Sacred Fire|p2a: Crawdaunt\n|-resisted|p2a: Crawdaunt\n|-crit|p2a: Crawdaunt\n|-damage|p2a: Crawdaunt|0 fnt\n|faint|p2a: Crawdaunt\n|\n|upkeep\n|\n|t:|1783555330\n|switch|p2a: Ninetales|Ninetales-Alola, L78, M|100/100\n|-weather|Snowscape|[from] ability: Snow Warning|[of] p2a: Ninetales\n|turn|5\n|inactive|Time left: 300 sec this turn | 300 sec total\n|\n|t:|1783555331\n|move|p2a: Ninetales|Aurora Veil|p2a: Ninetales\n|-sidestart|p2: p0y1321cf92|move: Aurora Veil\n|move|p1a: Entei|Sacred Fire|p2a: Ninetales\n|-supereffective|p2a: Ninetales\n|-damage|p2a: Ninetales|64/100\n|\n|-weather|Snowscape|[upkeep]\n|upkeep\n|turn|6\n|inactive|Time left: 300 sec this turn | 300 sec total\n|\n|t:|1783555333\n|move|p2a: Ninetales|Blizzard|p1a: Entei\n|-resisted|p1a: Entei\n|-damage|p1a: Entei|119/307\n|move|p1a: Entei|Sacred Fire|p2a: Ninetales\n|-supereffective|p2a: Ninetales\n|-damage|p2a: Ninetales|29/100\n|-status|p2a: Ninetales|brn\n|\n|-weather|Snowscape|[upkeep]\n|-damage|p2a: Ninetales|23/100 brn|[from] brn\n|upkeep\n|turn|7\n|inactive|Time left: 300 sec this turn | 300 sec total\n|\n|t:|1783555333\n|switch|p2a: Farigiraf|Farigiraf, L90, M|100/100\n|move|p1a: Entei|Sacred Fire|p2a: Farigiraf\n|-damage|p2a: Farigiraf|84/100\n|\n|-weather|Snowscape|[upkeep]\n|-heal|p2a: Farigiraf|91/100|[from] item: Leftovers\n|upkeep\n|turn|8\n|inactive|Time left: 300 sec this turn | 300 sec total\n|\n|t:|1783555334\n|move|p1a: Entei|Sacred Fire|p2a: Farigiraf\n|-damage|p2a: Farigiraf|73/100\n|move|p2a: Farigiraf|Psychic Noise|p1a: Entei\n|-damage|p1a: Entei|7/307\n|-start|p1a: Entei|move: Heal Block\n|\n|-weather|Snowscape|[upkeep]\n|-heal|p2a: Farigiraf|80/100|[from] item: Leftovers\n|upkeep\n|turn|9\n|inactive|Time left: 300 sec this turn | 300 sec total\n|\n|t:|1783555335\n|move|p1a: Entei|Flare Blitz|p2a: Farigiraf\n|-damage|p2a: Farigiraf|60/100\n|-damage|p1a: Entei|0 fnt|[from] Recoil\n|faint|p1a: Entei\n|move|p2a: Farigiraf|Wish|p2a: Farigiraf\n|\n|-weather|none\n|-heal|p2a: Farigiraf|66/100|[from] item: Leftovers\n|upkeep\n|inactive|Time left: 300 sec this turn | 300 sec total | 5 sec grace\n|\n|t:|1783555337\n|switch|p1a: Veluza|Veluza, L85, F|292/292\n|-activate|p1a: Veluza|move: Sticky Web\n|-unboost|p1a: Veluza|spe|1\n|turn|10\n|inactive|Time left: 300 sec this turn | 300 sec total\n|\n|t:|1783555338\n|move|p2a: Farigiraf|Body Slam|p1a: Veluza\n|-damage|p1a: Veluza|187/292\n|-status|p1a: Veluza|par\n|move|p1a: Veluza|Fillet Away|p1a: Veluza\n|-boost|p1a: Veluza|atk|2\n|-boost|p1a: Veluza|spa|2\n|-boost|p1a: Veluza|spe|2\n|-damage|p1a: Veluza|41/292 par\n|-enditem|p1a: Veluza|Sitrus Berry|[eat]\n|-heal|p1a: Veluza|114/292 par|[from] item: Sitrus Berry\n|\n|-heal|p2a: Farigiraf|100/100|[from] move: Wish|[wisher] Farigiraf\n|upkeep\n|turn|11\n|inactive|Time left: 300 sec this turn | 300 sec total\n|\n|t:|1783555339\n|move|p2a: Farigiraf|Body Slam|p1a: Veluza\n|-damage|p1a: Veluza|6/292 par\n|move|p1a: Veluza|Aqua Cutter|p2a: Farigiraf\n|-damage|p2a: Farigiraf|64/100\n|\n|-heal|p2a: Farigiraf|70/100|[from] item: Leftovers\n|upkeep\n|turn|12\n|inactive|Time left: 300 sec this turn | 300 sec total\n|\n|t:|1783555340\n|move|p2a: Farigiraf|Body Slam|p1a: Veluza\n|-damage|p1a: Veluza|0 fnt\n|faint|p1a: Veluza\n|\n|-heal|p2a: Farigiraf|76/100|[from] item: Leftovers\n|-sideend|p2: p0y1321cf92|move: Aurora Veil\n|upkeep\n|inactive|Time left: 300 sec this turn | 300 sec total | 5 sec grace\n|\n|t:|1783555342\n|switch|p1a: Rhyperior|Rhyperior, L82, F|323/323\n|-activate|p1a: Rhyperior|move: Sticky Web\n|-unboost|p1a: Rhyperior|spe|1\n|turn|13\n|inactive|Time left: 300 sec this turn | 300 sec total\n|\n|t:|1783555343\n|move|p2a: Farigiraf|Protect|p2a: Farigiraf\n|-singleturn|p2a: Farigiraf|Protect\n|move|p1a: Rhyperior|Megahorn|p2a: Farigiraf\n|-activate|p2a: Farigiraf|move: Protect\n|\n|-heal|p2a: Farigiraf|83/100|[from] item: Leftovers\n|upkeep\n|turn|14\n|inactive|Time left: 300 sec this turn | 300 sec total\n|\n|t:|1783555344\n|move|p2a: Farigiraf|Psychic Noise|p1a: Rhyperior\n|-damage|p1a: Rhyperior|184/323\n|-start|p1a: Rhyperior|move: Heal Block\n|move|p1a: Rhyperior|Megahorn|p2a: Farigiraf\n|-supereffective|p2a: Farigiraf\n|-damage|p2a: Farigiraf|0 fnt\n|faint|p2a: Farigiraf\n|\n|upkeep\n|\n|t:|1783555345\n|switch|p2a: Ninetales|Ninetales-Alola, L78, M|23/100 brn\n|-weather|Snowscape|[from] ability: Snow Warning|[of] p2a: Ninetales\n|turn|15\n|inactive|Time left: 300 sec this turn | 300 sec total\n|\n|t:|1783555346\n|move|p2a: Ninetales|Aurora Veil|p2a: Ninetales\n|-sidestart|p2: p0y1321cf92|move: Aurora Veil\n|move|p1a: Rhyperior|Megahorn|p2a: Ninetales\n|-resisted|p2a: Ninetales\n|-damage|p2a: Ninetales|10/100 brn\n|\n|-weather|Snowscape|[upkeep]\n|-damage|p2a: Ninetales|3/100 brn|[from] brn\n|-end|p1a: Rhyperior|move: Heal Block\n|upkeep\n|turn|16\n|inactive|Time left: 300 sec this turn | 300 sec total\n|\n|t:|1783555347\n|switch|p1a: Uxie|Uxie, L83|260/260\n|move|p2a: Ninetales|Moonblast|p1a: Uxie\n|-damage|p1a: Uxie|200/260\n|\n|-weather|Snowscape|[upkeep]\n|-heal|p1a: Uxie|216/260|[from] item: Leftovers\n|-damage|p2a: Ninetales|0 fnt|[from] brn\n|faint|p2a: Ninetales\n|upkeep\n|\n|t:|1783555349\n|switch|p2a: Masquerain|Masquerain, L87, F, tera:Ground|31/100\n|-ability|p2a: Masquerain|Intimidate|boost\n|-unboost|p1a: Uxie|atk|1\n|turn|17\n|inactive|Time left: 300 sec this turn | 300 sec total\n|\n|t:|1783555350\n|switch|p1a: Pincurchin|Pincurchin, F|258/258\n|-activate|p1a: Pincurchin|move: Sticky Web\n|-unboost|p1a: Pincurchin|spe|1\n|-fieldstart|move: Electric Terrain|[from] ability: Electric Surge|[of] p1a: Pincurchin\n|move|p2a: Masquerain|Bug Buzz|p1a: Pincurchin\n|-damage|p1a: Pincurchin|171/258\n|\n|-weather|Snowscape|[upkeep]\n|-heal|p1a: Pincurchin|187/258|[from] item: Leftovers\n|upkeep\n|turn|18\n|inactive|Time left: 300 sec this turn | 300 sec total\n|\n|t:|1783555351\n|move|p2a: Masquerain|Hurricane|p1a: Pincurchin\n|-resisted|p1a: Pincurchin\n|-damage|p1a: Pincurchin|130/258\n|move|p1a: Pincurchin|Scald|p2a: Masquerain\n|-supereffective|p2a: Masquerain\n|-damage|p2a: Masquerain|0 fnt\n|faint|p2a: Masquerain\n|\n|-weather|Snowscape|[upkeep]\n|-heal|p1a: Pincurchin|146/258|[from] item: Leftovers\n|upkeep\n|\n|t:|1783555352\n|switch|p2a: Furret|Furret, L94, F|100/100\n|-item|p1a: Pincurchin|Leftovers|[from] ability: Frisk|[of] p2a: Furret\n|turn|19\n|inactive|Time left: 300 sec this turn | 300 sec total\n|\n|t:|1783555353\n|move|p2a: Furret|Double-Edge|p1a: Pincurchin\n|-damage|p1a: Pincurchin|4/258\n|-damage|p2a: Furret|85/100|[from] Recoil\n|-damage|p2a: Furret|75/100|[from] item: Life Orb\n|move|p1a: Pincurchin|Recover|p1a: Pincurchin\n|-heal|p1a: Pincurchin|133/258\n|\n|-weather|none\n|-heal|p1a: Pincurchin|149/258|[from] item: Leftovers\n|upkeep\n|turn|20\n|inactive|Time left: 300 sec this turn | 300 sec total\n|\n|t:|1783555354\n|move|p2a: Furret|Tidy Up|p2a: Furret\n|-sideend|p1: p0x13214bc6|Sticky Web\n|-activate|p2a: Furret|move: Tidy Up\n|-boost|p2a: Furret|atk|1\n|-boost|p2a: Furret|spe|1\n|move|p1a: Pincurchin|Recover|p1a: Pincurchin\n|-heal|p1a: Pincurchin|258/258\n|\n|upkeep\n|turn|21\n|inactive|Time left: 300 sec this turn | 300 sec total\n|\n|t:|1783555356\n|move|p2a: Furret|Tidy Up|p2a: Furret\n|-boost|p2a: Furret|atk|1\n|-boost|p2a: Furret|spe|1\n|move|p1a: Pincurchin|Discharge|p2a: Furret\n|-damage|p2a: Furret|47/100\n|\n|-fieldend|move: Electric Terrain\n|upkeep\n|turn|22\n|inactive|Time left: 300 sec this turn | 300 sec total\n|\n|t:|1783555357\n|move|p2a: Furret|Knock Off|p1a: Pincurchin\n|-damage|p1a: Pincurchin|112/258\n|-enditem|p1a: Pincurchin|Leftovers|[from] move: Knock Off|[of] p2a: Furret\n|-damage|p2a: Furret|37/100|[from] item: Life Orb\n|move|p1a: Pincurchin|Scald|p2a: Furret\n|-damage|p2a: Furret|23/100\n|-status|p2a: Furret|brn\n|\n|-damage|p2a: Furret|17/100 brn|[from] brn\n|-sideend|p2: p0y1321cf92|move: Aurora Veil\n|upkeep\n|turn|23\n|inactive|Time left: 300 sec this turn | 300 sec total\n|\n|t:|1783555358\n|move|p2a: Furret|Double-Edge|p1a: Pincurchin\n|-damage|p1a: Pincurchin|0 fnt\n|faint|p1a: Pincurchin\n|-damage|p2a: Furret|5/100 brn|[from] Recoil\n|-damage|p2a: Furret|0 fnt|[from] item: Life Orb\n|faint|p2a: Furret\n|\n|upkeep\n|inactive|Time left: 300 sec this turn | 300 sec total | 5 sec grace\n|\n|t:|1783555359\n|switch|p2a: Sableye|Sableye, L88, F|100/100\n|switch|p1a: Rhyperior|Rhyperior, L82, F|184/323\n|turn|24\n|inactive|Time left: 300 sec this turn | 300 sec total\n|\n|t:|1783555360\n|move|p2a: Sableye|Will-O-Wisp|p1a: Rhyperior\n|-status|p1a: Rhyperior|brn\n|move|p1a: Rhyperior|Earthquake|p2a: Sableye\n|-damage|p2a: Sableye|55/100\n|\n|-heal|p2a: Sableye|61/100|[from] item: Leftovers\n|-damage|p1a: Rhyperior|164/323 brn|[from] brn\n|upkeep\n|turn|25\n|inactive|Time left: 300 sec this turn | 300 sec total\n|\n|t:|1783555361\n|move|p2a: Sableye|Recover|p2a: Sableye\n|-heal|p2a: Sableye|100/100\n|move|p1a: Rhyperior|Earthquake|p2a: Sableye\n|-damage|p2a: Sableye|55/100\n|\n|-heal|p2a: Sableye|61/100|[from] item: Leftovers\n|-damage|p1a: Rhyperior|144/323 brn|[from] brn\n|upkeep\n|turn|26\n|inactive|Time left: 300 sec this turn | 300 sec total\n|\n|t:|1783555363\n|move|p2a: Sableye|Recover|p2a: Sableye\n|-heal|p2a: Sableye|100/100\n|move|p1a: Rhyperior|Earthquake|p2a: Sableye\n|-damage|p2a: Sableye|55/100\n|\n|-heal|p2a: Sableye|62/100|[from] item: Leftovers\n|-damage|p1a: Rhyperior|124/323 brn|[from] brn\n|upkeep\n|turn|27\n|inactive|Time left: 300 sec this turn | 300 sec total\n|\n|t:|1783555364\n|move|p2a: Sableye|Knock Off|p1a: Rhyperior\n|-damage|p1a: Rhyperior|52/323 brn\n|-enditem|p1a: Rhyperior|Choice Band|[from] move: Knock Off|[of] p2a: Sableye\n|move|p1a: Rhyperior|Earthquake|p2a: Sableye\n|-crit|p2a: Sableye\n|-damage|p2a: Sableye|11/100\n|\n|-heal|p2a: Sableye|17/100|[from] item: Leftovers\n|-damage|p1a: Rhyperior|32/323 brn|[from] brn\n|upkeep\n|turn|28\n|inactive|Time left: 300 sec this turn | 300 sec total\n|\n|t:|1783555365\n|switch|p1a: Tauros|Tauros-Paldea-Aqua, L81, M|254/254\n|-ability|p1a: Tauros|Intimidate|boost\n|-unboost|p2a: Sableye|atk|1\n|move|p2a: Sableye|Recover|p2a: Sableye\n|-heal|p2a: Sableye|67/100\n|\n|-heal|p2a: Sableye|73/100|[from] item: Leftovers\n|upkeep\n|turn|29\n|inactive|Time left: 300 sec this turn | 300 sec total\n|\n|t:|1783555366\n|-terastallize|p1a: Tauros|Water\n|move|p2a: Sableye|Will-O-Wisp|p1a: Tauros\n|-status|p1a: Tauros|brn\n|move|p1a: Tauros|Liquidation|p2a: Sableye\n|-damage|p2a: Sableye|37/100\n|-unboost|p2a: Sableye|def|1\n|-damage|p1a: Tauros|229/254 brn|[from] item: Life Orb\n|\n|-heal|p2a: Sableye|43/100|[from] item: Leftovers\n|-damage|p1a: Tauros|214/254 brn|[from] brn\n|upkeep\n|turn|30\n|inactive|Time left: 300 sec this turn | 300 sec total\n|\n|t:|1783555367\n|move|p2a: Sableye|Recover|p2a: Sableye\n|-heal|p2a: Sableye|93/100\n|move|p1a: Tauros|Liquidation|p2a: Sableye\n|-damage|p2a: Sableye|37/100\n|-damage|p1a: Tauros|189/254 brn|[from] item: Life Orb\n|\n|-heal|p2a: Sableye|43/100|[from] item: Leftovers\n|-damage|p1a: Tauros|174/254 brn|[from] brn\n|upkeep\n|turn|31\n|inactive|Time left: 300 sec this turn | 300 sec total\n|\n|t:|1783555368\n|move|p2a: Sableye|Recover|p2a: Sableye\n|-heal|p2a: Sableye|94/100\n|move|p1a: Tauros|Liquidation|p2a: Sableye\n|-damage|p2a: Sableye|35/100\n|-damage|p1a: Tauros|149/254 brn|[from] item: Life Orb\n|\n|-heal|p2a: Sableye|41/100|[from] item: Leftovers\n|-damage|p1a: Tauros|134/254 brn|[from] brn\n|upkeep\n|turn|32\n|inactive|Time left: 300 sec this turn | 300 sec total\n|\n|t:|1783555369\n|move|p2a: Sableye|Recover|p2a: Sableye\n|-heal|p2a: Sableye|91/100\n|move|p1a: Tauros|Liquidation|p2a: Sableye\n|-damage|p2a: Sableye|39/100\n|-damage|p1a: Tauros|109/254 brn|[from] item: Life Orb\n|\n|-heal|p2a: Sableye|45/100|[from] item: Leftovers\n|-damage|p1a: Tauros|94/254 brn|[from] brn\n|upkeep\n|turn|33\n|inactive|Time left: 300 sec this turn | 300 sec total\n|\n|t:|1783555370\n|move|p2a: Sableye|Recover|p2a: Sableye\n|-heal|p2a: Sableye|95/100\n|move|p1a: Tauros|Liquidation|p2a: Sableye\n|-damage|p2a: Sableye|40/100\n|-damage|p1a: Tauros|69/254 brn|[from] item: Life Orb\n|\n|-heal|p2a: Sableye|46/100|[from] item: Leftovers\n|-damage|p1a: Tauros|54/254 brn|[from] brn\n|upkeep\n|turn|34\n|inactive|Time left: 300 sec this turn | 300 sec total\n|\n|t:|1783555371\n|move|p2a: Sableye|Recover|p2a: Sableye\n|-heal|p2a: Sableye|96/100\n|move|p1a: Tauros|Liquidation|p2a: Sableye\n|-damage|p2a: Sableye|43/100\n|-damage|p1a: Tauros|29/254 brn|[from] item: Life Orb\n|\n|-heal|p2a: Sableye|49/100|[from] item: Leftovers\n|-damage|p1a: Tauros|14/254 brn|[from] brn\n|upkeep\n|turn|35\n|inactive|Time left: 300 sec this turn | 300 sec total\n|\n|t:|1783555372\n|move|p2a: Sableye|Will-O-Wisp|p1a: Tauros\n|-fail|p1a: Tauros|brn\n|move|p1a: Tauros|Liquidation|p2a: Sableye\n|-damage|p2a: Sableye|0 fnt\n|faint|p2a: Sableye\n|-damage|p1a: Tauros|0 fnt|[from] item: Life Orb\n|faint|p1a: Tauros\n|\n|win|p0x13214bc6", "uploadtime": 1783555372, "views": 0, "rating": 0, "private": 0, "password": null, "_winner": "p0x13214bc6", "_our_name": "p0x13214bc6"}