{"id": "battle-gen9randombattle-380", "formatid": "gen9randombattle", "format": "[Gen 9] Random Battle", "players": ["p0x380f777", "p0y3809596"], "log": "|init|battle\n|title|p0x380f777 vs. p0y3809596\n|j|\u2606p0x380f777\n|j|\u2606p0y3809596\n|t:|1783544054\n|gametype|singles\n|player|p1|p0x380f777|169|\n|player|p2|p0y3809596|1|\n|gen|9\n|tier|[Gen 9] Random Battle\n|rule|Species Clause: Limit one of each Pok\u00e9mon\n|rule|HP Percentage Mod: HP is shown in percentages\n|rule|Sleep Clause Mod: Limit one foe put to sleep\n|rule|Illusion Level Mod: Illusion disguises the Pok\u00e9mon's true level\n|\n|t:|1783544054\n|teamsize|p1|6\n|teamsize|p2|6\n|start\n|switch|p1a: Brute Bonnet|Brute Bonnet, L80|100/100\n|switch|p2a: Rabsca|Rabsca, L91, M|284/284\n|turn|1\n|inactive|Battle timer is ON: inactive players will automatically lose when time's up. (requested by p0y3809596)\n|inactive|p0x380f777 also wants the timer to be on.\n|\n|t:|1783544056\n|-end|p1a: Brute Bonnet|Protosynthesis|[silent]\n|switch|p1a: Flareon|Flareon, L90, F|100/100\n|move|p2a: Rabsca|Bug Buzz|p1a: Flareon\n|-resisted|p1a: Flareon\n|-damage|p1a: Flareon|82/100\n|-unboost|p1a: Flareon|spd|1\n|\n|-status|p1a: Flareon|tox|[from] item: Toxic Orb\n|upkeep\n|turn|2\n|inactive|Time left: 300 sec this turn | 300 sec total\n|\n|t:|1783544058\n|switch|p2a: Probopass|Probopass, L91, F|257/257\n|move|p1a: Flareon|Flare Blitz|p2a: Probopass\n|-damage|p2a: Probopass|82/257\n|-damage|p1a: Flareon|60/100 tox|[from] Recoil\n|\n|-damage|p1a: Flareon|54/100 tox|[from] psn\n|upkeep\n|turn|3\n|inactive|Time left: 300 sec this turn | 300 sec total\n|\n|t:|1783544059\n|move|p1a: Flareon|Flare Blitz|p2a: Probopass\n|-damage|p2a: Probopass|0 fnt\n|faint|p2a: Probopass\n|-damage|p1a: Flareon|44/100 tox|[from] Recoil\n|\n|-damage|p1a: Flareon|32/100 tox|[from] psn\n|upkeep\n|inactive|Time left: 300 sec this turn | 300 sec total | 5 sec grace\n|\n|t:|1783544060\n|switch|p2a: Dedenne|Dedenne, L88, M|261/261\n|turn|4\n|inactive|Time left: 300 sec this turn | 300 sec total\n|\n|t:|1783544061\n|move|p2a: Dedenne|Thunderbolt|p1a: Flareon\n|-damage|p1a: Flareon|0 fnt\n|faint|p1a: Flareon\n|\n|upkeep\n|\n|t:|1783544062\n|switch|p1a: Komala|Komala, L87, M|100/100\n|-ability|p1a: Komala|Comatose\n|turn|5\n|inactive|Time left: 300 sec this turn | 300 sec total\n|\n|t:|1783544063\n|move|p2a: Dedenne|Super Fang|p1a: Komala\n|-damage|p1a: Komala|51/100\n|move|p1a: Komala|Body Slam|p2a: Dedenne\n|-damage|p2a: Dedenne|110/261\n|-enditem|p2a: Dedenne|Sitrus Berry|[eat]\n|-heal|p2a: Dedenne|175/261|[from] item: Sitrus Berry\n|-heal|p2a: Dedenne|261/261|[from] ability: Cheek Pouch\n|\n|upkeep\n|turn|6\n|inactive|Time left: 300 sec this turn | 300 sec total\n|\n|t:|1783544065\n|move|p2a: Dedenne|Thunderbolt|p1a: Komala\n|-damage|p1a: Komala|30/100\n|move|p1a: Komala|Body Slam|p2a: Dedenne\n|-damage|p2a: Dedenne|114/261\n|\n|upkeep\n|turn|7\n|inactive|Time left: 300 sec this turn | 300 sec total\n|\n|t:|1783544065\n|move|p2a: Dedenne|Thunderbolt|p1a: Komala\n|-damage|p1a: Komala|8/100\n|move|p1a: Komala|Rapid Spin|p2a: Dedenne\n|-damage|p2a: Dedenne|35/261\n|-boost|p1a: Komala|spe|1\n|\n|upkeep\n|turn|8\n|inactive|Time left: 300 sec this turn | 300 sec total\n|\n|t:|1783544067\n|move|p1a: Komala|Rapid Spin|p2a: Dedenne\n|-damage|p2a: Dedenne|0 fnt\n|-boost|p1a: Komala|spe|1\n|faint|p2a: Dedenne\n|\n|upkeep\n|inactive|Time left: 300 sec this turn | 300 sec total | 5 sec grace\n|\n|t:|1783544067\n|switch|p2a: Regieleki|Regieleki, L79|256/256\n|turn|9\n|inactive|Time left: 300 sec this turn | 300 sec total\n|\n|t:|1783544068\n|switch|p1a: Brute Bonnet|Brute Bonnet, L80|100/100\n|move|p2a: Regieleki|Thunderbolt|p1a: Brute Bonnet\n|-resisted|p1a: Brute Bonnet\n|-damage|p1a: Brute Bonnet|80/100\n|\n|-heal|p1a: Brute Bonnet|86/100|[from] item: Leftovers\n|upkeep\n|turn|10\n|inactive|Time left: 300 sec this turn | 300 sec total\n|\n|t:|1783544070\n|switch|p2a: Malamar|Malamar, L82, F|275/275\n|move|p1a: Brute Bonnet|Crunch|p2a: Malamar\n|-damage|p2a: Malamar|184/275\n|\n|-heal|p1a: Brute Bonnet|92/100|[from] item: Leftovers\n|upkeep\n|turn|11\n|inactive|Time left: 300 sec this turn | 300 sec total\n|\n|t:|1783544071\n|-end|p1a: Brute Bonnet|Protosynthesis|[silent]\n|switch|p1a: Dedenne|Dedenne, L88, F|100/100\n|move|p2a: Malamar|Superpower|p1a: Dedenne\n|-resisted|p1a: Dedenne\n|-damage|p1a: Dedenne|80/100\n|-boost|p2a: Malamar|atk|1\n|-boost|p2a: Malamar|def|1\n|\n|upkeep\n|turn|12\n|inactive|Time left: 300 sec this turn | 300 sec total\n|\n|t:|1783544072\n|switch|p2a: Sylveon|Sylveon, L85, F|300/300\n|move|p1a: Dedenne|Dazzling Gleam|p2a: Sylveon\n|-damage|p2a: Sylveon|243/300\n|\n|-heal|p2a: Sylveon|261/300|[from] item: Leftovers\n|upkeep\n|turn|13\n|inactive|Time left: 300 sec this turn | 300 sec total\n|\n|t:|1783544073\n|move|p1a: Dedenne|Super Fang|p2a: Sylveon\n|-damage|p2a: Sylveon|131/300\n|move|p2a: Sylveon|Hyper Voice|p1a: Dedenne\n|-damage|p1a: Dedenne|20/100\n|-enditem|p1a: Dedenne|Sitrus Berry|[eat]\n|-heal|p1a: Dedenne|45/100|[from] item: Sitrus Berry\n|-heal|p1a: Dedenne|78/100|[from] ability: Cheek Pouch\n|\n|-heal|p2a: Sylveon|149/300|[from] item: Leftovers\n|upkeep\n|turn|14\n|inactive|Time left: 300 sec this turn | 300 sec total\n|\n|t:|1783544074\n|switch|p1a: Scream Tail|Scream Tail, L84|100/100\n|move|p2a: Sylveon|Hyper Voice|p1a: Scream Tail\n|-damage|p1a: Scream Tail|70/100\n|\n|-heal|p1a: Scream Tail|77/100|[from] item: Leftovers\n|-heal|p2a: Sylveon|167/300|[from] item: Leftovers\n|upkeep\n|turn|15\n|inactive|Time left: 300 sec this turn | 300 sec total\n|\n|t:|1783544075\n|move|p1a: Scream Tail|Thunder Wave|p2a: Sylveon\n|-status|p2a: Sylveon|par\n|cant|p2a: Sylveon|par\n|\n|-heal|p1a: Scream Tail|83/100|[from] item: Leftovers\n|-heal|p2a: Sylveon|185/300 par|[from] item: Leftovers\n|upkeep\n|turn|16\n|inactive|Time left: 300 sec this turn | 300 sec total\n|\n|t:|1783544076\n|move|p1a: Scream Tail|Wish|p1a: Scream Tail\n|move|p2a: Sylveon|Calm Mind|p2a: Sylveon\n|-boost|p2a: Sylveon|spa|1\n|-boost|p2a: Sylveon|spd|1\n|\n|-heal|p1a: Scream Tail|89/100|[from] item: Leftovers\n|-heal|p2a: Sylveon|203/300 par|[from] item: Leftovers\n|upkeep\n|turn|17\n|inactive|Time left: 300 sec this turn | 300 sec total\n|\n|t:|1783544077\n|-end|p1a: Scream Tail|Protosynthesis|[silent]\n|switch|p1a: Komala|Komala, L87, M|8/100\n|-ability|p1a: Komala|Comatose\n|move|p2a: Sylveon|Hyper Voice|p1a: Komala\n|-damage|p1a: Komala|0 fnt\n|faint|p1a: Komala\n|\n|-heal|p2a: Sylveon|221/300 par|[from] item: Leftovers\n|upkeep\n|\n|t:|1783544078\n|switch|p1a: Scream Tail|Scream Tail, L84|89/100\n|turn|18\n|inactive|Time left: 300 sec this turn | 300 sec total\n|\n|t:|1783544079\n|move|p1a: Scream Tail|Play Rough|p2a: Sylveon\n|-damage|p2a: Sylveon|130/300 par\n|move|p2a: Sylveon|Calm Mind|p2a: Sylveon\n|-boost|p2a: Sylveon|spa|1\n|-boost|p2a: Sylveon|spd|1\n|\n|-heal|p1a: Scream Tail|95/100|[from] item: Leftovers\n|-heal|p2a: Sylveon|148/300 par|[from] item: Leftovers\n|upkeep\n|turn|19\n|inactive|Time left: 300 sec this turn | 300 sec total\n|\n|t:|1783544080\n|move|p1a: Scream Tail|Play Rough|p2a: Sylveon\n|-damage|p2a: Sylveon|64/300 par\n|cant|p2a: Sylveon|par\n|\n|-heal|p1a: Scream Tail|100/100|[from] item: Leftovers\n|-heal|p2a: Sylveon|82/300 par|[from] item: Leftovers\n|upkeep\n|turn|20\n|inactive|Time left: 300 sec this turn | 300 sec total\n|\n|t:|1783544080\n|-terastallize|p2a: Sylveon|Steel\n|move|p1a: Scream Tail|Play Rough|p2a: Sylveon\n|-resisted|p2a: Sylveon\n|-damage|p2a: Sylveon|38/300 par\n|move|p2a: Sylveon|Hyper Voice|p1a: Scream Tail\n|-damage|p1a: Scream Tail|38/100\n|\n|-heal|p1a: Scream Tail|44/100|[from] item: Leftovers\n|-heal|p2a: Sylveon|56/300 par|[from] item: Leftovers\n|upkeep\n|turn|21\n|inactive|Time left: 300 sec this turn | 300 sec total\n|\n|t:|1783544081\n|move|p1a: Scream Tail|Play Rough|p2a: Sylveon\n|-resisted|p2a: Sylveon\n|-damage|p2a: Sylveon|14/300 par\n|move|p2a: Sylveon|Hyper Voice|p1a: Scream Tail\n|-damage|p1a: Scream Tail|0 fnt\n|faint|p1a: Scream Tail\n|-end|p1a: Scream Tail|Protosynthesis|[silent]\n|\n|-heal|p2a: Sylveon|32/300 par|[from] item: Leftovers\n|upkeep\n|\n|t:|1783544082\n|switch|p1a: Baxcalibur|Baxcalibur, L75, M|100/100\n|turn|22\n|inactive|Time left: 300 sec this turn | 300 sec total\n|\n|t:|1783544083\n|move|p2a: Sylveon|Protect|p2a: Sylveon\n|-singleturn|p2a: Sylveon|Protect\n|move|p1a: Baxcalibur|Glaive Rush|p2a: Sylveon\n|-activate|p2a: Sylveon|move: Protect\n|\n|-heal|p2a: Sylveon|50/300 par|[from] item: Leftovers\n|upkeep\n|turn|23\n|inactive|Time left: 300 sec this turn | 300 sec total\n|\n|t:|1783544085\n|cant|p2a: Sylveon|par\n|move|p1a: Baxcalibur|Glaive Rush|p2a: Sylveon\n|-resisted|p2a: Sylveon\n|-damage|p2a: Sylveon|0 fnt\n|-singlemove|p1a: Baxcalibur|Glaive Rush|[silent]\n|faint|p2a: Sylveon\n|\n|upkeep\n|inactive|Time left: 300 sec this turn | 300 sec total | 5 sec grace\n|\n|t:|1783544086\n|switch|p2a: Rabsca|Rabsca, L91, M|284/284\n|turn|24\n|inactive|Time left: 300 sec this turn | 300 sec total\n|\n|t:|1783544087\n|-terastallize|p1a: Baxcalibur|Dragon\n|move|p1a: Baxcalibur|Glaive Rush|p2a: Rabsca\n|-damage|p2a: Rabsca|2/284\n|-singlemove|p1a: Baxcalibur|Glaive Rush|[silent]\n|move|p2a: Rabsca|Bug Buzz|p1a: Baxcalibur\n|-damage|p1a: Baxcalibur|1/100\n|\n|upkeep\n|turn|25\n|inactive|Time left: 300 sec this turn | 300 sec total\n|\n|t:|1783544088\n|move|p1a: Baxcalibur|Glaive Rush|p2a: Rabsca\n|-damage|p2a: Rabsca|0 fnt\n|-singlemove|p1a: Baxcalibur|Glaive Rush|[silent]\n|faint|p2a: Rabsca\n|\n|upkeep\n|inactive|Time left: 300 sec this turn | 300 sec total | 5 sec grace\n|\n|t:|1783544089\n|switch|p2a: Regieleki|Regieleki, L79|256/256\n|turn|26\n|inactive|Time left: 300 sec this turn | 300 sec total\n|\n|t:|1783544090\n|switch|p1a: Dedenne|Dedenne, L88, F|78/100\n|move|p2a: Regieleki|Thunderbolt|p1a: Dedenne\n|-resisted|p1a: Dedenne\n|-crit|p1a: Dedenne\n|-damage|p1a: Dedenne|31/100\n|\n|upkeep\n|turn|27\n|inactive|Time left: 300 sec this turn | 300 sec total\n|\n|t:|1783544091\n|move|p2a: Regieleki|Thunderbolt|p1a: Dedenne\n|-resisted|p1a: Dedenne\n|-damage|p1a: Dedenne|3/100\n|move|p1a: Dedenne|Super Fang|p2a: Regieleki\n|-damage|p2a: Regieleki|128/256\n|\n|upkeep\n|turn|28\n|inactive|Time left: 300 sec this turn | 300 sec total\n|\n|t:|1783544092\n|move|p2a: Regieleki|Rapid Spin|p1a: Dedenne\n|-damage|p1a: Dedenne|0 fnt\n|-boost|p2a: Regieleki|spe|1\n|faint|p1a: Dedenne\n|\n|upkeep\n|\n|t:|1783544092\n|switch|p1a: Brute Bonnet|Brute Bonnet, L80|92/100\n|turn|29\n|inactive|Time left: 300 sec this turn | 300 sec total\n|\n|t:|1783544093\n|move|p1a: Brute Bonnet|Sucker Punch|p2a: Regieleki\n|-damage|p2a: Regieleki|0 fnt\n|faint|p2a: Regieleki\n|\n|-heal|p1a: Brute Bonnet|99/100|[from] item: Leftovers\n|upkeep\n|inactive|Time left: 300 sec this turn | 300 sec total | 5 sec grace\n|\n|t:|1783544094\n|switch|p2a: Malamar|Malamar, L82, F|184/275\n|turn|30\n|inactive|Time left: 300 sec this turn | 300 sec total\n|\n|t:|1783544095\n|move|p2a: Malamar|Superpower|p1a: Brute Bonnet\n|-supereffective|p1a: Brute Bonnet\n|-damage|p1a: Brute Bonnet|50/100\n|-boost|p2a: Malamar|atk|1\n|-boost|p2a: Malamar|def|1\n|move|p1a: Brute Bonnet|Spore|p2a: Malamar\n|-status|p2a: Malamar|slp|[from] move: Spore\n|-enditem|p2a: Malamar|Chesto Berry|[eat]\n|-curestatus|p2a: Malamar|slp|[msg]\n|\n|-heal|p1a: Brute Bonnet|56/100|[from] item: Leftovers\n|upkeep\n|turn|31\n|inactive|Time left: 300 sec this turn | 300 sec total\n|\n|t:|1783544096\n|move|p1a: Brute Bonnet|Sucker Punch|p2a: Malamar\n|-damage|p2a: Malamar|126/275\n|move|p2a: Malamar|Superpower|p1a: Brute Bonnet\n|-supereffective|p1a: Brute Bonnet\n|-damage|p1a: Brute Bonnet|0 fnt\n|-boost|p2a: Malamar|atk|1\n|-boost|p2a: Malamar|def|1\n|faint|p1a: Brute Bonnet\n|-end|p1a: Brute Bonnet|Protosynthesis|[silent]\n|\n|upkeep\n|\n|t:|1783544097\n|switch|p1a: Baxcalibur|Baxcalibur, L75, M, tera:Dragon|1/100\n|turn|32\n|inactive|Time left: 300 sec this turn | 300 sec total\n|\n|t:|1783544098\n|move|p1a: Baxcalibur|Glaive Rush|p2a: Malamar\n|-damage|p2a: Malamar|0 fnt\n|-singlemove|p1a: Baxcalibur|Glaive Rush|[silent]\n|faint|p2a: Malamar\n|\n|win|p0x380f777", "uploadtime": 1783544098, "views": 0, "rating": 0, "private": 0, "password": null, "_winner": "p0x380f777", "_our_name": "p0y3809596"}