{"id": "battle-gen9randombattle-1580", "formatid": "gen9randombattle", "format": "[Gen 9] Random Battle", "players": ["p0x1580ac35", "p0y1580aea6"], "log": "|init|battle\n|title|p0x1580ac35 vs. p0y1580aea6\n|j|\u2606p0x1580ac35\n|j|\u2606p0y1580aea6\n|t:|1783557507\n|gametype|singles\n|player|p1|p0x1580ac35|265|\n|player|p2|p0y1580aea6|2|\n|gen|9\n|tier|[Gen 9] Random Battle\n|rule|Species Clause: Limit one of each Pok\u00e9mon\n|rule|HP Percentage Mod: HP is shown in percentages\n|rule|Sleep Clause Mod: Limit one foe put to sleep\n|rule|Illusion Level Mod: Illusion disguises the Pok\u00e9mon's true level\n|\n|t:|1783557507\n|teamsize|p1|6\n|teamsize|p2|6\n|start\n|switch|p1a: Iron Thorns|Iron Thorns, L83|302/302\n|switch|p2a: Cinderace|Cinderace, L77, M|100/100\n|-item|p1a: Iron Thorns|Air Balloon\n|turn|1\n|inactive|Battle timer is ON: inactive players will automatically lose when time's up. (requested by p0y1580aea6)\n|inactive|Time left: 300 sec this turn | 300 sec total | 60 sec grace\n|\n|t:|1783557509\n|move|p2a: Cinderace|Will-O-Wisp|p1a: Iron Thorns\n|-status|p1a: Iron Thorns|brn\n|move|p1a: Iron Thorns|Stone Edge|p2a: Cinderace|[miss]\n|-miss|p1a: Iron Thorns|p2a: Cinderace\n|\n|-damage|p1a: Iron Thorns|284/302 brn|[from] brn\n|upkeep\n|turn|2\n|inactive|Time left: 300 sec this turn | 300 sec total\n|inactive|p0x1580ac35 also wants the timer to be on.\n|\n|t:|1783557510\n|move|p2a: Cinderace|U-turn|p1a: Iron Thorns\n|-start|p2a: Cinderace|typechange|Bug|[from] ability: Libero\n|-damage|p1a: Iron Thorns|224/302 brn\n|-enditem|p1a: Iron Thorns|Air Balloon\n|\n|t:|1783557511\n|switch|p2a: Dudunsparce|Dudunsparce, L83, F|100/100|[from] U-turn\n|move|p1a: Iron Thorns|Stone Edge|p2a: Dudunsparce\n|-damage|p2a: Dudunsparce|78/100\n|\n|-heal|p2a: Dudunsparce|84/100|[from] item: Leftovers\n|-damage|p1a: Iron Thorns|206/302 brn|[from] brn\n|upkeep\n|turn|3\n|inactive|Time left: 300 sec this turn | 300 sec total\n|\n|t:|1783557512\n|move|p1a: Iron Thorns|Stealth Rock|p2a: Dudunsparce\n|-sidestart|p2: p0y1580aea6|move: Stealth Rock\n|move|p2a: Dudunsparce|Calm Mind|p2a: Dudunsparce\n|-boost|p2a: Dudunsparce|spa|1\n|-boost|p2a: Dudunsparce|spd|1\n|\n|-heal|p2a: Dudunsparce|91/100|[from] item: Leftovers\n|-damage|p1a: Iron Thorns|188/302 brn|[from] brn\n|upkeep\n|turn|4\n|inactive|Time left: 300 sec this turn | 300 sec total\n|\n|t:|1783557513\n|move|p1a: Iron Thorns|Earthquake|p2a: Dudunsparce\n|-crit|p2a: Dudunsparce\n|-damage|p2a: Dudunsparce|69/100\n|move|p2a: Dudunsparce|Calm Mind|p2a: Dudunsparce\n|-boost|p2a: Dudunsparce|spa|1\n|-boost|p2a: Dudunsparce|spd|1\n|\n|-heal|p2a: Dudunsparce|75/100|[from] item: Leftovers\n|-damage|p1a: Iron Thorns|170/302 brn|[from] brn\n|upkeep\n|turn|5\n|inactive|Time left: 300 sec this turn | 300 sec total\n|\n|t:|1783557514\n|move|p1a: Iron Thorns|Stone Edge|p2a: Dudunsparce\n|-damage|p2a: Dudunsparce|52/100\n|move|p2a: Dudunsparce|Boomburst|p1a: Iron Thorns\n|-resisted|p1a: Iron Thorns\n|-damage|p1a: Iron Thorns|32/302 brn\n|\n|-heal|p2a: Dudunsparce|59/100|[from] item: Leftovers\n|-damage|p1a: Iron Thorns|14/302 brn|[from] brn\n|upkeep\n|turn|6\n|inactive|Time left: 300 sec this turn | 300 sec total\n|\n|t:|1783557515\n|-end|p1a: Iron Thorns|Quark Drive|[silent]\n|switch|p1a: Arcanine|Arcanine, L84, M|288/288\n|-ability|p1a: Arcanine|Intimidate|boost\n|-unboost|p2a: Dudunsparce|atk|1\n|-ability|p2a: Dudunsparce|Rattled|boost\n|-boost|p2a: Dudunsparce|spe|1\n|move|p2a: Dudunsparce|Roost|p2a: Dudunsparce\n|-heal|p2a: Dudunsparce|100/100\n|-singleturn|p2a: Dudunsparce|move: Roost\n|\n|upkeep\n|turn|7\n|inactive|Time left: 300 sec this turn | 300 sec total\n|\n|t:|1783557516\n|switch|p1a: Calyrex|Calyrex-Shadow, L64|235/235\n|-ability|p1a: Calyrex|As One\n|-ability|p1a: Calyrex|Unnerve\n|move|p2a: Dudunsparce|Boomburst|p1a: Calyrex\n|-immune|p1a: Calyrex\n|\n|upkeep\n|turn|8\n|inactive|Time left: 300 sec this turn | 300 sec total\n|\n|t:|1783557518\n|move|p1a: Calyrex|Nasty Plot|p1a: Calyrex\n|-boost|p1a: Calyrex|spa|2\n|move|p2a: Dudunsparce|Earth Power|p1a: Calyrex\n|-damage|p1a: Calyrex|98/235\n|\n|upkeep\n|turn|9\n|inactive|Time left: 300 sec this turn | 300 sec total\n|\n|t:|1783557519\n|move|p1a: Calyrex|Psyshock|p2a: Dudunsparce\n|-damage|p2a: Dudunsparce|40/100\n|-damage|p1a: Calyrex|75/235|[from] item: Life Orb\n|move|p2a: Dudunsparce|Earth Power|p1a: Calyrex\n|-damage|p1a: Calyrex|0 fnt\n|faint|p1a: Calyrex\n|\n|-heal|p2a: Dudunsparce|46/100|[from] item: Leftovers\n|upkeep\n|inactive|Time left: 300 sec this turn | 300 sec total | 5 sec grace\n|\n|t:|1783557519\n|switch|p1a: Arcanine|Arcanine, L84, M|288/288\n|-ability|p1a: Arcanine|Intimidate|boost\n|-unboost|p2a: Dudunsparce|atk|1\n|-ability|p2a: Dudunsparce|Rattled|boost\n|-boost|p2a: Dudunsparce|spe|1\n|turn|10\n|inactive|Time left: 300 sec this turn | 300 sec total\n|\n|t:|1783557520\n|move|p2a: Dudunsparce|Boomburst|p1a: Arcanine\n|-damage|p1a: Arcanine|11/288\n|move|p1a: Arcanine|Close Combat|p2a: Dudunsparce\n|-supereffective|p2a: Dudunsparce\n|-damage|p2a: Dudunsparce|0 fnt\n|-unboost|p1a: Arcanine|def|1\n|-unboost|p1a: Arcanine|spd|1\n|faint|p2a: Dudunsparce\n|\n|upkeep\n|\n|t:|1783557521\n|switch|p2a: Thundurus|Thundurus-Therian, L80, M|100/100\n|turn|11\n|inactive|Time left: 300 sec this turn | 300 sec total\n|\n|t:|1783557522\n|move|p1a: Arcanine|Extreme Speed|p2a: Thundurus\n|-damage|p2a: Thundurus|69/100\n|move|p2a: Thundurus|Nasty Plot|p2a: Thundurus\n|-boost|p2a: Thundurus|spa|2\n|\n|upkeep\n|turn|12\n|inactive|Time left: 300 sec this turn | 300 sec total\n|\n|t:|1783557523\n|move|p2a: Thundurus|Tera Blast|p1a: Arcanine\n|-damage|p1a: Arcanine|0 fnt\n|faint|p1a: Arcanine\n|\n|upkeep\n|inactive|Time left: 300 sec this turn | 300 sec total | 5 sec grace\n|\n|t:|1783557524\n|switch|p1a: Farigiraf|Farigiraf, L90, M|362/362\n|turn|13\n|inactive|Time left: 300 sec this turn | 300 sec total\n|\n|t:|1783557526\n|move|p2a: Thundurus|Thunderbolt|p1a: Farigiraf\n|-crit|p1a: Farigiraf\n|-damage|p1a: Farigiraf|0 fnt\n|faint|p1a: Farigiraf\n|\n|upkeep\n|inactive|Time left: 300 sec this turn | 300 sec total | 5 sec grace\n|\n|t:|1783557527\n|switch|p1a: Minun|Minun, L95, F|268/268\n|turn|14\n|inactive|Time left: 300 sec this turn | 300 sec total\n|\n|t:|1783557528\n|move|p1a: Minun|Nasty Plot|p1a: Minun\n|-boost|p1a: Minun|spa|2\n|move|p2a: Thundurus|Tera Blast|p1a: Minun\n|-damage|p1a: Minun|136/268\n|\n|upkeep\n|turn|15\n|inactive|Time left: 300 sec this turn | 300 sec total\n|\n|t:|1783557529\n|-terastallize|p1a: Minun|Fairy\n|move|p1a: Minun|Alluring Voice|p2a: Thundurus\n|-damage|p2a: Thundurus|0 fnt\n|faint|p2a: Thundurus\n|-damage|p1a: Minun|110/268|[from] item: Life Orb\n|\n|upkeep\n|\n|t:|1783557530\n|switch|p2a: Iron Boulder|Iron Boulder, L77|100/100\n|-damage|p2a: Iron Boulder|88/100|[from] Stealth Rock\n|turn|16\n|inactive|Time left: 300 sec this turn | 300 sec total\n|\n|t:|1783557531\n|switch|p1a: Sandaconda|Sandaconda, L84, F|258/258\n|move|p2a: Iron Boulder|Mighty Cleave|p1a: Sandaconda\n|-resisted|p1a: Sandaconda\n|-crit|p1a: Sandaconda\n|-damage|p1a: Sandaconda|180/258\n|-damage|p2a: Iron Boulder|78/100|[from] item: Life Orb\n|\n|upkeep\n|turn|17\n|inactive|Time left: 300 sec this turn | 300 sec total\n|\n|t:|1783557532\n|-terastallize|p2a: Iron Boulder|Fighting\n|move|p2a: Iron Boulder|Swords Dance|p2a: Iron Boulder\n|-boost|p2a: Iron Boulder|atk|2\n|move|p1a: Sandaconda|Coil|p1a: Sandaconda\n|-boost|p1a: Sandaconda|atk|1\n|-boost|p1a: Sandaconda|def|1\n|-boost|p1a: Sandaconda|accuracy|1\n|\n|upkeep\n|turn|18\n|inactive|Time left: 300 sec this turn | 300 sec total\n|\n|t:|1783557533\n|move|p2a: Iron Boulder|Close Combat|p1a: Sandaconda\n|-damage|p1a: Sandaconda|24/258\n|-unboost|p2a: Iron Boulder|def|1\n|-unboost|p2a: Iron Boulder|spd|1\n|-damage|p2a: Iron Boulder|68/100|[from] item: Life Orb\n|move|p1a: Sandaconda|Scale Shot|p2a: Iron Boulder\n|-damage|p2a: Iron Boulder|48/100\n|-damage|p2a: Iron Boulder|28/100\n|-damage|p2a: Iron Boulder|11/100\n|-damage|p2a: Iron Boulder|0 fnt\n|faint|p2a: Iron Boulder\n|-end|p2a: Iron Boulder|Quark Drive|[silent]\n|-hitcount|p2: Iron Boulder|4\n|-unboost|p1a: Sandaconda|def|1\n|-boost|p1a: Sandaconda|spe|1\n|\n|upkeep\n|\n|t:|1783557534\n|switch|p2a: Mimikyu|Mimikyu, L79, M|100/100\n|-damage|p2a: Mimikyu|88/100|[from] Stealth Rock\n|turn|19\n|inactive|Time left: 300 sec this turn | 300 sec total\n|\n|t:|1783557535\n|move|p2a: Mimikyu|Shadow Sneak|p1a: Sandaconda\n|-damage|p1a: Sandaconda|0 fnt\n|faint|p1a: Sandaconda\n|-damage|p2a: Mimikyu|78/100|[from] item: Life Orb\n|\n|upkeep\n|inactive|Time left: 300 sec this turn | 300 sec total | 5 sec grace\n|\n|t:|1783557536\n|switch|p1a: Minun|Minun, L95, F, tera:Fairy|110/268\n|turn|20\n|inactive|Time left: 300 sec this turn | 300 sec total\n|\n|t:|1783557537\n|switch|p1a: Iron Thorns|Iron Thorns, L83|14/302 brn\n|move|p2a: Mimikyu|Play Rough|p1a: Iron Thorns\n|-damage|p1a: Iron Thorns|0 fnt\n|faint|p1a: Iron Thorns\n|-end|p1a: Iron Thorns|Quark Drive|[silent]\n|-damage|p2a: Mimikyu|69/100|[from] item: Life Orb\n|\n|upkeep\n|inactive|Time left: 300 sec this turn | 300 sec total | 5 sec grace\n|\n|t:|1783557538\n|switch|p1a: Minun|Minun, L95, F, tera:Fairy|110/268\n|turn|21\n|inactive|Time left: 300 sec this turn | 300 sec total\n|\n|t:|1783557539\n|move|p1a: Minun|Thunderbolt|p2a: Mimikyu\n|-activate|p2a: Mimikyu|ability: Disguise\n|-damage|p2a: Mimikyu|69/100\n|detailschange|p2a: Mimikyu|Mimikyu-Busted, L79, M\n|-damage|p2a: Mimikyu|56/100|[from] pokemon: Mimikyu-Busted\n|-damage|p1a: Minun|84/268|[from] item: Life Orb\n|move|p2a: Mimikyu|Shadow Claw|p1a: Minun\n|-damage|p1a: Minun|0 fnt\n|faint|p1a: Minun\n|-damage|p2a: Mimikyu|46/100|[from] item: Life Orb\n|\n|win|p0y1580aea6", "uploadtime": 1783557539, "views": 0, "rating": 0, "private": 0, "password": null, "_winner": "p0y1580aea6", "_our_name": "p0x1580ac35"}