{"id": "battle-gen9randombattle-1418", "formatid": "gen9randombattle", "format": "[Gen 9] Random Battle", "players": ["p0x1418d26e", "p0y1418af96"], "log": "|init|battle\n|title|p0x1418d26e vs. p0y1418af96\n|j|\u2606p0x1418d26e\n|j|\u2606p0y1418af96\n|t:|1783556511\n|gametype|singles\n|player|p1|p0x1418d26e|101|\n|player|p2|p0y1418af96|102|\n|gen|9\n|tier|[Gen 9] Random Battle\n|rule|Species Clause: Limit one of each Pok\u00e9mon\n|rule|HP Percentage Mod: HP is shown in percentages\n|rule|Sleep Clause Mod: Limit one foe put to sleep\n|rule|Illusion Level Mod: Illusion disguises the Pok\u00e9mon's true level\n|\n|t:|1783556511\n|teamsize|p1|6\n|teamsize|p2|6\n|start\n|switch|p1a: Electrode|Electrode-Hisui, L87|246/246\n|switch|p2a: Hoopa|Hoopa-Unbound, L80|100/100\n|turn|1\n|inactive|Battle timer is ON: inactive players will automatically lose when time's up. (requested by p0y1418af96)\n|inactive|Time left: 300 sec this turn | 300 sec total | 60 sec grace\n|\n|t:|1783556513\n|move|p1a: Electrode|Substitute|p1a: Electrode\n|-start|p1a: Electrode|Substitute\n|-damage|p1a: Electrode|185/246\n|move|p2a: Hoopa|Hyperspace Fury|p1a: Electrode\n|-damage|p1a: Electrode|0 fnt\n|-unboost|p2a: Hoopa|def|1\n|faint|p1a: Electrode\n|\n|upkeep\n|inactive|Time left: 300 sec this turn | 300 sec total | 65 sec grace\n|inactive|p0x1418d26e also wants the timer to be on.\n|\n|t:|1783556514\n|switch|p1a: Golem|Golem, L87, F|281/281\n|turn|2\n|inactive|Time left: 300 sec this turn | 300 sec total\n|\n|t:|1783556515\n|switch|p2a: Skarmory|Skarmory, L80, M|100/100\n|move|p1a: Golem|Earthquake|p2a: Skarmory\n|-immune|p2a: Skarmory\n|\n|upkeep\n|turn|3\n|inactive|Time left: 300 sec this turn | 300 sec total\n|\n|t:|1783556517\n|move|p2a: Skarmory|Stealth Rock|p1a: Golem\n|-sidestart|p1: p0x1418d26e|move: Stealth Rock\n|move|p1a: Golem|Stealth Rock|p2a: Skarmory\n|-sidestart|p2: p0y1418af96|move: Stealth Rock\n|\n|upkeep\n|turn|4\n|inactive|Time left: 300 sec this turn | 300 sec total\n|\n|t:|1783556517\n|move|p2a: Skarmory|Brave Bird|p1a: Golem\n|-resisted|p1a: Golem\n|-damage|p1a: Golem|244/281\n|-damage|p2a: Skarmory|95/100|[from] Recoil\n|move|p1a: Golem|Stone Edge|p2a: Skarmory\n|-damage|p2a: Skarmory|52/100\n|\n|upkeep\n|turn|5\n|inactive|Time left: 300 sec this turn | 300 sec total\n|\n|t:|1783556518\n|move|p2a: Skarmory|Roost|p2a: Skarmory\n|-heal|p2a: Skarmory|100/100\n|-singleturn|p2a: Skarmory|move: Roost\n|move|p1a: Golem|Stone Edge|p2a: Skarmory|[miss]\n|-miss|p1a: Golem|p2a: Skarmory\n|\n|upkeep\n|turn|6\n|inactive|Time left: 300 sec this turn | 300 sec total\n|\n|t:|1783556519\n|move|p2a: Skarmory|Brave Bird|p1a: Golem\n|-resisted|p1a: Golem\n|-damage|p1a: Golem|205/281\n|-damage|p2a: Skarmory|95/100|[from] Recoil\n|move|p1a: Golem|Stone Edge|p2a: Skarmory\n|-damage|p2a: Skarmory|55/100\n|\n|upkeep\n|turn|7\n|inactive|Time left: 300 sec this turn | 300 sec total\n|\n|t:|1783556520\n|move|p2a: Skarmory|Roost|p2a: Skarmory\n|-heal|p2a: Skarmory|100/100\n|-singleturn|p2a: Skarmory|move: Roost\n|move|p1a: Golem|Earthquake|p2a: Skarmory\n|-supereffective|p2a: Skarmory\n|-damage|p2a: Skarmory|24/100\n|\n|upkeep\n|turn|8\n|inactive|Time left: 300 sec this turn | 300 sec total\n|\n|t:|1783556521\n|move|p2a: Skarmory|Roost|p2a: Skarmory\n|-heal|p2a: Skarmory|74/100\n|-singleturn|p2a: Skarmory|move: Roost\n|move|p1a: Golem|Stone Edge|p2a: Skarmory\n|-resisted|p2a: Skarmory\n|-damage|p2a: Skarmory|52/100\n|\n|upkeep\n|turn|9\n|inactive|Time left: 300 sec this turn | 300 sec total\n|\n|t:|1783556522\n|move|p2a: Skarmory|Roost|p2a: Skarmory\n|-heal|p2a: Skarmory|100/100\n|-singleturn|p2a: Skarmory|move: Roost\n|move|p1a: Golem|Earthquake|p2a: Skarmory\n|-supereffective|p2a: Skarmory\n|-damage|p2a: Skarmory|20/100\n|\n|upkeep\n|turn|10\n|inactive|Time left: 300 sec this turn | 300 sec total\n|\n|t:|1783556523\n|move|p2a: Skarmory|Roost|p2a: Skarmory\n|-heal|p2a: Skarmory|71/100\n|-singleturn|p2a: Skarmory|move: Roost\n|move|p1a: Golem|Earthquake|p2a: Skarmory\n|-supereffective|p2a: Skarmory\n|-damage|p2a: Skarmory|0 fnt\n|faint|p2a: Skarmory\n|\n|upkeep\n|\n|t:|1783556524\n|switch|p2a: Grumpig|Grumpig, L92, F|100/100\n|-damage|p2a: Grumpig|88/100|[from] Stealth Rock\n|turn|11\n|inactive|Time left: 300 sec this turn | 300 sec total\n|\n|t:|1783556525\n|move|p2a: Grumpig|Earth Power|p1a: Golem\n|-supereffective|p1a: Golem\n|-damage|p1a: Golem|0 fnt\n|faint|p1a: Golem\n|\n|upkeep\n|inactive|Time left: 300 sec this turn | 300 sec total | 5 sec grace\n|\n|t:|1783556526\n|switch|p1a: Vivillon|Vivillon, L83, F|268/268\n|turn|12\n|inactive|Time left: 300 sec this turn | 300 sec total\n|\n|t:|1783556527\n|switch|p2a: Hoopa|Hoopa-Unbound, L80|100/100\n|-damage|p2a: Hoopa|88/100|[from] Stealth Rock\n|move|p1a: Vivillon|Quiver Dance|p1a: Vivillon\n|-boost|p1a: Vivillon|spa|1\n|-boost|p1a: Vivillon|spd|1\n|-boost|p1a: Vivillon|spe|1\n|\n|upkeep\n|turn|13\n|inactive|Time left: 300 sec this turn | 300 sec total\n|\n|t:|1783556528\n|move|p1a: Vivillon|Sleep Powder|p2a: Hoopa\n|-status|p2a: Hoopa|slp|[from] move: Sleep Powder\n|cant|p2a: Hoopa|slp\n|\n|upkeep\n|turn|14\n|inactive|Time left: 300 sec this turn | 300 sec total\n|\n|t:|1783556529\n|move|p1a: Vivillon|Hurricane|p2a: Hoopa\n|-damage|p2a: Hoopa|39/100 slp\n|cant|p2a: Hoopa|slp\n|\n|upkeep\n|turn|15\n|inactive|Time left: 300 sec this turn | 300 sec total\n|\n|t:|1783556530\n|move|p1a: Vivillon|Quiver Dance|p1a: Vivillon\n|-boost|p1a: Vivillon|spa|1\n|-boost|p1a: Vivillon|spd|1\n|-boost|p1a: Vivillon|spe|1\n|-curestatus|p2a: Hoopa|slp|[msg]\n|move|p2a: Hoopa|Hyperspace Fury|p1a: Vivillon\n|-damage|p1a: Vivillon|0 fnt\n|-unboost|p2a: Hoopa|def|1\n|faint|p1a: Vivillon\n|\n|upkeep\n|inactive|Time left: 300 sec this turn | 300 sec total | 5 sec grace\n|\n|t:|1783556531\n|switch|p1a: Pikachu|Pikachu-Unova, L93, F|216/216\n|-damage|p1a: Pikachu|189/216|[from] Stealth Rock\n|turn|16\n|inactive|Time left: 300 sec this turn | 300 sec total\n|\n|t:|1783556532\n|switch|p2a: Venusaur|Venusaur, L84, M|100/100\n|-damage|p2a: Venusaur|88/100|[from] Stealth Rock\n|move|p1a: Pikachu|Knock Off|p2a: Venusaur\n|-damage|p2a: Venusaur|44/100\n|-enditem|p2a: Venusaur|Leftovers|[from] move: Knock Off|[of] p1a: Pikachu\n|\n|upkeep\n|turn|17\n|inactive|Time left: 300 sec this turn | 300 sec total\n|\n|t:|1783556533\n|move|p1a: Pikachu|Volt Tackle|p2a: Venusaur\n|-resisted|p2a: Venusaur\n|-damage|p2a: Venusaur|5/100\n|-damage|p1a: Pikachu|154/216|[from] Recoil\n|move|p2a: Venusaur|Synthesis|p2a: Venusaur\n|-heal|p2a: Venusaur|55/100\n|\n|upkeep\n|turn|18\n|inactive|Time left: 300 sec this turn | 300 sec total\n|\n|t:|1783556534\n|switch|p1a: Dialga|Dialga-Origin, L73|266/266\n|-damage|p1a: Dialga|250/266|[from] Stealth Rock\n|-ability|p1a: Dialga|Pressure\n|move|p2a: Venusaur|Sludge Bomb|p1a: Dialga\n|-immune|p1a: Dialga\n|\n|upkeep\n|turn|19\n|inactive|Time left: 300 sec this turn | 300 sec total\n|\n|t:|1783556535\n|move|p2a: Venusaur|Synthesis|p2a: Venusaur\n|-heal|p2a: Venusaur|100/100\n|move|p1a: Dialga|Fire Blast|p2a: Venusaur\n|-supereffective|p2a: Venusaur\n|-damage|p2a: Venusaur|44/100\n|\n|upkeep\n|turn|20\n|inactive|Time left: 300 sec this turn | 300 sec total\n|\n|t:|1783556537\n|move|p2a: Venusaur|Synthesis|p2a: Venusaur\n|-heal|p2a: Venusaur|94/100\n|move|p1a: Dialga|Flash Cannon|p2a: Venusaur\n|-crit|p2a: Venusaur\n|-damage|p2a: Venusaur|37/100\n|\n|upkeep\n|turn|21\n|inactive|Time left: 300 sec this turn | 300 sec total\n|\n|t:|1783556538\n|move|p2a: Venusaur|Synthesis|p2a: Venusaur\n|-heal|p2a: Venusaur|87/100\n|move|p1a: Dialga|Fire Blast|p2a: Venusaur\n|-supereffective|p2a: Venusaur\n|-damage|p2a: Venusaur|27/100\n|\n|upkeep\n|turn|22\n|inactive|Time left: 300 sec this turn | 300 sec total\n|\n|t:|1783556539\n|move|p2a: Venusaur|Synthesis|p2a: Venusaur\n|-heal|p2a: Venusaur|77/100\n|move|p1a: Dialga|Flash Cannon|p2a: Venusaur\n|-damage|p2a: Venusaur|42/100\n|\n|upkeep\n|turn|23\n|inactive|Time left: 300 sec this turn | 300 sec total\n|\n|t:|1783556540\n|move|p2a: Venusaur|Synthesis|p2a: Venusaur\n|-heal|p2a: Venusaur|92/100\n|move|p1a: Dialga|Fire Blast|p2a: Venusaur\n|-supereffective|p2a: Venusaur\n|-damage|p2a: Venusaur|34/100\n|\n|upkeep\n|turn|24\n|inactive|Time left: 300 sec this turn | 300 sec total\n|\n|t:|1783556542\n|move|p2a: Venusaur|Synthesis|p2a: Venusaur\n|-heal|p2a: Venusaur|84/100\n|move|p1a: Dialga|Flash Cannon|p2a: Venusaur\n|-damage|p2a: Venusaur|47/100\n|\n|upkeep\n|turn|25\n|inactive|Time left: 300 sec this turn | 300 sec total\n|\n|t:|1783556543\n|move|p2a: Venusaur|Synthesis|p2a: Venusaur\n|-heal|p2a: Venusaur|97/100\n|move|p1a: Dialga|Flash Cannon|p2a: Venusaur\n|-damage|p2a: Venusaur|62/100\n|\n|upkeep\n|turn|26\n|inactive|Time left: 300 sec this turn | 300 sec total\n|\n|t:|1783556544\n|move|p2a: Venusaur|Earth Power|p1a: Dialga\n|-supereffective|p1a: Dialga\n|-damage|p1a: Dialga|124/266\n|move|p1a: Dialga|Fire Blast|p2a: Venusaur\n|-supereffective|p2a: Venusaur\n|-damage|p2a: Venusaur|3/100\n|\n|upkeep\n|turn|27\n|inactive|Time left: 300 sec this turn | 300 sec total\n|\n|t:|1783556546\n|move|p2a: Venusaur|Earth Power|p1a: Dialga\n|-supereffective|p1a: Dialga\n|-damage|p1a: Dialga|12/266\n|-unboost|p1a: Dialga|spd|1\n|move|p1a: Dialga|Flash Cannon|p2a: Venusaur\n|-damage|p2a: Venusaur|0 fnt\n|faint|p2a: Venusaur\n|\n|upkeep\n|\n|t:|1783556547\n|switch|p2a: Toxicroak|Toxicroak, L84, M|100/100\n|-damage|p2a: Toxicroak|94/100|[from] Stealth Rock\n|turn|28\n|inactive|Time left: 300 sec this turn | 300 sec total\n|\n|t:|1783556548\n|move|p2a: Toxicroak|Knock Off|p1a: Dialga\n|-damage|p1a: Dialga|0 fnt\n|faint|p1a: Dialga\n|\n|upkeep\n|inactive|Time left: 300 sec this turn | 300 sec total | 5 sec grace\n|\n|t:|1783556549\n|switch|p1a: Greedent|Greedent, L86, F|347/347\n|-damage|p1a: Greedent|304/347|[from] Stealth Rock\n|turn|29\n|inactive|Time left: 300 sec this turn | 300 sec total\n|\n|t:|1783556550\n|move|p2a: Toxicroak|Knock Off|p1a: Greedent\n|-damage|p1a: Greedent|201/347\n|-enditem|p1a: Greedent|Sitrus Berry|[from] move: Knock Off|[of] p2a: Toxicroak\n|move|p1a: Greedent|Swords Dance|p1a: Greedent\n|-boost|p1a: Greedent|atk|2\n|\n|upkeep\n|turn|30\n|inactive|Time left: 300 sec this turn | 300 sec total\n|\n|t:|1783556551\n|switch|p2a: Hoopa|Hoopa-Unbound, L80|39/100\n|-damage|p2a: Hoopa|27/100|[from] Stealth Rock\n|move|p1a: Greedent|Knock Off|p2a: Hoopa\n|-damage|p2a: Hoopa|0 fnt\n|-enditem|p2a: Hoopa|Choice Band|[from] move: Knock Off|[of] p1a: Greedent\n|faint|p2a: Hoopa\n|\n|upkeep\n|\n|t:|1783556552\n|switch|p2a: Staraptor|Staraptor, L79, F|100/100\n|-damage|p2a: Staraptor|76/100|[from] Stealth Rock\n|turn|31\n|inactive|Time left: 300 sec this turn | 300 sec total\n|\n|t:|1783556552\n|move|p2a: Staraptor|Brave Bird|p1a: Greedent\n|-damage|p1a: Greedent|0 fnt\n|faint|p1a: Greedent\n|-damage|p2a: Staraptor|51/100|[from] Recoil\n|\n|upkeep\n|inactive|Time left: 300 sec this turn | 300 sec total | 5 sec grace\n|\n|t:|1783556553\n|switch|p1a: Pikachu|Pikachu-Unova, L93, F|154/216\n|-damage|p1a: Pikachu|127/216|[from] Stealth Rock\n|turn|32\n|inactive|Time left: 300 sec this turn | 300 sec total\n|\n|t:|1783556554\n|switch|p2a: Toxicroak|Toxicroak, L84, M|94/100\n|-damage|p2a: Toxicroak|88/100|[from] Stealth Rock\n|move|p1a: Pikachu|Knock Off|p2a: Toxicroak\n|-resisted|p2a: Toxicroak\n|-damage|p2a: Toxicroak|62/100\n|-enditem|p2a: Toxicroak|Choice Band|[from] move: Knock Off|[of] p1a: Pikachu\n|\n|upkeep\n|turn|33\n|inactive|Time left: 300 sec this turn | 300 sec total\n|\n|t:|1783556555\n|move|p1a: Pikachu|Volt Tackle|p2a: Toxicroak\n|-damage|p2a: Toxicroak|0 fnt\n|faint|p2a: Toxicroak\n|-damage|p1a: Pikachu|71/216|[from] Recoil\n|\n|upkeep\n|\n|t:|1783556556\n|switch|p2a: Staraptor|Staraptor, L79, F|51/100\n|-damage|p2a: Staraptor|26/100|[from] Stealth Rock\n|turn|34\n|inactive|Time left: 300 sec this turn | 300 sec total\n|\n|t:|1783556557\n|-terastallize|p1a: Pikachu|Water\n|move|p2a: Staraptor|Quick Attack|p1a: Pikachu\n|-damage|p1a: Pikachu|0 fnt\n|faint|p1a: Pikachu\n|\n|win|p0y1418af96", "uploadtime": 1783556557, "views": 0, "rating": 0, "private": 0, "password": null, "_winner": "p0y1418af96", "_our_name": "p0x1418d26e"}