{"id": "battle-gen9randombattle-1526", "formatid": "gen9randombattle", "format": "[Gen 9] Random Battle", "players": ["p0x15262bf2", "p0y15268c5b"], "log": "|init|battle\n|title|p0x15262bf2 vs. p0y15268c5b\n|j|\u2606p0x15262bf2\n|j|\u2606p0y15268c5b\n|t:|1783557756\n|gametype|singles\n|player|p1|p0x15262bf2|265|\n|player|p2|p0y15268c5b|2|\n|gen|9\n|tier|[Gen 9] Random Battle\n|rule|Species Clause: Limit one of each Pok\u00e9mon\n|rule|HP Percentage Mod: HP is shown in percentages\n|rule|Sleep Clause Mod: Limit one foe put to sleep\n|rule|Illusion Level Mod: Illusion disguises the Pok\u00e9mon's true level\n|\n|t:|1783557756\n|teamsize|p1|6\n|teamsize|p2|6\n|start\n|switch|p1a: Hitmonchan|Hitmonchan, L87, M|229/229\n|switch|p2a: Rillaboom|Rillaboom, L79, M|100/100\n|-fieldstart|move: Grassy Terrain|[from] ability: Grassy Surge|[of] p2a: Rillaboom\n|turn|1\n|inactive|Battle timer is ON: inactive players will automatically lose when time's up. (requested by p0x15262bf2)\n|inactive|p0y15268c5b also wants the timer to be on.\n|\n|t:|1783557757\n|move|p1a: Hitmonchan|Bulk Up|p1a: Hitmonchan\n|-boost|p1a: Hitmonchan|atk|1\n|-boost|p1a: Hitmonchan|def|1\n|move|p2a: Rillaboom|Wood Hammer|p1a: Hitmonchan\n|-damage|p1a: Hitmonchan|40/229\n|-damage|p2a: Rillaboom|79/100|[from] Recoil\n|\n|-heal|p1a: Hitmonchan|54/229|[from] Grassy Terrain\n|-heal|p1a: Hitmonchan|68/229|[from] item: Leftovers\n|-heal|p2a: Rillaboom|85/100|[from] Grassy Terrain\n|upkeep\n|turn|2\n|inactive|Time left: 300 sec this turn | 300 sec total\n|\n|t:|1783557758\n|-terastallize|p1a: Hitmonchan|Steel\n|move|p1a: Hitmonchan|Drain Punch|p2a: Rillaboom\n|-damage|p2a: Rillaboom|26/100\n|-heal|p1a: Hitmonchan|154/229|[from] drain|[of] p2a: Rillaboom\n|move|p2a: Rillaboom|Wood Hammer|p1a: Hitmonchan\n|-resisted|p1a: Hitmonchan\n|-damage|p1a: Hitmonchan|61/229\n|-damage|p2a: Rillaboom|15/100|[from] Recoil\n|\n|-heal|p1a: Hitmonchan|75/229|[from] Grassy Terrain\n|-heal|p1a: Hitmonchan|89/229|[from] item: Leftovers\n|-heal|p2a: Rillaboom|21/100|[from] Grassy Terrain\n|upkeep\n|turn|3\n|inactive|Time left: 300 sec this turn | 300 sec total\n|\n|t:|1783557760\n|switch|p2a: Spiritomb|Spiritomb, L89, F|100/100\n|move|p1a: Hitmonchan|Drain Punch|p2a: Spiritomb\n|-immune|p2a: Spiritomb\n|\n|-heal|p1a: Hitmonchan|103/229|[from] Grassy Terrain\n|-heal|p1a: Hitmonchan|117/229|[from] item: Leftovers\n|upkeep\n|turn|4\n|inactive|Time left: 300 sec this turn | 300 sec total\n|\n|t:|1783557761\n|move|p1a: Hitmonchan|Knock Off|p2a: Spiritomb\n|-damage|p2a: Spiritomb|63/100\n|-enditem|p2a: Spiritomb|Choice Band|[from] move: Knock Off|[of] p1a: Hitmonchan\n|move|p2a: Spiritomb|Foul Play|p1a: Hitmonchan\n|-damage|p1a: Hitmonchan|0 fnt\n|faint|p1a: Hitmonchan\n|\n|-heal|p2a: Spiritomb|69/100|[from] Grassy Terrain\n|upkeep\n|inactive|Time left: 300 sec this turn | 300 sec total | 5 sec grace\n|\n|t:|1783557762\n|switch|p1a: Zekrom|Zekrom, L71|259/259\n|-ability|p1a: Zekrom|Teravolt\n|turn|5\n|inactive|Time left: 300 sec this turn | 300 sec total\n|\n|t:|1783557763\n|switch|p2a: Crabominable|Crabominable, L90, M|100/100\n|move|p1a: Zekrom|Outrage|p2a: Crabominable\n|-damage|p2a: Crabominable|59/100\n|\n|-heal|p2a: Crabominable|66/100|[from] Grassy Terrain\n|-fieldend|move: Grassy Terrain\n|upkeep\n|turn|6\n|inactive|Time left: 300 sec this turn | 300 sec total\n|\n|t:|1783557764\n|move|p1a: Zekrom|Outrage|p2a: Crabominable|[from] lockedmove\n|-damage|p2a: Crabominable|20/100\n|move|p2a: Crabominable|Earthquake|p1a: Zekrom\n|-supereffective|p1a: Zekrom\n|-damage|p1a: Zekrom|0 fnt\n|faint|p1a: Zekrom\n|\n|upkeep\n|inactive|Time left: 300 sec this turn | 300 sec total | 5 sec grace\n|\n|t:|1783557765\n|switch|p1a: Iron Crown|Iron Crown, L78|268/268\n|turn|7\n|inactive|Time left: 300 sec this turn | 300 sec total\n|\n|t:|1783557766\n|switch|p2a: Mew|Mew, L82|100/100\n|move|p1a: Iron Crown|Tachyon Cutter|p2a: Mew\n|-damage|p2a: Mew|83/100\n|-damage|p2a: Mew|66/100\n|-hitcount|p2a: Mew|2\n|\n|-heal|p2a: Mew|72/100|[from] item: Leftovers\n|upkeep\n|turn|8\n|inactive|Time left: 300 sec this turn | 300 sec total\n|\n|t:|1783557767\n|move|p2a: Mew|Knock Off|p1a: Iron Crown\n|-supereffective|p1a: Iron Crown\n|-damage|p1a: Iron Crown|146/268\n|-enditem|p1a: Iron Crown|Leftovers|[from] move: Knock Off|[of] p2a: Mew\n|move|p1a: Iron Crown|Calm Mind|p1a: Iron Crown\n|-boost|p1a: Iron Crown|spa|1\n|-boost|p1a: Iron Crown|spd|1\n|\n|-heal|p2a: Mew|78/100|[from] item: Leftovers\n|upkeep\n|turn|9\n|inactive|Time left: 300 sec this turn | 300 sec total\n|\n|t:|1783557769\n|move|p2a: Mew|Knock Off|p1a: Iron Crown\n|-supereffective|p1a: Iron Crown\n|-damage|p1a: Iron Crown|50/268\n|move|p1a: Iron Crown|Tachyon Cutter|p2a: Mew\n|-damage|p2a: Mew|50/100\n|-damage|p2a: Mew|25/100\n|-hitcount|p2a: Mew|2\n|\n|-heal|p2a: Mew|31/100|[from] item: Leftovers\n|upkeep\n|turn|10\n|inactive|Time left: 300 sec this turn | 300 sec total\n|\n|t:|1783557771\n|move|p2a: Mew|Knock Off|p1a: Iron Crown\n|-supereffective|p1a: Iron Crown\n|-crit|p1a: Iron Crown\n|-damage|p1a: Iron Crown|0 fnt\n|faint|p1a: Iron Crown\n|-end|p1a: Iron Crown|Quark Drive|[silent]\n|\n|-heal|p2a: Mew|37/100|[from] item: Leftovers\n|upkeep\n|inactive|Time left: 300 sec this turn | 300 sec total | 5 sec grace\n|\n|t:|1783557772\n|switch|p1a: Serperior|Serperior, L79, F|248/248\n|turn|11\n|inactive|Time left: 300 sec this turn | 300 sec total\n|\n|t:|1783557773\n|switch|p2a: Dragalge|Dragalge, L88, M|100/100\n|move|p1a: Serperior|Leaf Storm|p2a: Dragalge\n|-resisted|p2a: Dragalge\n|-damage|p2a: Dragalge|91/100\n|-boost|p1a: Serperior|spa|2\n|-damage|p1a: Serperior|224/248|[from] item: Life Orb\n|\n|-heal|p2a: Dragalge|97/100|[from] item: Leftovers\n|upkeep\n|turn|12\n|inactive|Time left: 300 sec this turn | 300 sec total\n|\n|t:|1783557774\n|move|p1a: Serperior|Glare|p2a: Dragalge\n|-status|p2a: Dragalge|par\n|move|p2a: Dragalge|Sludge Wave|p1a: Serperior\n|-supereffective|p1a: Serperior\n|-damage|p1a: Serperior|0 fnt\n|faint|p1a: Serperior\n|\n|-heal|p2a: Dragalge|100/100 par|[from] item: Leftovers\n|upkeep\n|inactive|Time left: 300 sec this turn | 300 sec total | 5 sec grace\n|\n|t:|1783557775\n|switch|p1a: Rhyperior|Rhyperior, L82, M|323/323\n|turn|13\n|inactive|Time left: 300 sec this turn | 300 sec total\n|\n|t:|1783557776\n|switch|p2a: Rillaboom|Rillaboom, L79, M|21/100\n|-fieldstart|move: Grassy Terrain|[from] ability: Grassy Surge|[of] p2a: Rillaboom\n|move|p1a: Rhyperior|Earthquake|p2a: Rillaboom\n|-resisted|p2a: Rillaboom\n|-damage|p2a: Rillaboom|5/100\n|\n|-heal|p2a: Rillaboom|11/100|[from] Grassy Terrain\n|upkeep\n|turn|14\n|inactive|Time left: 300 sec this turn | 300 sec total\n|\n|t:|1783557777\n|switch|p1a: Passimian|Passimian, L83, F|302/302\n|move|p2a: Rillaboom|Wood Hammer|p1a: Passimian\n|-damage|p1a: Passimian|23/302\n|-damage|p2a: Rillaboom|0 fnt|[from] Recoil\n|faint|p2a: Rillaboom\n|\n|-heal|p1a: Passimian|41/302|[from] Grassy Terrain\n|upkeep\n|\n|t:|1783557778\n|switch|p2a: Mew|Mew, L82|37/100\n|turn|15\n|inactive|Time left: 300 sec this turn | 300 sec total\n|\n|t:|1783557779\n|move|p2a: Mew|Psychic|p1a: Passimian\n|-supereffective|p1a: Passimian\n|-damage|p1a: Passimian|0 fnt\n|faint|p1a: Passimian\n|\n|-heal|p2a: Mew|43/100|[from] Grassy Terrain\n|-heal|p2a: Mew|49/100|[from] item: Leftovers\n|upkeep\n|inactive|Time left: 300 sec this turn | 300 sec total | 5 sec grace\n|\n|t:|1783557780\n|switch|p1a: Rhyperior|Rhyperior, L82, M|323/323\n|turn|16\n|inactive|Time left: 300 sec this turn | 300 sec total\n|\n|t:|1783557781\n|move|p2a: Mew|Will-O-Wisp|p1a: Rhyperior\n|-status|p1a: Rhyperior|brn\n|move|p1a: Rhyperior|Earthquake|p2a: Mew\n|-damage|p2a: Mew|33/100\n|\n|-heal|p2a: Mew|39/100|[from] Grassy Terrain\n|-heal|p2a: Mew|45/100|[from] item: Leftovers\n|-damage|p1a: Rhyperior|303/323 brn|[from] brn\n|upkeep\n|turn|17\n|inactive|Time left: 300 sec this turn | 300 sec total\n|\n|t:|1783557782\n|switch|p2a: Crabominable|Crabominable, L90, M|20/100\n|move|p1a: Rhyperior|Earthquake|p2a: Crabominable\n|-damage|p2a: Crabominable|3/100\n|\n|-heal|p2a: Crabominable|9/100|[from] Grassy Terrain\n|-heal|p1a: Rhyperior|323/323 brn|[from] Grassy Terrain\n|-damage|p1a: Rhyperior|303/323 brn|[from] brn\n|-fieldend|move: Grassy Terrain\n|upkeep\n|turn|18\n|inactive|Time left: 300 sec this turn | 300 sec total\n|\n|t:|1783557783\n|-terastallize|p2a: Crabominable|Fighting\n|move|p2a: Crabominable|Drain Punch|p1a: Rhyperior\n|-supereffective|p1a: Rhyperior\n|-damage|p1a: Rhyperior|0 fnt\n|-heal|p2a: Crabominable|57/100|[from] drain|[of] p1a: Rhyperior\n|faint|p1a: Rhyperior\n|\n|win|p0y15268c5b", "uploadtime": 1783557783, "views": 0, "rating": 0, "private": 0, "password": null, "_winner": "p0y15268c5b", "_our_name": "p0x15262bf2"}