{"id": "battle-gen9randombattle-1333", "formatid": "gen9randombattle", "format": "[Gen 9] Random Battle", "players": ["p0x1333878d", "p0y13338db4"], "log": "|init|battle\n|title|p0x1333878d vs. p0y13338db4\n|j|\u2606p0x1333878d\n|j|\u2606p0y13338db4\n|t:|1783555481\n|gametype|singles\n|player|p1|p0x1333878d|1|\n|player|p2|p0y13338db4|102|\n|gen|9\n|tier|[Gen 9] Random Battle\n|rule|Species Clause: Limit one of each Pok\u00e9mon\n|rule|HP Percentage Mod: HP is shown in percentages\n|rule|Sleep Clause Mod: Limit one foe put to sleep\n|rule|Illusion Level Mod: Illusion disguises the Pok\u00e9mon's true level\n|\n|t:|1783555481\n|teamsize|p1|6\n|teamsize|p2|6\n|start\n|switch|p1a: Bellibolt|Bellibolt, L84, F|100/100\n|switch|p2a: Rotom|Rotom-Fan, L86|226/226\n|turn|1\n|inactive|Battle timer is ON: inactive players will automatically lose when time's up. (requested by p0y13338db4)\n|inactive|p0x1333878d also wants the timer to be on.\n|\n|t:|1783555483\n|move|p2a: Rotom|Nasty Plot|p2a: Rotom\n|-boost|p2a: Rotom|spa|2\n|move|p1a: Bellibolt|Thunderbolt|p2a: Rotom\n|-damage|p2a: Rotom|150/226\n|\n|upkeep\n|turn|2\n|inactive|Time left: 300 sec this turn | 300 sec total\n|\n|t:|1783555484\n|move|p2a: Rotom|Air Slash|p1a: Bellibolt\n|-resisted|p1a: Bellibolt\n|-damage|p1a: Bellibolt|70/100\n|-start|p1a: Bellibolt|Charge|Air Slash|[from] ability: Electromorphosis\n|move|p1a: Bellibolt|Thunderbolt|p2a: Rotom\n|-damage|p2a: Rotom|0 fnt\n|faint|p2a: Rotom\n|-end|p1a: Bellibolt|Charge|[silent]\n|\n|-heal|p1a: Bellibolt|76/100|[from] item: Leftovers\n|upkeep\n|inactive|Time left: 300 sec this turn | 300 sec total | 5 sec grace\n|\n|t:|1783555485\n|switch|p2a: Terrakion|Terrakion, L79|273/273\n|turn|3\n|inactive|Time left: 300 sec this turn | 300 sec total\n|\n|t:|1783555486\n|-terastallize|p2a: Terrakion|Fighting\n|move|p2a: Terrakion|Close Combat|p1a: Bellibolt\n|-damage|p1a: Bellibolt|0 fnt\n|-unboost|p2a: Terrakion|def|1\n|-unboost|p2a: Terrakion|spd|1\n|faint|p1a: Bellibolt\n|\n|upkeep\n|\n|t:|1783555487\n|switch|p1a: Polteageist|Polteageist-Antique, L78|100/100\n|turn|4\n|inactive|Time left: 300 sec this turn | 300 sec total\n|\n|t:|1783555488\n|switch|p2a: Samurott|Samurott-Hisui, L77, M|265/265\n|move|p1a: Polteageist|Shell Smash|p1a: Polteageist\n|-unboost|p1a: Polteageist|def|1\n|-unboost|p1a: Polteageist|spd|1\n|-boost|p1a: Polteageist|atk|2\n|-boost|p1a: Polteageist|spa|2\n|-boost|p1a: Polteageist|spe|2\n|-enditem|p1a: Polteageist|White Herb\n|-clearnegativeboost|p1a: Polteageist|[silent]\n|\n|upkeep\n|turn|5\n|inactive|Time left: 300 sec this turn | 300 sec total\n|\n|t:|1783555490\n|move|p1a: Polteageist|Strength Sap|p2a: Samurott\n|-unboost|p2a: Samurott|atk|1\n|move|p2a: Samurott|Ceaseless Edge|p1a: Polteageist\n|-supereffective|p1a: Polteageist\n|-damage|p1a: Polteageist|2/100\n|-sidestart|p1: p0x1333878d|Spikes\n|-damage|p2a: Samurott|239/265|[from] item: Life Orb\n|\n|upkeep\n|turn|6\n|inactive|Time left: 300 sec this turn | 300 sec total\n|\n|t:|1783555491\n|move|p1a: Polteageist|Strength Sap|p2a: Samurott\n|-unboost|p2a: Samurott|atk|1\n|-heal|p1a: Polteageist|65/100\n|move|p2a: Samurott|Ceaseless Edge|p1a: Polteageist\n|-supereffective|p1a: Polteageist\n|-damage|p1a: Polteageist|0 fnt\n|-start|p2a: Samurott|Disable|Ceaseless Edge|[from] ability: Cursed Body|[of] p1a: Polteageist\n|-sidestart|p1: p0x1333878d|Spikes\n|faint|p1a: Polteageist\n|-damage|p2a: Samurott|213/265|[from] item: Life Orb\n|\n|upkeep\n|\n|t:|1783555492\n|switch|p1a: Malamar|Malamar, L82, M|100/100\n|-damage|p1a: Malamar|84/100|[from] Spikes\n|turn|7\n|inactive|Time left: 300 sec this turn | 300 sec total\n|\n|t:|1783555493\n|switch|p2a: Mesprit|Mesprit, L85|275/275\n|move|p1a: Malamar|Superpower|p2a: Mesprit\n|-resisted|p2a: Mesprit\n|-damage|p2a: Mesprit|242/275\n|-boost|p1a: Malamar|atk|1\n|-boost|p1a: Malamar|def|1\n|\n|-heal|p2a: Mesprit|259/275|[from] item: Leftovers\n|upkeep\n|turn|8\n|inactive|Time left: 300 sec this turn | 300 sec total\n|\n|t:|1783555494\n|move|p2a: Mesprit|U-turn|p1a: Malamar\n|-supereffective|p1a: Malamar\n|-damage|p1a: Malamar|33/100\n|inactive|Time left: 300 sec this turn | 300 sec total | 5 sec grace\n|\n|t:|1783555495\n|switch|p2a: Terrakion|Terrakion, L79, tera:Fighting|273/273|[from] U-turn\n|move|p1a: Malamar|Superpower|p2a: Terrakion\n|-damage|p2a: Terrakion|145/273\n|-boost|p1a: Malamar|atk|1\n|-boost|p1a: Malamar|def|1\n|\n|upkeep\n|turn|9\n|inactive|Time left: 300 sec this turn | 300 sec total\n|\n|t:|1783555496\n|switch|p1a: Skeledirge|Skeledirge, L79, F|100/100\n|move|p2a: Terrakion|Close Combat|p1a: Skeledirge\n|-immune|p1a: Skeledirge\n|\n|upkeep\n|turn|10\n|inactive|Time left: 300 sec this turn | 300 sec total\n|\n|t:|1783555497\n|switch|p2a: Samurott|Samurott-Hisui, L77, M|213/265\n|move|p1a: Skeledirge|Torch Song|p2a: Samurott\n|-resisted|p2a: Samurott\n|-damage|p2a: Samurott|156/265\n|-boost|p1a: Skeledirge|spa|1\n|\n|upkeep\n|turn|11\n|inactive|Time left: 300 sec this turn | 300 sec total\n|\n|t:|1783555498\n|-terastallize|p1a: Skeledirge|Fairy\n|move|p2a: Samurott|Razor Shell|p1a: Skeledirge\n|-damage|p1a: Skeledirge|55/100\n|-unboost|p1a: Skeledirge|def|1\n|-damage|p2a: Samurott|130/265|[from] item: Life Orb\n|move|p1a: Skeledirge|Torch Song|p2a: Samurott\n|-resisted|p2a: Samurott\n|-damage|p2a: Samurott|51/265\n|-boost|p1a: Skeledirge|spa|1\n|\n|upkeep\n|turn|12\n|inactive|Time left: 300 sec this turn | 300 sec total\n|\n|t:|1783555499\n|switch|p1a: Malamar|Malamar, L82, M|33/100\n|-damage|p1a: Malamar|17/100|[from] Spikes\n|move|p2a: Samurott|Razor Shell|p1a: Malamar\n|-damage|p1a: Malamar|0 fnt\n|faint|p1a: Malamar\n|-damage|p2a: Samurott|25/265|[from] item: Life Orb\n|\n|upkeep\n|\n|t:|1783555500\n|switch|p1a: Skeledirge|Skeledirge, L79, F, tera:Fairy|55/100\n|turn|13\n|inactive|Time left: 300 sec this turn | 300 sec total\n|\n|t:|1783555502\n|move|p2a: Samurott|Razor Shell|p1a: Skeledirge\n|-damage|p1a: Skeledirge|8/100\n|-damage|p2a: Samurott|0 fnt|[from] item: Life Orb\n|faint|p2a: Samurott\n|move|p1a: Skeledirge|Slack Off|p1a: Skeledirge\n|-heal|p1a: Skeledirge|58/100\n|\n|upkeep\n|inactive|Time left: 300 sec this turn | 300 sec total | 5 sec grace\n|\n|t:|1783555502\n|switch|p2a: Hoopa|Hoopa-Unbound, L80|259/259\n|turn|14\n|inactive|Time left: 300 sec this turn | 300 sec total\n|\n|t:|1783555504\n|switch|p1a: Klefki|Klefki, L84, M|100/100\n|-damage|p1a: Klefki|84/100|[from] Spikes\n|move|p2a: Hoopa|Gunk Shot|p1a: Klefki\n|-immune|p1a: Klefki\n|\n|-heal|p1a: Klefki|90/100|[from] item: Leftovers\n|upkeep\n|turn|15\n|inactive|Time left: 300 sec this turn | 300 sec total\n|\n|t:|1783555505\n|switch|p2a: Orthworm|Orthworm, L88, M|266/266\n|move|p1a: Klefki|Play Rough|p2a: Orthworm\n|-resisted|p2a: Orthworm\n|-crit|p2a: Orthworm\n|-damage|p2a: Orthworm|225/266\n|\n|-heal|p1a: Klefki|96/100|[from] item: Leftovers\n|upkeep\n|turn|16\n|inactive|Time left: 300 sec this turn | 300 sec total\n|\n|t:|1783555506\n|move|p1a: Klefki|Thunder Wave|p2a: Orthworm\n|-status|p2a: Orthworm|par\n|move|p2a: Orthworm|Coil|p2a: Orthworm\n|-boost|p2a: Orthworm|atk|1\n|-boost|p2a: Orthworm|def|1\n|-boost|p2a: Orthworm|accuracy|1\n|\n|-heal|p1a: Klefki|100/100|[from] item: Leftovers\n|upkeep\n|turn|17\n|inactive|Time left: 300 sec this turn | 300 sec total\n|\n|t:|1783555507\n|switch|p1a: Skeledirge|Skeledirge, L79, F, tera:Fairy|58/100\n|cant|p2a: Orthworm|par\n|\n|upkeep\n|turn|18\n|inactive|Time left: 300 sec this turn | 300 sec total\n|\n|t:|1783555508\n|move|p1a: Skeledirge|Torch Song|p2a: Orthworm\n|-supereffective|p2a: Orthworm\n|-damage|p2a: Orthworm|21/266 par\n|-boost|p1a: Skeledirge|spa|1\n|move|p2a: Orthworm|Rest|p2a: Orthworm\n|-status|p2a: Orthworm|slp|[from] move: Rest\n|-heal|p2a: Orthworm|266/266 slp|[silent]\n|-enditem|p2a: Orthworm|Chesto Berry|[eat]\n|-curestatus|p2a: Orthworm|slp|[msg]\n|\n|upkeep\n|turn|19\n|inactive|Time left: 300 sec this turn | 300 sec total\n|\n|t:|1783555509\n|move|p2a: Orthworm|Iron Tail|p1a: Skeledirge\n|-supereffective|p1a: Skeledirge\n|-damage|p1a: Skeledirge|0 fnt\n|faint|p1a: Skeledirge\n|\n|upkeep\n|\n|t:|1783555510\n|switch|p1a: Uxie|Uxie, L83|100/100\n|turn|20\n|inactive|Time left: 300 sec this turn | 300 sec total\n|\n|t:|1783555511\n|move|p1a: Uxie|Stealth Rock|p2a: Orthworm\n|-sidestart|p2: p0y13338db4|move: Stealth Rock\n|move|p2a: Orthworm|Coil|p2a: Orthworm\n|-boost|p2a: Orthworm|atk|1\n|-boost|p2a: Orthworm|def|1\n|-boost|p2a: Orthworm|accuracy|1\n|\n|upkeep\n|turn|21\n|inactive|Time left: 300 sec this turn | 300 sec total\n|\n|t:|1783555512\n|move|p1a: Uxie|Encore|p2a: Orthworm\n|-start|p2a: Orthworm|Encore\n|move|p2a: Orthworm|Coil|p2a: Orthworm\n|-boost|p2a: Orthworm|atk|1\n|-boost|p2a: Orthworm|def|1\n|-boost|p2a: Orthworm|accuracy|1\n|\n|upkeep\n|turn|22\n|inactive|Time left: 300 sec this turn | 300 sec total\n|\n|t:|1783555513\n|move|p1a: Uxie|Psychic Noise|p2a: Orthworm\n|-resisted|p2a: Orthworm\n|-damage|p2a: Orthworm|224/266\n|-start|p2a: Orthworm|move: Heal Block\n|move|p2a: Orthworm|Coil|p2a: Orthworm\n|-boost|p2a: Orthworm|atk|1\n|-boost|p2a: Orthworm|def|1\n|-boost|p2a: Orthworm|accuracy|1\n|\n|upkeep\n|turn|23\n|inactive|Time left: 300 sec this turn | 300 sec total\n|\n|t:|1783555514\n|move|p1a: Uxie|Psychic Noise|p2a: Orthworm\n|-resisted|p2a: Orthworm\n|-damage|p2a: Orthworm|182/266\n|move|p2a: Orthworm|Coil|p2a: Orthworm\n|-boost|p2a: Orthworm|atk|1\n|-boost|p2a: Orthworm|def|1\n|-boost|p2a: Orthworm|accuracy|1\n|\n|-end|p2a: Orthworm|Encore\n|-end|p2a: Orthworm|move: Heal Block\n|upkeep\n|turn|24\n|inactive|Time left: 300 sec this turn | 300 sec total\n|\n|t:|1783555515\n|move|p1a: Uxie|Encore|p2a: Orthworm\n|-start|p2a: Orthworm|Encore\n|move|p2a: Orthworm|Coil|p2a: Orthworm\n|-boost|p2a: Orthworm|atk|1\n|-boost|p2a: Orthworm|def|1\n|-boost|p2a: Orthworm|accuracy|1\n|\n|upkeep\n|turn|25\n|inactive|Time left: 300 sec this turn | 300 sec total\n|\n|t:|1783555516\n|switch|p2a: Mesprit|Mesprit, L85|259/275\n|-damage|p2a: Mesprit|225/275|[from] Stealth Rock\n|move|p1a: Uxie|Psychic Noise|p2a: Mesprit\n|-resisted|p2a: Mesprit\n|-damage|p2a: Mesprit|198/275\n|-start|p2a: Mesprit|move: Heal Block\n|\n|upkeep\n|turn|26\n|inactive|Time left: 300 sec this turn | 300 sec total\n|\n|t:|1783555517\n|move|p1a: Uxie|Thunder Wave|p2a: Mesprit\n|-status|p2a: Mesprit|par\n|cant|p2a: Mesprit|par\n|\n|-end|p2a: Mesprit|move: Heal Block\n|upkeep\n|turn|27\n|inactive|Time left: 300 sec this turn | 300 sec total\n|\n|t:|1783555518\n|switch|p1a: Klefki|Klefki, L84, M|100/100\n|-damage|p1a: Klefki|84/100|[from] Spikes\n|cant|p2a: Mesprit|par\n|\n|-heal|p1a: Klefki|90/100|[from] item: Leftovers\n|-heal|p2a: Mesprit|215/275 par|[from] item: Leftovers\n|upkeep\n|turn|28\n|inactive|Time left: 300 sec this turn | 300 sec total\n|\n|t:|1783555519\n|switch|p2a: Orthworm|Orthworm, L88, M|182/266\n|-damage|p2a: Orthworm|166/266|[from] Stealth Rock\n|move|p1a: Klefki|Play Rough|p2a: Orthworm\n|-resisted|p2a: Orthworm\n|-damage|p2a: Orthworm|141/266\n|\n|-heal|p1a: Klefki|96/100|[from] item: Leftovers\n|upkeep\n|turn|29\n|inactive|Time left: 300 sec this turn | 300 sec total\n|\n|t:|1783555520\n|move|p1a: Klefki|Thunder Wave|p2a: Orthworm\n|-status|p2a: Orthworm|par\n|cant|p2a: Orthworm|par\n|\n|-heal|p1a: Klefki|100/100|[from] item: Leftovers\n|upkeep\n|turn|30\n|inactive|Time left: 300 sec this turn | 300 sec total\n|\n|t:|1783555520\n|switch|p1a: Uxie|Uxie, L83|100/100\n|cant|p2a: Orthworm|par\n|\n|upkeep\n|turn|31\n|inactive|Time left: 300 sec this turn | 300 sec total\n|\n|t:|1783555521\n|move|p1a: Uxie|Psychic Noise|p2a: Orthworm\n|-resisted|p2a: Orthworm\n|-damage|p2a: Orthworm|94/266 par\n|-start|p2a: Orthworm|move: Heal Block\n|move|p2a: Orthworm|Coil|p2a: Orthworm\n|-boost|p2a: Orthworm|atk|1\n|-boost|p2a: Orthworm|def|1\n|-boost|p2a: Orthworm|accuracy|1\n|\n|upkeep\n|turn|32\n|inactive|Time left: 300 sec this turn | 300 sec total\n|\n|t:|1783555523\n|move|p1a: Uxie|Encore|p2a: Orthworm\n|-start|p2a: Orthworm|Encore\n|cant|p2a: Orthworm|par\n|\n|-end|p2a: Orthworm|move: Heal Block\n|upkeep\n|turn|33\n|inactive|Time left: 300 sec this turn | 300 sec total\n|\n|t:|1783555523\n|move|p1a: Uxie|Psychic Noise|p2a: Orthworm\n|-resisted|p2a: Orthworm\n|-crit|p2a: Orthworm\n|-damage|p2a: Orthworm|31/266 par\n|-start|p2a: Orthworm|move: Heal Block\n|cant|p2a: Orthworm|par\n|\n|upkeep\n|turn|34\n|inactive|Time left: 300 sec this turn | 300 sec total\n|\n|t:|1783555524\n|switch|p1a: Klefki|Klefki, L84, M|100/100\n|-damage|p1a: Klefki|84/100|[from] Spikes\n|switch|p2a: Mesprit|Mesprit, L85|215/275 par\n|-damage|p2a: Mesprit|181/275 par|[from] Stealth Rock\n|\n|-heal|p1a: Klefki|90/100|[from] item: Leftovers\n|-heal|p2a: Mesprit|198/275 par|[from] item: Leftovers\n|upkeep\n|turn|35\n|inactive|Time left: 300 sec this turn | 300 sec total\n|\n|t:|1783555525\n|switch|p2a: Orthworm|Orthworm, L88, M|31/266 par\n|-damage|p2a: Orthworm|15/266 par|[from] Stealth Rock\n|move|p1a: Klefki|Play Rough|p2a: Orthworm\n|-resisted|p2a: Orthworm\n|-damage|p2a: Orthworm|0 fnt\n|faint|p2a: Orthworm\n|\n|-heal|p1a: Klefki|96/100|[from] item: Leftovers\n|upkeep\n|inactive|Time left: 300 sec this turn | 300 sec total | 5 sec grace\n|\n|t:|1783555526\n|switch|p2a: Terrakion|Terrakion, L79, tera:Fighting|145/273\n|-damage|p2a: Terrakion|128/273|[from] Stealth Rock\n|turn|36\n|inactive|Time left: 300 sec this turn | 300 sec total\n|\n|t:|1783555527\n|switch|p1a: Uxie|Uxie, L83|100/100\n|move|p2a: Terrakion|Close Combat|p1a: Uxie\n|-resisted|p1a: Uxie\n|-damage|p1a: Uxie|59/100\n|-unboost|p2a: Terrakion|def|1\n|-unboost|p2a: Terrakion|spd|1\n|\n|-heal|p1a: Uxie|65/100|[from] item: Leftovers\n|upkeep\n|turn|37\n|inactive|Time left: 300 sec this turn | 300 sec total\n|\n|t:|1783555529\n|move|p2a: Terrakion|Close Combat|p1a: Uxie\n|-resisted|p1a: Uxie\n|-damage|p1a: Uxie|25/100\n|-unboost|p2a: Terrakion|def|1\n|-unboost|p2a: Terrakion|spd|1\n|move|p1a: Uxie|Psychic Noise|p2a: Terrakion\n|-supereffective|p2a: Terrakion\n|-damage|p2a: Terrakion|0 fnt\n|faint|p2a: Terrakion\n|\n|-heal|p1a: Uxie|31/100|[from] item: Leftovers\n|upkeep\n|inactive|Time left: 300 sec this turn | 300 sec total | 5 sec grace\n|\n|t:|1783555530\n|switch|p2a: Mesprit|Mesprit, L85|198/275 par\n|-damage|p2a: Mesprit|164/275 par|[from] Stealth Rock\n|turn|38\n|inactive|Time left: 300 sec this turn | 300 sec total\n|\n|t:|1783555531\n|switch|p1a: Klefki|Klefki, L84, M|96/100\n|-damage|p1a: Klefki|80/100|[from] Spikes\n|cant|p2a: Mesprit|par\n|\n|-heal|p1a: Klefki|86/100|[from] item: Leftovers\n|-heal|p2a: Mesprit|181/275 par|[from] item: Leftovers\n|upkeep\n|turn|39\n|inactive|Time left: 300 sec this turn | 300 sec total\n|\n|t:|1783555532\n|move|p1a: Klefki|Play Rough|p2a: Mesprit\n|-damage|p2a: Mesprit|108/275 par\n|move|p2a: Mesprit|Knock Off|p1a: Klefki\n|-resisted|p1a: Klefki\n|-damage|p1a: Klefki|70/100\n|-enditem|p1a: Klefki|Leftovers|[from] move: Knock Off|[of] p2a: Mesprit\n|\n|-heal|p2a: Mesprit|125/275 par|[from] item: Leftovers\n|upkeep\n|turn|40\n|inactive|Time left: 300 sec this turn | 300 sec total\n|\n|t:|1783555534\n|move|p1a: Klefki|Play Rough|p2a: Mesprit\n|-damage|p2a: Mesprit|52/275 par\n|cant|p2a: Mesprit|par\n|\n|-heal|p2a: Mesprit|69/275 par|[from] item: Leftovers\n|upkeep\n|turn|41\n|inactive|Time left: 300 sec this turn | 300 sec total\n|\n|t:|1783555535\n|move|p1a: Klefki|Play Rough|p2a: Mesprit\n|-damage|p2a: Mesprit|0 fnt\n|faint|p2a: Mesprit\n|\n|upkeep\n|inactive|Time left: 300 sec this turn | 300 sec total | 5 sec grace\n|\n|t:|1783555536\n|switch|p2a: Hoopa|Hoopa-Unbound, L80|259/259\n|-damage|p2a: Hoopa|227/259|[from] Stealth Rock\n|turn|42\n|inactive|Time left: 300 sec this turn | 300 sec total\n|\n|t:|1783555537\n|move|p2a: Hoopa|Psychic|p1a: Klefki\n|-resisted|p1a: Klefki\n|-damage|p1a: Klefki|40/100\n|move|p1a: Klefki|Play Rough|p2a: Hoopa\n|-supereffective|p2a: Hoopa\n|-damage|p2a: Hoopa|0 fnt\n|faint|p2a: Hoopa\n|\n|win|p0x1333878d", "uploadtime": 1783555537, "views": 0, "rating": 0, "private": 0, "password": null, "_winner": "p0x1333878d", "_our_name": "p0y13338db4"}