{"id": "battle-gen9randombattle-1106", "formatid": "gen9randombattle", "format": "[Gen 9] Random Battle", "players": ["p0x11067791", "p0y1106d95c"], "log": "|init|battle\n|title|p0x11067791 vs. p0y1106d95c\n|j|\u2606p0x11067791\n|j|\u2606p0y1106d95c\n|t:|1783552797\n|gametype|singles\n|player|p1|p0x11067791|265|\n|player|p2|p0y1106d95c|101|\n|gen|9\n|tier|[Gen 9] Random Battle\n|rule|Species Clause: Limit one of each Pok\u00e9mon\n|rule|HP Percentage Mod: HP is shown in percentages\n|rule|Sleep Clause Mod: Limit one foe put to sleep\n|rule|Illusion Level Mod: Illusion disguises the Pok\u00e9mon's true level\n|\n|t:|1783552797\n|teamsize|p1|6\n|teamsize|p2|6\n|start\n|switch|p1a: Vileplume|Vileplume, L85, M|266/266\n|switch|p2a: Granbull|Granbull, L88, F|100/100\n|-ability|p2a: Granbull|Intimidate|boost\n|-unboost|p1a: Vileplume|atk|1\n|turn|1\n|inactive|Battle timer is ON: inactive players will automatically lose when time's up. (requested by p0y1106d95c)\n|inactive|Time left: 300 sec this turn | 300 sec total | 60 sec grace\n|inactive|p0x11067791 also wants the timer to be on.\n|\n|t:|1783552798\n|switch|p2a: Overqwil|Overqwil, L82, F|100/100\n|-ability|p2a: Overqwil|Intimidate|boost\n|-unboost|p1a: Vileplume|atk|1\n|move|p1a: Vileplume|Sludge Bomb|p2a: Overqwil\n|-resisted|p2a: Overqwil\n|-damage|p2a: Overqwil|74/100\n|\n|upkeep\n|turn|2\n|inactive|Time left: 300 sec this turn | 300 sec total\n|\n|t:|1783552800\n|move|p2a: Overqwil|Gunk Shot|p1a: Vileplume|[miss]\n|-miss|p2a: Overqwil|p1a: Vileplume\n|move|p1a: Vileplume|Strength Sap|p2a: Overqwil\n|-unboost|p2a: Overqwil|atk|1\n|\n|upkeep\n|turn|3\n|inactive|Time left: 300 sec this turn | 300 sec total\n|\n|t:|1783552801\n|move|p2a: Overqwil|Gunk Shot|p1a: Vileplume\n|-damage|p1a: Vileplume|131/266\n|move|p1a: Vileplume|Sludge Bomb|p2a: Overqwil\n|-resisted|p2a: Overqwil\n|-damage|p2a: Overqwil|47/100\n|\n|-heal|p1a: Vileplume|147/266|[from] item: Leftovers\n|upkeep\n|turn|4\n|inactive|Time left: 300 sec this turn | 300 sec total\n|\n|t:|1783552802\n|move|p2a: Overqwil|Gunk Shot|p1a: Vileplume\n|-damage|p1a: Vileplume|3/266\n|move|p1a: Vileplume|Strength Sap|p2a: Overqwil\n|-unboost|p2a: Overqwil|atk|1\n|-heal|p1a: Vileplume|160/266\n|\n|-heal|p1a: Vileplume|176/266|[from] item: Leftovers\n|upkeep\n|turn|5\n|inactive|Time left: 300 sec this turn | 300 sec total\n|\n|t:|1783552803\n|move|p2a: Overqwil|Gunk Shot|p1a: Vileplume\n|-damage|p1a: Vileplume|68/266\n|move|p1a: Vileplume|Giga Drain|p2a: Overqwil\n|-resisted|p2a: Overqwil\n|-damage|p2a: Overqwil|26/100\n|-heal|p1a: Vileplume|97/266|[from] drain|[of] p2a: Overqwil\n|\n|-heal|p1a: Vileplume|113/266|[from] item: Leftovers\n|upkeep\n|turn|6\n|inactive|Time left: 300 sec this turn | 300 sec total\n|\n|t:|1783552804\n|switch|p2a: Tentacruel|Tentacruel, L84, M|100/100\n|move|p1a: Vileplume|Strength Sap|p2a: Tentacruel\n|-unboost|p2a: Tentacruel|atk|1\n|-damage|p1a: Vileplume|0 fnt|[from] ability: Liquid Ooze|[of] p2a: Tentacruel\n|faint|p1a: Vileplume\n|\n|upkeep\n|inactive|Time left: 300 sec this turn | 300 sec total | 5 sec grace\n|\n|t:|1783552805\n|switch|p1a: Kingdra|Kingdra, L84, M|263/263\n|turn|7\n|inactive|Time left: 300 sec this turn | 300 sec total\n|\n|t:|1783552806\n|switch|p2a: Granbull|Granbull, L88, F|100/100\n|-ability|p2a: Granbull|Intimidate|boost\n|-unboost|p1a: Kingdra|atk|1\n|move|p1a: Kingdra|Outrage|p2a: Granbull\n|-immune|p2a: Granbull\n|\n|upkeep\n|turn|8\n|inactive|Time left: 300 sec this turn | 300 sec total\n|\n|t:|1783552807\n|move|p1a: Kingdra|Dragon Dance|p1a: Kingdra\n|-boost|p1a: Kingdra|atk|1\n|-boost|p1a: Kingdra|spe|1\n|move|p2a: Granbull|Play Rough|p1a: Kingdra|[miss]\n|-miss|p2a: Granbull|p1a: Kingdra\n|\n|upkeep\n|turn|9\n|inactive|Time left: 300 sec this turn | 300 sec total\n|\n|t:|1783552808\n|move|p1a: Kingdra|Waterfall|p2a: Granbull\n|-damage|p2a: Granbull|72/100\n|move|p2a: Granbull|Play Rough|p1a: Kingdra\n|-supereffective|p1a: Kingdra\n|-damage|p1a: Kingdra|15/263\n|\n|-heal|p2a: Granbull|78/100|[from] item: Leftovers\n|upkeep\n|turn|10\n|inactive|Time left: 300 sec this turn | 300 sec total\n|\n|t:|1783552809\n|switch|p2a: Appletun|Appletun, L92, M|100/100\n|move|p1a: Kingdra|Waterfall|p2a: Appletun\n|-resisted|p2a: Appletun\n|-damage|p2a: Appletun|95/100\n|\n|-heal|p2a: Appletun|100/100|[from] item: Leftovers\n|upkeep\n|turn|11\n|inactive|Time left: 300 sec this turn | 300 sec total\n|\n|t:|1783552811\n|move|p1a: Kingdra|Outrage|p2a: Appletun\n|-supereffective|p2a: Appletun\n|-damage|p2a: Appletun|37/100\n|move|p2a: Appletun|Dragon Pulse|p1a: Kingdra\n|-supereffective|p1a: Kingdra\n|-damage|p1a: Kingdra|0 fnt\n|faint|p1a: Kingdra\n|\n|-heal|p2a: Appletun|43/100|[from] item: Leftovers\n|upkeep\n|inactive|Time left: 300 sec this turn | 300 sec total | 5 sec grace\n|\n|t:|1783552812\n|switch|p1a: Glaceon|Glaceon, L94, F|275/275\n|turn|12\n|inactive|Time left: 300 sec this turn | 300 sec total\n|\n|t:|1783552813\n|-terastallize|p2a: Appletun|Steel\n|move|p1a: Glaceon|Freeze-Dry|p2a: Appletun\n|-resisted|p2a: Appletun\n|-damage|p2a: Appletun|35/100\n|move|p2a: Appletun|Leech Seed|p1a: Glaceon\n|-start|p1a: Glaceon|move: Leech Seed\n|\n|-heal|p2a: Appletun|41/100|[from] item: Leftovers\n|-damage|p1a: Glaceon|241/275|[from] Leech Seed|[of] p2a: Appletun\n|-heal|p2a: Appletun|51/100|[silent]\n|upkeep\n|turn|13\n|inactive|Time left: 300 sec this turn | 300 sec total\n|\n|t:|1783552814\n|-terastallize|p1a: Glaceon|Ground\n|move|p1a: Glaceon|Mud Shot|p2a: Appletun\n|-supereffective|p2a: Appletun\n|-damage|p2a: Appletun|0 fnt\n|faint|p2a: Appletun\n|\n|upkeep\n|\n|t:|1783552815\n|switch|p2a: Overqwil|Overqwil, L82, F|26/100\n|-ability|p2a: Overqwil|Intimidate|boost\n|-unboost|p1a: Glaceon|atk|1\n|turn|14\n|inactive|Time left: 300 sec this turn | 300 sec total\n|\n|t:|1783552816\n|move|p2a: Overqwil|Liquidation|p1a: Glaceon\n|-supereffective|p1a: Glaceon\n|-damage|p1a: Glaceon|101/275\n|move|p1a: Glaceon|Freeze-Dry|p2a: Overqwil\n|-damage|p2a: Overqwil|0 fnt\n|faint|p2a: Overqwil\n|\n|upkeep\n|\n|t:|1783552816\n|switch|p2a: Pyroar|Pyroar, L88, M|100/100\n|-ability|p2a: Pyroar|Unnerve\n|turn|15\n|inactive|Time left: 300 sec this turn | 300 sec total\n|\n|t:|1783552817\n|move|p2a: Pyroar|Fire Blast|p1a: Glaceon\n|-damage|p1a: Glaceon|0 fnt\n|faint|p1a: Glaceon\n|\n|upkeep\n|inactive|Time left: 300 sec this turn | 300 sec total | 5 sec grace\n|\n|t:|1783552818\n|switch|p1a: Indeedee|Indeedee-F, L90, F|272/272\n|-fieldstart|move: Psychic Terrain|[from] ability: Psychic Surge|[of] p1a: Indeedee\n|turn|16\n|inactive|Time left: 300 sec this turn | 300 sec total\n|\n|t:|1783552819\n|move|p2a: Pyroar|Dark Pulse|p1a: Indeedee\n|-supereffective|p1a: Indeedee\n|-damage|p1a: Indeedee|168/272\n|move|p1a: Indeedee|Psyshock|p2a: Pyroar\n|-damage|p2a: Pyroar|34/100\n|-damage|p1a: Indeedee|141/272|[from] item: Life Orb\n|\n|upkeep\n|turn|17\n|inactive|Time left: 300 sec this turn | 300 sec total\n|\n|t:|1783552820\n|move|p2a: Pyroar|Dark Pulse|p1a: Indeedee\n|-supereffective|p1a: Indeedee\n|-damage|p1a: Indeedee|27/272\n|move|p1a: Indeedee|Psyshock|p2a: Pyroar\n|-damage|p2a: Pyroar|0 fnt\n|faint|p2a: Pyroar\n|-damage|p1a: Indeedee|0 fnt|[from] item: Life Orb\n|faint|p1a: Indeedee\n|\n|upkeep\n|inactive|Time left: 300 sec this turn | 300 sec total | 5 sec grace\n|\n|t:|1783552821\n|switch|p2a: Deoxys|Deoxys, L74|100/100\n|switch|p1a: Lumineon|Lumineon, L93, M|279/279\n|-ability|p2a: Deoxys|Pressure\n|turn|18\n|inactive|Time left: 300 sec this turn | 300 sec total\n|\n|t:|1783552822\n|move|p2a: Deoxys|Psycho Boost|p1a: Lumineon\n|-damage|p1a: Lumineon|45/279\n|-unboost|p2a: Deoxys|spa|2\n|-damage|p2a: Deoxys|91/100|[from] item: Life Orb\n|move|p1a: Lumineon|Hydro Pump|p2a: Deoxys\n|-damage|p2a: Deoxys|0 fnt\n|faint|p2a: Deoxys\n|-damage|p1a: Lumineon|18/279|[from] item: Life Orb\n|\n|upkeep\n|\n|t:|1783552823\n|switch|p2a: Tentacruel|Tentacruel, L84, M|100/100\n|turn|19\n|inactive|Time left: 300 sec this turn | 300 sec total\n|\n|t:|1783552824\n|switch|p1a: Corviknight|Corviknight, L80, M|288/288\n|move|p2a: Tentacruel|Toxic|p1a: Corviknight\n|-immune|p1a: Corviknight\n|\n|upkeep\n|turn|20\n|inactive|Time left: 300 sec this turn | 300 sec total\n|\n|t:|1783552825\n|switch|p2a: Granbull|Granbull, L88, F|78/100\n|-ability|p2a: Granbull|Intimidate|boost\n|-ability|p1a: Corviknight|Mirror Armor\n|-unboost|p2a: Granbull|atk|1\n|move|p1a: Corviknight|Brave Bird|p2a: Granbull\n|-damage|p2a: Granbull|39/100\n|-damage|p1a: Corviknight|249/288|[from] Recoil\n|\n|-heal|p1a: Corviknight|267/288|[from] item: Leftovers\n|-heal|p2a: Granbull|45/100|[from] item: Leftovers\n|-fieldend|move: Psychic Terrain\n|upkeep\n|turn|21\n|inactive|Time left: 300 sec this turn | 300 sec total\n|\n|t:|1783552826\n|move|p1a: Corviknight|Brave Bird|p2a: Granbull\n|-damage|p2a: Granbull|3/100\n|-damage|p1a: Corviknight|226/288|[from] Recoil\n|move|p2a: Granbull|Thunder Wave|p1a: Corviknight\n|-status|p1a: Corviknight|par\n|\n|-heal|p2a: Granbull|9/100|[from] item: Leftovers\n|-heal|p1a: Corviknight|244/288 par|[from] item: Leftovers\n|upkeep\n|turn|22\n|inactive|Time left: 300 sec this turn | 300 sec total\n|\n|t:|1783552827\n|switch|p2a: Tentacruel|Tentacruel, L84, M|100/100\n|move|p1a: Corviknight|Brave Bird|p2a: Tentacruel\n|-damage|p2a: Tentacruel|49/100\n|-damage|p1a: Corviknight|197/288 par|[from] Recoil\n|\n|-heal|p2a: Tentacruel|55/100|[from] item: Leftovers\n|-heal|p1a: Corviknight|215/288 par|[from] item: Leftovers\n|upkeep\n|turn|23\n|inactive|Time left: 300 sec this turn | 300 sec total\n|\n|t:|1783552828\n|move|p2a: Tentacruel|Surf|p1a: Corviknight\n|-damage|p1a: Corviknight|127/288 par\n|move|p1a: Corviknight|Brave Bird|p2a: Tentacruel\n|-damage|p2a: Tentacruel|3/100\n|-damage|p1a: Corviknight|80/288 par|[from] Recoil\n|\n|-heal|p2a: Tentacruel|9/100|[from] item: Leftovers\n|-heal|p1a: Corviknight|98/288 par|[from] item: Leftovers\n|upkeep\n|turn|24\n|inactive|Time left: 300 sec this turn | 300 sec total\n|\n|t:|1783552829\n|move|p2a: Tentacruel|Surf|p1a: Corviknight\n|-damage|p1a: Corviknight|13/288 par\n|move|p1a: Corviknight|U-turn|p2a: Tentacruel\n|-resisted|p2a: Tentacruel\n|-damage|p2a: Tentacruel|0 fnt\n|faint|p2a: Tentacruel\n|inactive|Time left: 300 sec this turn | 300 sec total | 5 sec grace\n|\n|t:|1783552830\n|switch|p1a: Lumineon|Lumineon, L93, M|18/279|[from] U-turn\n|\n|upkeep\n|\n|t:|1783552831\n|switch|p2a: Granbull|Granbull, L88, F|9/100\n|-ability|p2a: Granbull|Intimidate|boost\n|-unboost|p1a: Lumineon|atk|1\n|turn|25\n|inactive|Time left: 300 sec this turn | 300 sec total\n|\n|t:|1783552832\n|move|p1a: Lumineon|Ice Beam|p2a: Granbull\n|-damage|p2a: Granbull|0 fnt\n|faint|p2a: Granbull\n|-damage|p1a: Lumineon|0 fnt|[from] item: Life Orb\n|faint|p1a: Lumineon\n|\n|win|p0x11067791", "uploadtime": 1783552832, "views": 0, "rating": 0, "private": 0, "password": null, "_winner": "p0x11067791", "_our_name": "p0x11067791"}