{"id": "battle-gen9randombattle-2881", "formatid": "gen9randombattle", "format": "[Gen 9] Random Battle", "players": ["p0x28819471", "p0y288117f8"], "log": "|init|battle\n|title|p0x28819471 vs. p0y288117f8\n|j|\u2606p0x28819471\n|j|\u2606p0y288117f8\n|t:|1783573188\n|gametype|singles\n|player|p1|p0x28819471|169|\n|player|p2|p0y288117f8|2|\n|gen|9\n|tier|[Gen 9] Random Battle\n|rule|Species Clause: Limit one of each Pok\u00e9mon\n|rule|HP Percentage Mod: HP is shown in percentages\n|rule|Sleep Clause Mod: Limit one foe put to sleep\n|rule|Illusion Level Mod: Illusion disguises the Pok\u00e9mon's true level\n|\n|t:|1783573188\n|teamsize|p1|6\n|teamsize|p2|6\n|start\n|switch|p1a: Duraludon|Duraludon, L82, M|249/249\n|switch|p2a: Dewgong|Dewgong, L94, F|100/100\n|turn|1\n|inactive|Battle timer is ON: inactive players will automatically lose when time's up. (requested by p0y288117f8)\n|inactive|Time left: 300 sec this turn | 300 sec total | 60 sec grace\n|inactive|p0x28819471 also wants the timer to be on.\n|\n|t:|1783573190\n|move|p1a: Duraludon|Iron Defense|p1a: Duraludon\n|-boost|p1a: Duraludon|def|2\n|move|p2a: Dewgong|Ice Beam|p1a: Duraludon\n|-damage|p1a: Duraludon|150/249\n|\n|upkeep\n|turn|2\n|inactive|Time left: 300 sec this turn | 300 sec total\n|\n|t:|1783573191\n|move|p1a: Duraludon|Body Press|p2a: Dewgong\n|-supereffective|p2a: Dewgong\n|-damage|p2a: Dewgong|24/100\n|move|p2a: Dewgong|Ice Beam|p1a: Duraludon\n|-damage|p1a: Duraludon|51/249\n|\n|upkeep\n|turn|3\n|inactive|Time left: 300 sec this turn | 300 sec total\n|\n|t:|1783573192\n|move|p1a: Duraludon|Body Press|p2a: Dewgong\n|-supereffective|p2a: Dewgong\n|-damage|p2a: Dewgong|0 fnt\n|faint|p2a: Dewgong\n|\n|upkeep\n|\n|t:|1783573193\n|switch|p2a: Calyrex|Calyrex-Shadow, L64|100/100\n|-ability|p2a: Calyrex|As One\n|-ability|p2a: Calyrex|Unnerve\n|turn|4\n|inactive|Time left: 300 sec this turn | 300 sec total\n|\n|t:|1783573194\n|move|p2a: Calyrex|Astral Barrage|p1a: Duraludon\n|-damage|p1a: Duraludon|0 fnt\n|faint|p1a: Duraludon\n|-ability|p2a: Calyrex|Grim Neigh|boost\n|-boost|p2a: Calyrex|spa|1\n|-damage|p2a: Calyrex|91/100|[from] item: Life Orb\n|\n|upkeep\n|inactive|Time left: 300 sec this turn | 300 sec total | 5 sec grace\n|\n|t:|1783573195\n|switch|p1a: Rampardos|Rampardos, L90, M|321/321\n|turn|5\n|inactive|Time left: 300 sec this turn | 300 sec total\n|\n|t:|1783573196\n|move|p1a: Rampardos|Rock Slide|p2a: Calyrex\n|-damage|p2a: Calyrex|0 fnt\n|faint|p2a: Calyrex\n|\n|upkeep\n|\n|t:|1783573197\n|switch|p2a: Exeggutor|Exeggutor-Alola, L89, F|100/100\n|-item|p1a: Rampardos|Choice Scarf|[from] ability: Frisk|[of] p2a: Exeggutor\n|turn|6\n|inactive|Time left: 300 sec this turn | 300 sec total\n|\n|t:|1783573198\n|move|p1a: Rampardos|Rock Slide|p2a: Exeggutor|[miss]\n|-miss|p1a: Rampardos|p2a: Exeggutor\n|move|p2a: Exeggutor|Draco Meteor|p1a: Rampardos|[miss]\n|-miss|p2a: Exeggutor|p1a: Rampardos\n|\n|upkeep\n|turn|7\n|inactive|Time left: 300 sec this turn | 300 sec total\n|\n|t:|1783573199\n|switch|p1a: Zacian|Zacian, L69|241/241\n|-ability|p1a: Zacian|Intrepid Sword|boost\n|-boost|p1a: Zacian|atk|1\n|move|p2a: Exeggutor|Draco Meteor|p1a: Zacian\n|-immune|p1a: Zacian\n|\n|upkeep\n|turn|8\n|inactive|Time left: 300 sec this turn | 300 sec total\n|\n|t:|1783573201\n|switch|p2a: Victreebel|Victreebel, L90, F|100/100\n|move|p1a: Zacian|Play Rough|p2a: Victreebel\n|-resisted|p2a: Victreebel\n|-damage|p2a: Victreebel|72/100\n|-damage|p1a: Zacian|217/241|[from] item: Life Orb\n|\n|upkeep\n|turn|9\n|inactive|Time left: 300 sec this turn | 300 sec total\n|\n|t:|1783573202\n|move|p1a: Zacian|Psychic Fangs|p2a: Victreebel\n|-supereffective|p2a: Victreebel\n|-damage|p2a: Victreebel|0 fnt\n|faint|p2a: Victreebel\n|-damage|p1a: Zacian|193/241|[from] item: Life Orb\n|\n|upkeep\n|\n|t:|1783573203\n|switch|p2a: Exeggutor|Exeggutor-Alola, L89, F|100/100\n|-item|p1a: Zacian|Life Orb|[from] ability: Frisk|[of] p2a: Exeggutor\n|turn|10\n|inactive|Time left: 300 sec this turn | 300 sec total\n|\n|t:|1783573204\n|move|p1a: Zacian|Play Rough|p2a: Exeggutor\n|-supereffective|p2a: Exeggutor\n|-damage|p2a: Exeggutor|8/100\n|-damage|p1a: Zacian|169/241|[from] item: Life Orb\n|move|p2a: Exeggutor|Giga Drain|p1a: Zacian\n|-damage|p1a: Zacian|0 fnt\n|-heal|p2a: Exeggutor|35/100|[from] drain|[of] p1a: Zacian\n|faint|p1a: Zacian\n|\n|upkeep\n|inactive|Time left: 300 sec this turn | 300 sec total | 5 sec grace\n|\n|t:|1783573205\n|switch|p1a: Rampardos|Rampardos, L90, M|321/321\n|turn|11\n|inactive|Time left: 300 sec this turn | 300 sec total\n|\n|t:|1783573206\n|switch|p2a: Gastrodon|Gastrodon-East, L86, M|100/100\n|move|p1a: Rampardos|Rock Slide|p2a: Gastrodon\n|-resisted|p2a: Gastrodon\n|-damage|p2a: Gastrodon|66/100\n|\n|-heal|p2a: Gastrodon|72/100|[from] item: Leftovers\n|upkeep\n|turn|12\n|inactive|Time left: 300 sec this turn | 300 sec total\n|\n|t:|1783573207\n|switch|p1a: Groudon|Groudon, L72|263/263\n|-weather|SunnyDay|[from] ability: Drought|[of] p1a: Groudon\n|move|p2a: Gastrodon|Earthquake|p1a: Groudon\n|-damage|p1a: Groudon|176/263\n|\n|-weather|SunnyDay|[upkeep]\n|-heal|p1a: Groudon|192/263|[from] item: Leftovers\n|-heal|p2a: Gastrodon|78/100|[from] item: Leftovers\n|upkeep\n|turn|13\n|inactive|Time left: 300 sec this turn | 300 sec total\n|\n|t:|1783573208\n|move|p1a: Groudon|Swords Dance|p1a: Groudon\n|-boost|p1a: Groudon|atk|2\n|move|p2a: Gastrodon|Earthquake|p1a: Groudon\n|-damage|p1a: Groudon|119/263\n|\n|-weather|SunnyDay|[upkeep]\n|-heal|p1a: Groudon|135/263|[from] item: Leftovers\n|-heal|p2a: Gastrodon|84/100|[from] item: Leftovers\n|upkeep\n|turn|14\n|inactive|Time left: 300 sec this turn | 300 sec total\n|\n|t:|1783573209\n|move|p1a: Groudon|Precipice Blades|p2a: Gastrodon\n|-damage|p2a: Gastrodon|0 fnt\n|faint|p2a: Gastrodon\n|\n|-weather|SunnyDay|[upkeep]\n|-heal|p1a: Groudon|151/263|[from] item: Leftovers\n|upkeep\n|\n|t:|1783573210\n|switch|p2a: Hypno|Hypno, L95, M|100/100\n|turn|15\n|inactive|Time left: 300 sec this turn | 300 sec total\n|\n|t:|1783573211\n|-terastallize|p1a: Groudon|Fire\n|move|p2a: Hypno|Protect|p2a: Hypno\n|-singleturn|p2a: Hypno|Protect\n|move|p1a: Groudon|Heat Crash|p2a: Hypno\n|-activate|p2a: Hypno|move: Protect\n|\n|-weather|SunnyDay|[upkeep]\n|-heal|p1a: Groudon|167/263|[from] item: Leftovers\n|upkeep\n|turn|16\n|inactive|Time left: 300 sec this turn | 300 sec total\n|\n|t:|1783573212\n|switch|p2a: Exeggutor|Exeggutor-Alola, L89, F|35/100\n|-item|p1a: Groudon|Leftovers|[from] ability: Frisk|[of] p2a: Exeggutor\n|move|p1a: Groudon|Heat Crash|p2a: Exeggutor\n|-damage|p2a: Exeggutor|0 fnt\n|faint|p2a: Exeggutor\n|\n|-weather|none\n|-heal|p1a: Groudon|183/263|[from] item: Leftovers\n|upkeep\n|\n|t:|1783573213\n|switch|p2a: Hypno|Hypno, L95, M|100/100\n|turn|17\n|inactive|Time left: 300 sec this turn | 300 sec total\n|\n|t:|1783573214\n|-terastallize|p2a: Hypno|Fighting\n|move|p2a: Hypno|Protect|p2a: Hypno\n|-singleturn|p2a: Hypno|Protect\n|move|p1a: Groudon|Heat Crash|p2a: Hypno\n|-activate|p2a: Hypno|move: Protect\n|\n|-heal|p1a: Groudon|199/263|[from] item: Leftovers\n|upkeep\n|turn|18\n|inactive|Time left: 300 sec this turn | 300 sec total\n|\n|t:|1783573215\n|move|p2a: Hypno|Focus Blast|p1a: Groudon\n|-damage|p1a: Groudon|46/263\n|move|p1a: Groudon|Heat Crash|p2a: Hypno\n|-damage|p2a: Hypno|13/100\n|\n|-heal|p2a: Hypno|19/100|[from] item: Leftovers\n|-heal|p1a: Groudon|62/263|[from] item: Leftovers\n|upkeep\n|turn|19\n|inactive|Time left: 300 sec this turn | 300 sec total\n|\n|t:|1783573216\n|switch|p1a: Rampardos|Rampardos, L90, M|321/321\n|move|p2a: Hypno|Protect||[still]\n|-fail|p2a: Hypno\n|\n|-heal|p2a: Hypno|25/100|[from] item: Leftovers\n|upkeep\n|turn|20\n|inactive|Time left: 300 sec this turn | 300 sec total\n|\n|t:|1783573217\n|move|p2a: Hypno|Protect|p2a: Hypno\n|-singleturn|p2a: Hypno|Protect\n|move|p1a: Rampardos|Earthquake|p2a: Hypno\n|-activate|p2a: Hypno|move: Protect\n|\n|-heal|p2a: Hypno|31/100|[from] item: Leftovers\n|upkeep\n|turn|21\n|inactive|Time left: 300 sec this turn | 300 sec total\n|\n|t:|1783573218\n|move|p2a: Hypno|Protect|p2a: Hypno\n|-singleturn|p2a: Hypno|Protect\n|move|p1a: Rampardos|Earthquake|p2a: Hypno\n|-activate|p2a: Hypno|move: Protect\n|\n|-heal|p2a: Hypno|37/100|[from] item: Leftovers\n|upkeep\n|turn|22\n|inactive|Time left: 300 sec this turn | 300 sec total\n|\n|t:|1783573218\n|move|p2a: Hypno|Protect||[still]\n|-fail|p2a: Hypno\n|move|p1a: Rampardos|Earthquake|p2a: Hypno\n|-damage|p2a: Hypno|0 fnt\n|faint|p2a: Hypno\n|\n|win|p0x28819471", "uploadtime": 1783573218, "views": 0, "rating": 0, "private": 0, "password": null, "_winner": "p0x28819471", "_our_name": "p0x28819471"}