{"id": "battle-gen9randombattle-2863", "formatid": "gen9randombattle", "format": "[Gen 9] Random Battle", "players": ["p0x286324df", "p0y286335fe"], "log": "|init|battle\n|title|p0x286324df vs. p0y286335fe\n|j|\u2606p0x286324df\n|j|\u2606p0y286335fe\n|t:|1783572028\n|gametype|singles\n|player|p1|p0x286324df|102|\n|player|p2|p0y286335fe|2|\n|gen|9\n|tier|[Gen 9] Random Battle\n|rule|Species Clause: Limit one of each Pok\u00e9mon\n|rule|HP Percentage Mod: HP is shown in percentages\n|rule|Sleep Clause Mod: Limit one foe put to sleep\n|rule|Illusion Level Mod: Illusion disguises the Pok\u00e9mon's true level\n|\n|t:|1783572028\n|teamsize|p1|6\n|teamsize|p2|6\n|start\n|switch|p1a: Rayquaza|Rayquaza, L72|100/100\n|switch|p2a: Muk|Muk, L86, M|321/321\n|-ability|p1a: Rayquaza|Air Lock\n|turn|1\n|inactive|Battle timer is ON: inactive players will automatically lose when time's up. (requested by p0x286324df)\n|inactive|Time left: 300 sec this turn | 300 sec total | 60 sec grace\n|inactive|p0y286335fe also wants the timer to be on.\n|\n|t:|1783572029\n|switch|p1a: Glastrier|Glastrier, L86|100/100\n|move|p2a: Muk|Ice Punch|p1a: Glastrier\n|-resisted|p1a: Glastrier\n|-damage|p1a: Glastrier|94/100\n|-status|p1a: Glastrier|psn|[from] ability: Poison Touch|[of] p2a: Muk\n|\n|-damage|p1a: Glastrier|82/100 psn|[from] psn\n|upkeep\n|turn|2\n|inactive|Time left: 300 sec this turn | 300 sec total\n|\n|t:|1783572031\n|switch|p2a: Conkeldurr|Conkeldurr, L80, M|299/299\n|move|p1a: Glastrier|Icicle Crash|p2a: Conkeldurr\n|-damage|p2a: Conkeldurr|167/299\n|\n|-damage|p1a: Glastrier|69/100 psn|[from] psn\n|-status|p2a: Conkeldurr|brn|[from] item: Flame Orb\n|upkeep\n|turn|3\n|inactive|Time left: 300 sec this turn | 300 sec total\n|\n|t:|1783572032\n|move|p2a: Conkeldurr|Close Combat|p1a: Glastrier\n|-supereffective|p1a: Glastrier\n|-damage|p1a: Glastrier|0 fnt\n|-unboost|p2a: Conkeldurr|def|1\n|-unboost|p2a: Conkeldurr|spd|1\n|faint|p1a: Glastrier\n|\n|-damage|p2a: Conkeldurr|149/299 brn|[from] brn\n|upkeep\n|\n|t:|1783572033\n|switch|p1a: Miraidon|Miraidon, L65|100/100\n|-fieldstart|move: Electric Terrain|[from] ability: Hadron Engine|[of] p1a: Miraidon\n|turn|4\n|inactive|Time left: 300 sec this turn | 300 sec total\n|\n|t:|1783572034\n|switch|p2a: Muk|Muk, L86, M|321/321\n|move|p1a: Miraidon|Electro Drift|p2a: Muk\n|-damage|p2a: Muk|191/321\n|\n|upkeep\n|turn|5\n|inactive|Time left: 300 sec this turn | 300 sec total\n|\n|t:|1783572035\n|move|p1a: Miraidon|Electro Drift|p2a: Muk\n|-damage|p2a: Muk|67/321\n|move|p2a: Muk|Ice Punch|p1a: Miraidon\n|-supereffective|p1a: Miraidon\n|-damage|p1a: Miraidon|48/100\n|\n|upkeep\n|turn|6\n|inactive|Time left: 300 sec this turn | 300 sec total\n|\n|t:|1783572035\n|switch|p2a: Dragalge|Dragalge, L88, M|258/258\n|move|p1a: Miraidon|Electro Drift|p2a: Dragalge\n|-resisted|p2a: Dragalge\n|-damage|p2a: Dragalge|172/258\n|\n|-heal|p2a: Dragalge|188/258|[from] item: Leftovers\n|upkeep\n|turn|7\n|inactive|Time left: 300 sec this turn | 300 sec total\n|\n|t:|1783572036\n|switch|p1a: Metagross|Metagross, L79|100/100\n|move|p2a: Dragalge|Sludge Wave|p1a: Metagross\n|-immune|p1a: Metagross\n|\n|-heal|p2a: Dragalge|204/258|[from] item: Leftovers\n|upkeep\n|turn|8\n|inactive|Time left: 300 sec this turn | 300 sec total\n|\n|t:|1783572037\n|switch|p2a: Heatran|Heatran, L79, F|273/273\n|-item|p2a: Heatran|Air Balloon\n|move|p1a: Metagross|Psychic Fangs|p2a: Heatran\n|-resisted|p2a: Heatran\n|-damage|p2a: Heatran|227/273\n|-enditem|p2a: Heatran|Air Balloon\n|\n|-fieldend|move: Electric Terrain\n|upkeep\n|turn|9\n|inactive|Time left: 300 sec this turn | 300 sec total\n|\n|t:|1783572037\n|switch|p1a: Rayquaza|Rayquaza, L72|100/100\n|-ability|p1a: Rayquaza|Air Lock\n|move|p2a: Heatran|Magma Storm|p1a: Rayquaza\n|-resisted|p1a: Rayquaza\n|-damage|p1a: Rayquaza|75/100\n|-activate|p1a: Rayquaza|move: Magma Storm|[of] p2a: Heatran\n|\n|-damage|p1a: Rayquaza|63/100|[from] move: Magma Storm|[partiallytrapped]\n|upkeep\n|turn|10\n|inactive|Time left: 300 sec this turn | 300 sec total\n|\n|t:|1783572038\n|switch|p2a: Azelf|Azelf, L82|257/257\n|move|p1a: Rayquaza|Swords Dance|p1a: Rayquaza\n|-boost|p1a: Rayquaza|atk|2\n|\n|-end|p1a: Rayquaza|Magma Storm|[partiallytrapped]|[silent]\n|upkeep\n|turn|11\n|inactive|Time left: 300 sec this turn | 300 sec total\n|\n|t:|1783572039\n|move|p2a: Azelf|Dazzling Gleam|p1a: Rayquaza\n|-supereffective|p1a: Rayquaza\n|-damage|p1a: Rayquaza|0 fnt\n|faint|p1a: Rayquaza\n|-damage|p2a: Azelf|232/257|[from] item: Life Orb\n|\n|upkeep\n|\n|t:|1783572039\n|switch|p1a: Ting-Lu|Ting-Lu, L78|100/100\n|-ability|p1a: Ting-Lu|Vessel of Ruin\n|turn|12\n|inactive|Time left: 300 sec this turn | 300 sec total\n|\n|t:|1783572040\n|switch|p2a: Conkeldurr|Conkeldurr, L80, M|149/299 brn\n|move|p1a: Ting-Lu|Throat Chop|p2a: Conkeldurr\n|-resisted|p2a: Conkeldurr\n|-damage|p2a: Conkeldurr|108/299 brn\n|-start|p2a: Conkeldurr|Throat Chop|[silent]\n|\n|-damage|p2a: Conkeldurr|90/299 brn|[from] brn\n|upkeep\n|turn|13\n|inactive|Time left: 300 sec this turn | 300 sec total\n|\n|t:|1783572041\n|move|p2a: Conkeldurr|Close Combat|p1a: Ting-Lu\n|-supereffective|p1a: Ting-Lu\n|-damage|p1a: Ting-Lu|3/100\n|-unboost|p2a: Conkeldurr|def|1\n|-unboost|p2a: Conkeldurr|spd|1\n|move|p1a: Ting-Lu|Earthquake|p2a: Conkeldurr\n|-damage|p2a: Conkeldurr|0 fnt\n|faint|p2a: Conkeldurr\n|\n|-heal|p1a: Ting-Lu|9/100|[from] item: Leftovers\n|upkeep\n|inactive|Time left: 300 sec this turn | 300 sec total | 5 sec grace\n|\n|t:|1783572041\n|switch|p2a: Heatran|Heatran, L79, F|227/273\n|turn|14\n|inactive|Time left: 300 sec this turn | 300 sec total\n|\n|t:|1783572042\n|move|p2a: Heatran|Earth Power|p1a: Ting-Lu\n|-damage|p1a: Ting-Lu|0 fnt\n|faint|p1a: Ting-Lu\n|\n|upkeep\n|\n|t:|1783572043\n|switch|p1a: Miraidon|Miraidon, L65|48/100\n|-fieldstart|move: Electric Terrain|[from] ability: Hadron Engine|[of] p1a: Miraidon\n|turn|15\n|inactive|Time left: 300 sec this turn | 300 sec total\n|\n|t:|1783572044\n|-terastallize|p2a: Heatran|Grass\n|move|p1a: Miraidon|Electro Drift|p2a: Heatran\n|-resisted|p2a: Heatran\n|-damage|p2a: Heatran|116/273\n|move|p2a: Heatran|Earth Power|p1a: Miraidon\n|-supereffective|p1a: Miraidon\n|-damage|p1a: Miraidon|0 fnt\n|faint|p1a: Miraidon\n|\n|upkeep\n|\n|t:|1783572045\n|switch|p1a: Metagross|Metagross, L79|100/100\n|turn|16\n|inactive|Time left: 300 sec this turn | 300 sec total\n|\n|t:|1783572046\n|-terastallize|p1a: Metagross|Water\n|move|p2a: Heatran|Magma Storm|p1a: Metagross\n|-resisted|p1a: Metagross\n|-damage|p1a: Metagross|77/100\n|-activate|p1a: Metagross|move: Magma Storm|[of] p2a: Heatran\n|move|p1a: Metagross|Stealth Rock|p2a: Heatran\n|-sidestart|p2: p0y286335fe|move: Stealth Rock\n|\n|-heal|p1a: Metagross|84/100|[from] item: Leftovers\n|-damage|p1a: Metagross|71/100|[from] move: Magma Storm|[partiallytrapped]\n|upkeep\n|turn|17\n|inactive|Time left: 300 sec this turn | 300 sec total\n|\n|t:|1783572047\n|move|p2a: Heatran|Earth Power|p1a: Metagross\n|-damage|p1a: Metagross|40/100\n|move|p1a: Metagross|Psychic Fangs|p2a: Heatran\n|-damage|p2a: Heatran|16/273\n|\n|-heal|p1a: Metagross|47/100|[from] item: Leftovers\n|-damage|p1a: Metagross|34/100|[from] move: Magma Storm|[partiallytrapped]\n|upkeep\n|turn|18\n|inactive|Time left: 300 sec this turn | 300 sec total\n|\n|t:|1783572048\n|move|p1a: Metagross|Bullet Punch|p2a: Heatran\n|-crit|p2a: Heatran\n|-damage|p2a: Heatran|0 fnt\n|faint|p2a: Heatran\n|\n|-heal|p1a: Metagross|40/100|[from] item: Leftovers\n|-end|p1a: Metagross|Magma Storm|[partiallytrapped]|[silent]\n|upkeep\n|inactive|Time left: 300 sec this turn | 300 sec total | 5 sec grace\n|\n|t:|1783572049\n|switch|p2a: Trevenant|Trevenant, L89, F|296/296\n|-damage|p2a: Trevenant|259/296|[from] Stealth Rock\n|turn|19\n|inactive|Time left: 300 sec this turn | 300 sec total\n|\n|t:|1783572050\n|move|p1a: Metagross|Heavy Slam|p2a: Trevenant\n|-damage|p2a: Trevenant|102/296\n|move|p2a: Trevenant|Poltergeist|p1a: Metagross\n|-activate|p1a: Metagross|move: Poltergeist|Leftovers\n|-damage|p1a: Metagross|0 fnt\n|faint|p1a: Metagross\n|-damage|p2a: Trevenant|73/296|[from] item: Life Orb\n|\n|-fieldend|move: Electric Terrain\n|upkeep\n|\n|t:|1783572051\n|switch|p1a: Scizor|Scizor, L79, F|100/100\n|turn|20\n|inactive|Time left: 300 sec this turn | 300 sec total\n|\n|t:|1783572052\n|move|p2a: Trevenant|Poltergeist|p1a: Scizor\n|-activate|p1a: Scizor|move: Poltergeist|Leftovers\n|-damage|p1a: Scizor|30/100\n|-damage|p2a: Trevenant|44/296|[from] item: Life Orb\n|move|p1a: Scizor|Defog|p2a: Trevenant\n|-unboost|p2a: Trevenant|evasion|1\n|-sideend|p2: p0y286335fe|Stealth Rock|[from] move: Defog|[of] p1a: Scizor\n|\n|-heal|p1a: Scizor|37/100|[from] item: Leftovers\n|upkeep\n|turn|21\n|inactive|Time left: 300 sec this turn | 300 sec total\n|\n|t:|1783572053\n|move|p1a: Scizor|Bullet Punch|p2a: Trevenant\n|-damage|p2a: Trevenant|0 fnt\n|faint|p2a: Trevenant\n|\n|-heal|p1a: Scizor|43/100|[from] item: Leftovers\n|upkeep\n|inactive|Time left: 300 sec this turn | 300 sec total | 5 sec grace\n|\n|t:|1783572054\n|switch|p2a: Dragalge|Dragalge, L88, M|204/258\n|turn|22\n|inactive|Time left: 300 sec this turn | 300 sec total\n|\n|t:|1783572055\n|move|p1a: Scizor|Knock Off|p2a: Dragalge\n|-damage|p2a: Dragalge|134/258\n|-enditem|p2a: Dragalge|Leftovers|[from] move: Knock Off|[of] p1a: Scizor\n|move|p2a: Dragalge|Draco Meteor|p1a: Scizor\n|-resisted|p1a: Scizor\n|-damage|p1a: Scizor|0 fnt\n|-unboost|p2a: Dragalge|spa|2\n|faint|p1a: Scizor\n|\n|win|p0y286335fe", "uploadtime": 1783572055, "views": 0, "rating": 0, "private": 0, "password": null, "_winner": "p0y286335fe", "_our_name": "p0y286335fe"}