{"id": "battle-gen9randombattle-779", "formatid": "gen9randombattle", "format": "[Gen 9] Random Battle", "players": ["p0x779ebb4", "p0y7792a5c"], "log": "|init|battle\n|title|p0x779ebb4 vs. p0y7792a5c\n|j|\u2606p0x779ebb4\n|j|\u2606p0y7792a5c\n|t:|1783548148\n|gametype|singles\n|player|p1|p0x779ebb4|169|\n|player|p2|p0y7792a5c|102|\n|gen|9\n|tier|[Gen 9] Random Battle\n|rule|Species Clause: Limit one of each Pok\u00e9mon\n|rule|HP Percentage Mod: HP is shown in percentages\n|rule|Sleep Clause Mod: Limit one foe put to sleep\n|rule|Illusion Level Mod: Illusion disguises the Pok\u00e9mon's true level\n|\n|t:|1783548148\n|teamsize|p1|6\n|teamsize|p2|6\n|start\n|switch|p1a: Exeggutor|Exeggutor, L89, F|312/312\n|switch|p2a: Meowscarada|Meowscarada, L78, F|100/100\n|turn|1\n|inactive|Battle timer is ON: inactive players will automatically lose when time's up. (requested by p0x779ebb4)\n|inactive|p0y7792a5c also wants the timer to be on.\n|\n|t:|1783548150\n|move|p1a: Exeggutor|Protect|p1a: Exeggutor\n|-singleturn|p1a: Exeggutor|Protect\n|move|p2a: Meowscarada|Knock Off|p1a: Exeggutor\n|-start|p2a: Meowscarada|typechange|Dark|[from] ability: Protean\n|-activate|p1a: Exeggutor|move: Protect\n|\n|upkeep\n|turn|2\n|inactive|Time left: 300 sec this turn | 300 sec total\n|\n|t:|1783548151\n|move|p2a: Meowscarada|Knock Off|p1a: Exeggutor\n|-supereffective|p1a: Exeggutor\n|-damage|p1a: Exeggutor|106/312\n|-enditem|p1a: Exeggutor|Sitrus Berry|[from] move: Knock Off|[of] p2a: Meowscarada\n|move|p1a: Exeggutor|Leech Seed|p2a: Meowscarada\n|-start|p2a: Meowscarada|move: Leech Seed\n|\n|-damage|p2a: Meowscarada|88/100|[from] Leech Seed|[of] p1a: Exeggutor\n|-heal|p1a: Exeggutor|136/312|[silent]\n|upkeep\n|turn|3\n|inactive|Time left: 300 sec this turn | 300 sec total\n|\n|t:|1783548152\n|switch|p2a: Blastoise|Blastoise, L80, F|100/100\n|move|p1a: Exeggutor|Protect||[still]\n|-fail|p1a: Exeggutor\n|\n|upkeep\n|turn|4\n|inactive|Time left: 300 sec this turn | 300 sec total\n|\n|t:|1783548153\n|move|p2a: Blastoise|Shell Smash|p2a: Blastoise\n|-unboost|p2a: Blastoise|def|1\n|-unboost|p2a: Blastoise|spd|1\n|-boost|p2a: Blastoise|atk|2\n|-boost|p2a: Blastoise|spa|2\n|-boost|p2a: Blastoise|spe|2\n|-enditem|p2a: Blastoise|White Herb\n|-clearnegativeboost|p2a: Blastoise|[silent]\n|move|p1a: Exeggutor|Leech Seed|p2a: Blastoise\n|-start|p2a: Blastoise|move: Leech Seed\n|\n|-damage|p2a: Blastoise|88/100|[from] Leech Seed|[of] p1a: Exeggutor\n|-heal|p1a: Exeggutor|168/312|[silent]\n|upkeep\n|turn|5\n|inactive|Time left: 300 sec this turn | 300 sec total\n|\n|t:|1783548155\n|switch|p1a: Dragalge|Dragalge, L88, M|258/258\n|move|p2a: Blastoise|Ice Beam|p1a: Dragalge\n|-supereffective|p1a: Dragalge\n|-damage|p1a: Dragalge|88/258\n|\n|-heal|p1a: Dragalge|104/258|[from] item: Leftovers\n|-damage|p2a: Blastoise|76/100|[from] Leech Seed|[of] p1a: Dragalge\n|-heal|p1a: Dragalge|136/258|[silent]\n|upkeep\n|turn|6\n|inactive|Time left: 300 sec this turn | 300 sec total\n|\n|t:|1783548156\n|-terastallize|p2a: Blastoise|Ground\n|-terastallize|p1a: Dragalge|Fighting\n|move|p2a: Blastoise|Earthquake|p1a: Dragalge\n|-damage|p1a: Dragalge|0 fnt\n|faint|p1a: Dragalge\n|\n|upkeep\n|inactive|Time left: 300 sec this turn | 300 sec total | 5 sec grace\n|\n|t:|1783548157\n|switch|p1a: Kyurem|Kyurem-Black, L71|295/295\n|-ability|p1a: Kyurem|Teravolt\n|turn|7\n|inactive|Time left: 300 sec this turn | 300 sec total\n|\n|t:|1783548158\n|move|p2a: Blastoise|Earthquake|p1a: Kyurem\n|-damage|p1a: Kyurem|115/295\n|move|p1a: Kyurem|Icicle Spear|p2a: Blastoise\n|-supereffective|p2a: Blastoise\n|-damage|p2a: Blastoise|52/100\n|-supereffective|p2a: Blastoise\n|-damage|p2a: Blastoise|26/100\n|-supereffective|p2a: Blastoise\n|-damage|p2a: Blastoise|2/100\n|-supereffective|p2a: Blastoise\n|-damage|p2a: Blastoise|0 fnt\n|faint|p2a: Blastoise\n|-hitcount|p2: Blastoise|4\n|\n|upkeep\n|\n|t:|1783548159\n|switch|p2a: Iron Valiant|Iron Valiant, L78|100/100\n|turn|8\n|inactive|Time left: 300 sec this turn | 300 sec total\n|\n|t:|1783548160\n|move|p2a: Iron Valiant|Swords Dance|p2a: Iron Valiant\n|-boost|p2a: Iron Valiant|atk|2\n|move|p1a: Kyurem|Dragon Dance|p1a: Kyurem\n|-boost|p1a: Kyurem|atk|1\n|-boost|p1a: Kyurem|spe|1\n|\n|upkeep\n|turn|9\n|inactive|Time left: 300 sec this turn | 300 sec total\n|\n|t:|1783548161\n|move|p1a: Kyurem|Icicle Spear|p2a: Iron Valiant\n|-damage|p2a: Iron Valiant|82/100\n|-damage|p2a: Iron Valiant|61/100\n|-damage|p2a: Iron Valiant|42/100\n|-damage|p2a: Iron Valiant|22/100\n|-damage|p2a: Iron Valiant|3/100\n|-hitcount|p2a: Iron Valiant|5\n|move|p2a: Iron Valiant|Close Combat|p1a: Kyurem\n|-supereffective|p1a: Kyurem\n|-damage|p1a: Kyurem|0 fnt\n|-unboost|p2a: Iron Valiant|def|1\n|-unboost|p2a: Iron Valiant|spd|1\n|faint|p1a: Kyurem\n|-damage|p2a: Iron Valiant|0 fnt|[from] item: Life Orb\n|faint|p2a: Iron Valiant\n|-end|p2a: Iron Valiant|Quark Drive|[silent]\n|\n|upkeep\n|inactive|Time left: 300 sec this turn | 300 sec total | 5 sec grace\n|\n|t:|1783548163\n|switch|p2a: Jirachi|Jirachi, L80|100/100\n|switch|p1a: Electivire|Electivire, L84, F|263/263\n|turn|10\n|inactive|Time left: 300 sec this turn | 300 sec total\n|\n|t:|1783548164\n|switch|p2a: Meowscarada|Meowscarada, L78, F|88/100\n|move|p1a: Electivire|Earthquake|p2a: Meowscarada\n|-resisted|p2a: Meowscarada\n|-damage|p2a: Meowscarada|60/100\n|-damage|p1a: Electivire|237/263|[from] item: Life Orb\n|\n|upkeep\n|turn|11\n|inactive|Time left: 300 sec this turn | 300 sec total\n|\n|t:|1783548165\n|move|p2a: Meowscarada|Triple Axel|p1a: Electivire\n|-start|p2a: Meowscarada|typechange|Ice|[from] ability: Protean\n|-damage|p1a: Electivire|213/263\n|-hitcount|p1a: Electivire|1\n|move|p1a: Electivire|Ice Punch|p2a: Meowscarada\n|-resisted|p2a: Meowscarada\n|-damage|p2a: Meowscarada|41/100\n|-damage|p1a: Electivire|187/263|[from] item: Life Orb\n|\n|upkeep\n|turn|12\n|inactive|Time left: 300 sec this turn | 300 sec total\n|\n|t:|1783548166\n|switch|p1a: Drednaw|Drednaw, L81, M|278/278\n|move|p2a: Meowscarada|Triple Axel|p1a: Drednaw\n|-resisted|p1a: Drednaw\n|-damage|p1a: Drednaw|268/278\n|-resisted|p1a: Drednaw\n|-damage|p1a: Drednaw|247/278\n|-resisted|p1a: Drednaw\n|-damage|p1a: Drednaw|218/278\n|-hitcount|p1a: Drednaw|3\n|\n|upkeep\n|turn|13\n|inactive|Time left: 300 sec this turn | 300 sec total\n|\n|t:|1783548167\n|move|p2a: Meowscarada|Flower Trick|p1a: Drednaw\n|-supereffective|p1a: Drednaw\n|-damage|p1a: Drednaw|14/278\n|move|p1a: Drednaw|Shell Smash|p1a: Drednaw\n|-unboost|p1a: Drednaw|def|1\n|-unboost|p1a: Drednaw|spd|1\n|-boost|p1a: Drednaw|atk|2\n|-boost|p1a: Drednaw|spa|2\n|-boost|p1a: Drednaw|spe|2\n|-enditem|p1a: Drednaw|White Herb\n|-clearnegativeboost|p1a: Drednaw|[silent]\n|\n|upkeep\n|turn|14\n|inactive|Time left: 300 sec this turn | 300 sec total\n|\n|t:|1783548168\n|move|p1a: Drednaw|Liquidation|p2a: Meowscarada\n|-damage|p2a: Meowscarada|0 fnt\n|faint|p2a: Meowscarada\n|\n|upkeep\n|\n|t:|1783548170\n|switch|p2a: Toxapex|Toxapex, L82, F|100/100\n|turn|15\n|inactive|Time left: 300 sec this turn | 300 sec total\n|\n|t:|1783548171\n|move|p1a: Drednaw|Earthquake|p2a: Toxapex\n|-supereffective|p2a: Toxapex\n|-damage|p2a: Toxapex|7/100\n|move|p2a: Toxapex|Toxic|p1a: Drednaw\n|-status|p1a: Drednaw|tox\n|\n|-heal|p2a: Toxapex|13/100|[from] item: Leftovers\n|-damage|p1a: Drednaw|0 fnt|[from] psn\n|faint|p1a: Drednaw\n|upkeep\n|inactive|Time left: 300 sec this turn | 300 sec total | 5 sec grace\n|\n|t:|1783548172\n|switch|p1a: Electivire|Electivire, L84, F|187/263\n|turn|16\n|inactive|Time left: 300 sec this turn | 300 sec total\n|\n|t:|1783548173\n|move|p1a: Electivire|Earthquake|p2a: Toxapex\n|-supereffective|p2a: Toxapex\n|-damage|p2a: Toxapex|0 fnt\n|faint|p2a: Toxapex\n|-damage|p1a: Electivire|161/263|[from] item: Life Orb\n|\n|upkeep\n|\n|t:|1783548174\n|switch|p2a: Jirachi|Jirachi, L80|100/100\n|turn|17\n|inactive|Time left: 300 sec this turn | 300 sec total\n|\n|t:|1783548175\n|move|p1a: Electivire|Earthquake|p2a: Jirachi\n|-supereffective|p2a: Jirachi\n|-damage|p2a: Jirachi|32/100\n|-damage|p1a: Electivire|135/263|[from] item: Life Orb\n|move|p2a: Jirachi|Drain Punch|p1a: Electivire\n|-damage|p1a: Electivire|73/263\n|-heal|p2a: Jirachi|42/100|[from] drain|[of] p1a: Electivire\n|\n|-heal|p2a: Jirachi|49/100|[from] item: Leftovers\n|upkeep\n|turn|18\n|inactive|Time left: 300 sec this turn | 300 sec total\n|\n|t:|1783548176\n|move|p1a: Electivire|Earthquake|p2a: Jirachi\n|-supereffective|p2a: Jirachi\n|-damage|p2a: Jirachi|0 fnt\n|faint|p2a: Jirachi\n|-damage|p1a: Electivire|47/263|[from] item: Life Orb\n|\n|upkeep\n|\n|t:|1783548177\n|switch|p2a: Iron Thorns|Iron Thorns, L83|100/100\n|-enditem|p2a: Iron Thorns|Booster Energy\n|-activate|p2a: Iron Thorns|ability: Quark Drive|[fromitem]\n|-start|p2a: Iron Thorns|quarkdriveatk\n|turn|19\n|inactive|Time left: 300 sec this turn | 300 sec total\n|\n|t:|1783548178\n|move|p1a: Electivire|Earthquake|p2a: Iron Thorns\n|-supereffective|p2a: Iron Thorns\n|-damage|p2a: Iron Thorns|0 fnt\n|faint|p2a: Iron Thorns\n|-end|p2a: Iron Thorns|Quark Drive|[silent]\n|-damage|p1a: Electivire|21/263|[from] item: Life Orb\n|\n|win|p0x779ebb4", "uploadtime": 1783548178, "views": 0, "rating": 0, "private": 0, "password": null, "_winner": "p0x779ebb4", "_our_name": "p0x779ebb4"}