{"id": "battle-gen9randombattle-1284", "formatid": "gen9randombattle", "format": "[Gen 9] Random Battle", "players": ["p0x12848b32", "p0y12841aa8"], "log": "|init|battle\n|title|p0x12848b32 vs. p0y12841aa8\n|j|\u2606p0x12848b32\n|j|\u2606p0y12841aa8\n|t:|1783554909\n|gametype|singles\n|player|p1|p0x12848b32|170|\n|player|p2|p0y12841aa8|265|\n|gen|9\n|tier|[Gen 9] Random Battle\n|rule|Species Clause: Limit one of each Pok\u00e9mon\n|rule|HP Percentage Mod: HP is shown in percentages\n|rule|Sleep Clause Mod: Limit one foe put to sleep\n|rule|Illusion Level Mod: Illusion disguises the Pok\u00e9mon's true level\n|\n|t:|1783554909\n|teamsize|p1|6\n|teamsize|p2|6\n|start\n|switch|p1a: Latias|Latias, L79, F|256/256\n|switch|p2a: Slaking|Slaking, L84, F|100/100\n|turn|1\n|inactive|Battle timer is ON: inactive players will automatically lose when time's up. (requested by p0y12841aa8)\n|inactive|Time left: 300 sec this turn | 300 sec total | 60 sec grace\n|inactive|p0x12848b32 also wants the timer to be on.\n|\n|t:|1783554911\n|switch|p1a: Dunsparce|Dunsparce, L86, M|312/312\n|move|p2a: Slaking|Giga Impact|p1a: Dunsparce\n|-damage|p1a: Dunsparce|38/312\n|-mustrecharge|p2a: Slaking\n|\n|upkeep\n|turn|2\n|inactive|Time left: 300 sec this turn | 300 sec total\n|\n|t:|1783554912\n|cant|p2a: Slaking|recharge\n|move|p1a: Dunsparce|Body Slam|p2a: Slaking\n|-damage|p2a: Slaking|82/100\n|\n|upkeep\n|turn|3\n|inactive|Time left: 300 sec this turn | 300 sec total\n|\n|t:|1783554913\n|-terastallize|p1a: Dunsparce|Ghost\n|move|p2a: Slaking|Giga Impact|p1a: Dunsparce\n|-immune|p1a: Dunsparce\n|move|p1a: Dunsparce|Roost|p1a: Dunsparce\n|-heal|p1a: Dunsparce|194/312\n|\n|upkeep\n|turn|4\n|inactive|Time left: 300 sec this turn | 300 sec total\n|\n|t:|1783554914\n|switch|p2a: Golurk|Golurk, L87|100/100\n|move|p1a: Dunsparce|Body Slam|p2a: Golurk\n|-immune|p2a: Golurk\n|\n|upkeep\n|turn|5\n|inactive|Time left: 300 sec this turn | 300 sec total\n|\n|t:|1783554916\n|switch|p1a: Iron Jugulis|Iron Jugulis, L77|271/271\n|move|p2a: Golurk|Poltergeist|p1a: Iron Jugulis\n|-activate|p1a: Iron Jugulis|move: Poltergeist|Power Herb\n|-resisted|p1a: Iron Jugulis\n|-damage|p1a: Iron Jugulis|146/271\n|\n|upkeep\n|turn|6\n|inactive|Time left: 300 sec this turn | 300 sec total\n|\n|t:|1783554917\n|move|p1a: Iron Jugulis|Meteor Beam||[still]\n|-prepare|p1a: Iron Jugulis|Meteor Beam\n|-boost|p1a: Iron Jugulis|spa|1\n|-enditem|p1a: Iron Jugulis|Power Herb\n|-anim|p1a: Iron Jugulis|Meteor Beam|p2a: Golurk\n|-resisted|p2a: Golurk\n|-damage|p2a: Golurk|77/100\n|move|p2a: Golurk|Poltergeist||[still]\n|-fail|p2a: Golurk\n|\n|upkeep\n|turn|7\n|inactive|Time left: 300 sec this turn | 300 sec total\n|\n|t:|1783554919\n|switch|p2a: Slaking|Slaking, L84, F|82/100\n|move|p1a: Iron Jugulis|Hurricane|p2a: Slaking\n|-damage|p2a: Slaking|30/100\n|-start|p2a: Slaking|confusion\n|\n|upkeep\n|turn|8\n|inactive|Time left: 300 sec this turn | 300 sec total\n|\n|t:|1783554920\n|-activate|p2a: Slaking|confusion\n|move|p2a: Slaking|Double-Edge|p1a: Iron Jugulis\n|-damage|p1a: Iron Jugulis|0 fnt\n|faint|p1a: Iron Jugulis\n|-end|p1a: Iron Jugulis|Quark Drive|[silent]\n|-damage|p2a: Slaking|17/100|[from] Recoil\n|\n|upkeep\n|inactive|Time left: 300 sec this turn | 300 sec total | 5 sec grace\n|\n|t:|1783554920\n|switch|p1a: Veluza|Veluza, L85, F|292/292\n|turn|9\n|inactive|Time left: 300 sec this turn | 300 sec total\n|\n|t:|1783554921\n|cant|p2a: Slaking|ability: Truant\n|move|p1a: Veluza|Fillet Away|p1a: Veluza\n|-boost|p1a: Veluza|atk|2\n|-boost|p1a: Veluza|spa|2\n|-boost|p1a: Veluza|spe|2\n|-damage|p1a: Veluza|146/292\n|-enditem|p1a: Veluza|Sitrus Berry|[eat]\n|-heal|p1a: Veluza|219/292|[from] item: Sitrus Berry\n|\n|upkeep\n|turn|10\n|inactive|Time left: 300 sec this turn | 300 sec total\n|\n|t:|1783554922\n|move|p1a: Veluza|Aqua Cutter|p2a: Slaking\n|-damage|p2a: Slaking|0 fnt\n|faint|p2a: Slaking\n|\n|upkeep\n|\n|t:|1783554923\n|switch|p2a: Weezing|Weezing, L88, M|100/100\n|turn|11\n|inactive|Time left: 300 sec this turn | 300 sec total\n|\n|t:|1783554924\n|-terastallize|p2a: Weezing|Steel\n|move|p1a: Veluza|Aqua Cutter|p2a: Weezing\n|-damage|p2a: Weezing|31/100\n|move|p2a: Weezing|Will-O-Wisp|p1a: Veluza\n|-status|p1a: Veluza|brn\n|\n|-heal|p2a: Weezing|37/100|[from] item: Leftovers\n|-damage|p1a: Veluza|201/292 brn|[from] brn\n|upkeep\n|turn|12\n|inactive|Time left: 300 sec this turn | 300 sec total\n|\n|t:|1783554925\n|move|p1a: Veluza|Aqua Cutter|p2a: Weezing\n|-damage|p2a: Weezing|1/100\n|move|p2a: Weezing|Pain Split|p1a: Veluza\n|-sethp|p1a: Veluza|101/292 brn|[from] move: Pain Split|[silent]\n|-sethp|p2a: Weezing|40/100|[from] move: Pain Split\n|\n|-heal|p2a: Weezing|46/100|[from] item: Leftovers\n|-damage|p1a: Veluza|83/292 brn|[from] brn\n|upkeep\n|turn|13\n|inactive|Time left: 300 sec this turn | 300 sec total\n|\n|t:|1783554926\n|move|p1a: Veluza|Aqua Cutter|p2a: Weezing\n|-damage|p2a: Weezing|9/100\n|move|p2a: Weezing|Sludge Bomb|p1a: Veluza\n|-damage|p1a: Veluza|0 fnt\n|faint|p1a: Veluza\n|\n|-heal|p2a: Weezing|15/100|[from] item: Leftovers\n|upkeep\n|inactive|Time left: 300 sec this turn | 300 sec total | 5 sec grace\n|\n|t:|1783554927\n|switch|p1a: Latias|Latias, L79, F|256/256\n|turn|14\n|inactive|Time left: 300 sec this turn | 300 sec total\n|\n|t:|1783554928\n|move|p1a: Latias|Draco Meteor|p2a: Weezing\n|-resisted|p2a: Weezing\n|-damage|p2a: Weezing|0 fnt\n|-unboost|p1a: Latias|spa|2\n|faint|p2a: Weezing\n|\n|upkeep\n|\n|t:|1783554929\n|switch|p2a: Golurk|Golurk, L87|77/100\n|turn|15\n|inactive|Time left: 300 sec this turn | 300 sec total\n|\n|t:|1783554930\n|switch|p1a: Cacturne|Cacturne, L92, F|278/278\n|move|p2a: Golurk|Poltergeist|p1a: Cacturne\n|-activate|p1a: Cacturne|move: Poltergeist|Life Orb\n|-resisted|p1a: Cacturne\n|-damage|p1a: Cacturne|141/278\n|\n|upkeep\n|turn|16\n|inactive|Time left: 300 sec this turn | 300 sec total\n|\n|t:|1783554931\n|switch|p2a: Cobalion|Cobalion, L80|100/100\n|move|p1a: Cacturne|Knock Off|p2a: Cobalion\n|-resisted|p2a: Cobalion\n|-damage|p2a: Cobalion|77/100\n|-ability|p2a: Cobalion|Justified|boost\n|-boost|p2a: Cobalion|atk|1\n|-enditem|p2a: Cobalion|Leftovers|[from] move: Knock Off|[of] p1a: Cacturne\n|-damage|p1a: Cacturne|114/278|[from] item: Life Orb\n|\n|upkeep\n|turn|17\n|inactive|Time left: 300 sec this turn | 300 sec total\n|\n|t:|1783554932\n|switch|p1a: Seviper|Seviper, L93, F|287/287\n|move|p2a: Cobalion|Iron Head|p1a: Seviper\n|-damage|p1a: Seviper|148/287\n|\n|-heal|p1a: Seviper|165/287|[from] item: Leftovers\n|upkeep\n|turn|18\n|inactive|Time left: 300 sec this turn | 300 sec total\n|\n|t:|1783554933\n|switch|p1a: Dunsparce|Dunsparce, L86, M, tera:Ghost|194/312\n|move|p2a: Cobalion|Iron Head|p1a: Dunsparce\n|-damage|p1a: Dunsparce|104/312\n|\n|upkeep\n|turn|19\n|inactive|Time left: 300 sec this turn | 300 sec total\n|\n|t:|1783554934\n|move|p2a: Cobalion|Iron Head|p1a: Dunsparce\n|-damage|p1a: Dunsparce|26/312\n|move|p1a: Dunsparce|Roost|p1a: Dunsparce\n|-heal|p1a: Dunsparce|182/312\n|\n|upkeep\n|turn|20\n|inactive|Time left: 300 sec this turn | 300 sec total\n|\n|t:|1783554935\n|move|p2a: Cobalion|Iron Head|p1a: Dunsparce\n|-damage|p1a: Dunsparce|101/312\n|move|p1a: Dunsparce|Earthquake|p2a: Cobalion\n|-supereffective|p2a: Cobalion\n|-damage|p2a: Cobalion|41/100\n|\n|upkeep\n|turn|21\n|inactive|Time left: 300 sec this turn | 300 sec total\n|\n|t:|1783554936\n|move|p2a: Cobalion|Iron Head|p1a: Dunsparce\n|-damage|p1a: Dunsparce|11/312\n|move|p1a: Dunsparce|Roost|p1a: Dunsparce\n|-heal|p1a: Dunsparce|167/312\n|\n|upkeep\n|turn|22\n|inactive|Time left: 300 sec this turn | 300 sec total\n|\n|t:|1783554937\n|switch|p2a: Golurk|Golurk, L87|77/100\n|move|p1a: Dunsparce|Coil|p1a: Dunsparce\n|-boost|p1a: Dunsparce|atk|1\n|-boost|p1a: Dunsparce|def|1\n|-boost|p1a: Dunsparce|accuracy|1\n|\n|upkeep\n|turn|23\n|inactive|Time left: 300 sec this turn | 300 sec total\n|\n|t:|1783554938\n|move|p2a: Golurk|Poltergeist|p1a: Dunsparce\n|-activate|p1a: Dunsparce|move: Poltergeist|Eviolite\n|-supereffective|p1a: Dunsparce\n|-damage|p1a: Dunsparce|0 fnt\n|faint|p1a: Dunsparce\n|\n|upkeep\n|inactive|Time left: 300 sec this turn | 300 sec total | 5 sec grace\n|\n|t:|1783554939\n|switch|p1a: Cacturne|Cacturne, L92, F|114/278\n|turn|24\n|inactive|Time left: 300 sec this turn | 300 sec total\n|\n|t:|1783554940\n|switch|p2a: Cobalion|Cobalion, L80|41/100\n|move|p1a: Cacturne|Seed Bomb|p2a: Cobalion\n|-resisted|p2a: Cobalion\n|-damage|p2a: Cobalion|19/100\n|-damage|p1a: Cacturne|87/278|[from] item: Life Orb\n|\n|upkeep\n|turn|25\n|inactive|Time left: 300 sec this turn | 300 sec total\n|\n|t:|1783554941\n|switch|p1a: Latias|Latias, L79, F|256/256\n|move|p2a: Cobalion|Iron Head|p1a: Latias\n|-damage|p1a: Latias|178/256\n|\n|upkeep\n|turn|26\n|inactive|Time left: 300 sec this turn | 300 sec total\n|\n|t:|1783554942\n|move|p2a: Cobalion|Iron Head|p1a: Latias\n|-damage|p1a: Latias|100/256\n|cant|p1a: Latias|flinch\n|\n|upkeep\n|turn|27\n|inactive|Time left: 300 sec this turn | 300 sec total\n|\n|t:|1783554943\n|move|p1a: Latias|Psyshock|p2a: Cobalion\n|-damage|p2a: Cobalion|0 fnt\n|faint|p2a: Cobalion\n|\n|upkeep\n|\n|t:|1783554944\n|switch|p2a: Golurk|Golurk, L87|77/100\n|turn|28\n|inactive|Time left: 300 sec this turn | 300 sec total\n|\n|t:|1783554945\n|move|p1a: Latias|Draco Meteor|p2a: Golurk\n|-damage|p2a: Golurk|18/100\n|-unboost|p1a: Latias|spa|2\n|move|p2a: Golurk|Poltergeist|p1a: Latias\n|-activate|p1a: Latias|move: Poltergeist|Soul Dew\n|-supereffective|p1a: Latias\n|-damage|p1a: Latias|0 fnt\n|faint|p1a: Latias\n|\n|upkeep\n|inactive|Time left: 300 sec this turn | 300 sec total | 5 sec grace\n|\n|t:|1783554946\n|switch|p1a: Seviper|Seviper, L93, F|165/287\n|turn|29\n|inactive|Time left: 300 sec this turn | 300 sec total\n|\n|t:|1783554947\n|move|p1a: Seviper|Trailblaze|p2a: Golurk\n|-supereffective|p2a: Golurk\n|-damage|p2a: Golurk|0 fnt\n|-boost|p1a: Seviper|spe|1\n|faint|p2a: Golurk\n|\n|-heal|p1a: Seviper|182/287|[from] item: Leftovers\n|upkeep\n|\n|t:|1783554948\n|switch|p2a: Heatran|Heatran, L79, F|100/100\n|-item|p2a: Heatran|Air Balloon\n|turn|30\n|inactive|Time left: 300 sec this turn | 300 sec total\n|\n|t:|1783554949\n|move|p1a: Seviper|Trailblaze|p2a: Heatran\n|-resisted|p2a: Heatran\n|-damage|p2a: Heatran|97/100\n|-boost|p1a: Seviper|spe|1\n|-enditem|p2a: Heatran|Air Balloon\n|move|p2a: Heatran|Lava Plume|p1a: Seviper\n|-damage|p1a: Seviper|71/287\n|\n|-heal|p1a: Seviper|88/287|[from] item: Leftovers\n|upkeep\n|turn|31\n|inactive|Time left: 300 sec this turn | 300 sec total\n|\n|t:|1783554951\n|switch|p2a: Lilligant|Lilligant-Hisui, L79, F|100/100\n|move|p1a: Seviper|Earthquake|p2a: Lilligant\n|-resisted|p2a: Lilligant\n|-damage|p2a: Lilligant|80/100\n|\n|-heal|p1a: Seviper|105/287|[from] item: Leftovers\n|upkeep\n|turn|32\n|inactive|Time left: 300 sec this turn | 300 sec total\n|\n|t:|1783554952\n|switch|p2a: Heatran|Heatran, L79, F|97/100\n|move|p1a: Seviper|Gunk Shot|p2a: Heatran\n|-immune|p2a: Heatran\n|\n|-heal|p1a: Seviper|122/287|[from] item: Leftovers\n|upkeep\n|turn|33\n|inactive|Time left: 300 sec this turn | 300 sec total\n|\n|t:|1783554953\n|switch|p2a: Lilligant|Lilligant-Hisui, L79, F|80/100\n|move|p1a: Seviper|Earthquake|p2a: Lilligant\n|-resisted|p2a: Lilligant\n|-damage|p2a: Lilligant|59/100\n|\n|-heal|p1a: Seviper|139/287|[from] item: Leftovers\n|upkeep\n|turn|34\n|inactive|Time left: 300 sec this turn | 300 sec total\n|\n|t:|1783554954\n|switch|p2a: Heatran|Heatran, L79, F|97/100\n|move|p1a: Seviper|Gunk Shot|p2a: Heatran\n|-immune|p2a: Heatran\n|\n|-heal|p1a: Seviper|156/287|[from] item: Leftovers\n|upkeep\n|turn|35\n|inactive|Time left: 300 sec this turn | 300 sec total\n|\n|t:|1783554955\n|switch|p2a: Lilligant|Lilligant-Hisui, L79, F|59/100\n|move|p1a: Seviper|Earthquake|p2a: Lilligant\n|-resisted|p2a: Lilligant\n|-damage|p2a: Lilligant|35/100\n|\n|-heal|p1a: Seviper|173/287|[from] item: Leftovers\n|upkeep\n|turn|36\n|inactive|Time left: 300 sec this turn | 300 sec total\n|\n|t:|1783554956\n|switch|p2a: Heatran|Heatran, L79, F|97/100\n|move|p1a: Seviper|Gunk Shot|p2a: Heatran\n|-immune|p2a: Heatran\n|\n|-heal|p1a: Seviper|190/287|[from] item: Leftovers\n|upkeep\n|turn|37\n|inactive|Time left: 300 sec this turn | 300 sec total\n|\n|t:|1783554957\n|switch|p2a: Lilligant|Lilligant-Hisui, L79, F|35/100\n|move|p1a: Seviper|Earthquake|p2a: Lilligant\n|-resisted|p2a: Lilligant\n|-damage|p2a: Lilligant|14/100\n|\n|-heal|p1a: Seviper|207/287|[from] item: Leftovers\n|upkeep\n|turn|38\n|inactive|Time left: 300 sec this turn | 300 sec total\n|\n|t:|1783554958\n|move|p1a: Seviper|Earthquake|p2a: Lilligant\n|-resisted|p2a: Lilligant\n|-damage|p2a: Lilligant|0 fnt\n|faint|p2a: Lilligant\n|\n|-heal|p1a: Seviper|224/287|[from] item: Leftovers\n|upkeep\n|\n|t:|1783554959\n|switch|p2a: Heatran|Heatran, L79, F|97/100\n|turn|39\n|inactive|Time left: 300 sec this turn | 300 sec total\n|\n|t:|1783554960\n|move|p1a: Seviper|Earthquake|p2a: Heatran\n|-supereffective|p2a: Heatran\n|-damage|p2a: Heatran|0 fnt\n|faint|p2a: Heatran\n|\n|win|p0x12848b32", "uploadtime": 1783554960, "views": 0, "rating": 0, "private": 0, "password": null, "_winner": "p0x12848b32", "_our_name": "p0x12848b32"}