{"id": "battle-gen9randombattle-1624", "formatid": "gen9randombattle", "format": "[Gen 9] Random Battle", "players": ["p0x1624eca7", "p0y16245769"], "log": "|init|battle\n|title|p0x1624eca7 vs. p0y16245769\n|j|\u2606p0x1624eca7\n|j|\u2606p0y16245769\n|t:|1783558031\n|gametype|singles\n|player|p1|p0x1624eca7|170|\n|player|p2|p0y16245769|169|\n|gen|9\n|tier|[Gen 9] Random Battle\n|rule|Species Clause: Limit one of each Pok\u00e9mon\n|rule|HP Percentage Mod: HP is shown in percentages\n|rule|Sleep Clause Mod: Limit one foe put to sleep\n|rule|Illusion Level Mod: Illusion disguises the Pok\u00e9mon's true level\n|\n|t:|1783558031\n|teamsize|p1|6\n|teamsize|p2|6\n|start\n|switch|p1a: Heatran|Heatran, L79, M|273/273\n|switch|p2a: Rillaboom|Rillaboom, L79, M|100/100\n|-fieldstart|move: Grassy Terrain|[from] ability: Grassy Surge|[of] p2a: Rillaboom\n|-item|p1a: Heatran|Air Balloon\n|turn|1\n|inactive|Battle timer is ON: inactive players will automatically lose when time's up. (requested by p0y16245769)\n|inactive|Time left: 300 sec this turn | 300 sec total | 60 sec grace\n|inactive|p0x1624eca7 also wants the timer to be on.\n|\n|t:|1783558033\n|switch|p2a: Walking Wake|Walking Wake, L79|100/100\n|move|p1a: Heatran|Lava Plume|p2a: Walking Wake\n|-resisted|p2a: Walking Wake\n|-damage|p2a: Walking Wake|91/100\n|-status|p2a: Walking Wake|brn\n|\n|-heal|p2a: Walking Wake|97/100 brn|[from] Grassy Terrain\n|-damage|p2a: Walking Wake|91/100 brn|[from] brn\n|upkeep\n|turn|2\n|inactive|Time left: 300 sec this turn | 300 sec total\n|\n|t:|1783558034\n|move|p2a: Walking Wake|Hydro Pump|p1a: Heatran\n|-supereffective|p1a: Heatran\n|-damage|p1a: Heatran|0 fnt\n|-enditem|p1a: Heatran|Air Balloon\n|faint|p1a: Heatran\n|\n|-heal|p2a: Walking Wake|97/100 brn|[from] Grassy Terrain\n|-damage|p2a: Walking Wake|91/100 brn|[from] brn\n|upkeep\n|inactive|Time left: 300 sec this turn | 300 sec total | 5 sec grace\n|\n|t:|1783558035\n|switch|p1a: Grafaiai|Grafaiai, L86, F|249/249\n|turn|3\n|inactive|Time left: 300 sec this turn | 300 sec total\n|\n|t:|1783558036\n|move|p1a: Grafaiai|Super Fang|p2a: Walking Wake\n|-damage|p2a: Walking Wake|46/100 brn\n|move|p2a: Walking Wake|Hydro Pump|p1a: Grafaiai\n|-damage|p1a: Grafaiai|111/249\n|\n|-heal|p1a: Grafaiai|126/249|[from] Grassy Terrain\n|-heal|p2a: Walking Wake|52/100 brn|[from] Grassy Terrain\n|-damage|p2a: Walking Wake|46/100 brn|[from] brn\n|upkeep\n|turn|4\n|inactive|Time left: 300 sec this turn | 300 sec total\n|\n|t:|1783558037\n|move|p1a: Grafaiai|Gunk Shot|p2a: Walking Wake\n|-damage|p2a: Walking Wake|0 fnt\n|faint|p2a: Walking Wake\n|-end|p2a: Walking Wake|Protosynthesis|[silent]\n|\n|-heal|p1a: Grafaiai|141/249|[from] Grassy Terrain\n|upkeep\n|\n|t:|1783558038\n|switch|p2a: Vikavolt|Vikavolt, L83, F|100/100\n|turn|5\n|inactive|Time left: 300 sec this turn | 300 sec total\n|\n|t:|1783558039\n|move|p1a: Grafaiai|Gunk Shot|p2a: Vikavolt\n|-damage|p2a: Vikavolt|49/100\n|move|p2a: Vikavolt|Sticky Web|p1a: Grafaiai\n|-sidestart|p1: p0x1624eca7|move: Sticky Web\n|\n|-heal|p1a: Grafaiai|156/249|[from] Grassy Terrain\n|-fieldend|move: Grassy Terrain\n|upkeep\n|turn|6\n|inactive|Time left: 300 sec this turn | 300 sec total\n|\n|t:|1783558040\n|switch|p2a: Probopass|Probopass, L91, M|100/100\n|move|p1a: Grafaiai|Gunk Shot|p2a: Probopass\n|-immune|p2a: Probopass\n|\n|upkeep\n|turn|7\n|inactive|Time left: 300 sec this turn | 300 sec total\n|\n|t:|1783558041\n|move|p1a: Grafaiai|Super Fang|p2a: Probopass\n|-damage|p2a: Probopass|51/100\n|move|p2a: Probopass|Body Press|p1a: Grafaiai\n|-damage|p1a: Grafaiai|40/249\n|\n|-heal|p2a: Probopass|57/100|[from] item: Leftovers\n|upkeep\n|turn|8\n|inactive|Time left: 300 sec this turn | 300 sec total\n|\n|t:|1783558042\n|move|p1a: Grafaiai|Knock Off|p2a: Probopass\n|-damage|p2a: Probopass|38/100\n|-enditem|p2a: Probopass|Leftovers|[from] move: Knock Off|[of] p1a: Grafaiai\n|move|p2a: Probopass|Power Gem|p1a: Grafaiai\n|-damage|p1a: Grafaiai|0 fnt\n|faint|p1a: Grafaiai\n|\n|upkeep\n|inactive|Time left: 300 sec this turn | 300 sec total | 5 sec grace\n|\n|t:|1783558042\n|switch|p1a: Poliwrath|Poliwrath, L88, F|302/302\n|-activate|p1a: Poliwrath|move: Sticky Web\n|-unboost|p1a: Poliwrath|spe|1\n|turn|9\n|inactive|Time left: 300 sec this turn | 300 sec total\n|\n|t:|1783558044\n|switch|p2a: Rillaboom|Rillaboom, L79, M|100/100\n|-fieldstart|move: Grassy Terrain|[from] ability: Grassy Surge|[of] p2a: Rillaboom\n|move|p1a: Poliwrath|Circle Throw|p2a: Rillaboom\n|-damage|p2a: Rillaboom|74/100\n|drag|p2a: Vikavolt|Vikavolt, L83, F|49/100\n|\n|upkeep\n|turn|10\n|inactive|Time left: 300 sec this turn | 300 sec total\n|\n|t:|1783558045\n|move|p2a: Vikavolt|Discharge|p1a: Poliwrath\n|-supereffective|p1a: Poliwrath\n|-damage|p1a: Poliwrath|152/302\n|move|p1a: Poliwrath|Liquidation|p2a: Vikavolt\n|-damage|p2a: Vikavolt|10/100\n|\n|-heal|p1a: Poliwrath|170/302|[from] Grassy Terrain\n|upkeep\n|turn|11\n|inactive|Time left: 300 sec this turn | 300 sec total\n|\n|t:|1783558046\n|move|p2a: Vikavolt|Volt Switch|p1a: Poliwrath\n|-supereffective|p1a: Poliwrath\n|-damage|p1a: Poliwrath|48/302\n|\n|t:|1783558046\n|switch|p2a: Rillaboom|Rillaboom, L79, M|74/100|[from] Volt Switch\n|move|p1a: Poliwrath|Liquidation|p2a: Rillaboom\n|-resisted|p2a: Rillaboom\n|-damage|p2a: Rillaboom|55/100\n|\n|-heal|p2a: Rillaboom|61/100|[from] Grassy Terrain\n|-heal|p1a: Poliwrath|66/302|[from] Grassy Terrain\n|upkeep\n|turn|12\n|inactive|Time left: 300 sec this turn | 300 sec total\n|\n|t:|1783558047\n|move|p2a: Rillaboom|High Horsepower|p1a: Poliwrath\n|-damage|p1a: Poliwrath|0 fnt\n|faint|p1a: Poliwrath\n|-damage|p2a: Rillaboom|52/100|[from] item: Life Orb\n|\n|-heal|p2a: Rillaboom|58/100|[from] Grassy Terrain\n|upkeep\n|inactive|Time left: 300 sec this turn | 300 sec total | 5 sec grace\n|\n|t:|1783558048\n|switch|p1a: Dachsbun|Dachsbun, L92, M|254/254\n|-activate|p1a: Dachsbun|move: Sticky Web\n|-unboost|p1a: Dachsbun|spe|1\n|turn|13\n|inactive|Time left: 300 sec this turn | 300 sec total\n|\n|t:|1783558049\n|move|p2a: Rillaboom|Swords Dance|p2a: Rillaboom\n|-boost|p2a: Rillaboom|atk|2\n|move|p1a: Dachsbun|Body Press|p2a: Rillaboom\n|-damage|p2a: Rillaboom|30/100\n|\n|-heal|p2a: Rillaboom|36/100|[from] Grassy Terrain\n|-fieldend|move: Grassy Terrain\n|upkeep\n|turn|14\n|inactive|Time left: 300 sec this turn | 300 sec total\n|\n|t:|1783558051\n|move|p2a: Rillaboom|Wood Hammer|p1a: Dachsbun\n|-damage|p1a: Dachsbun|3/254\n|-damage|p2a: Rillaboom|7/100|[from] Recoil\n|-damage|p2a: Rillaboom|0 fnt|[from] item: Life Orb\n|faint|p2a: Rillaboom\n|move|p1a: Dachsbun|Body Press|p2: Rillaboom|[notarget]\n|-fail|p1a: Dachsbun\n|\n|-heal|p1a: Dachsbun|18/254|[from] item: Leftovers\n|upkeep\n|\n|t:|1783558052\n|switch|p2a: Deoxys|Deoxys-Defense, L84|100/100\n|-ability|p2a: Deoxys|Pressure\n|turn|15\n|inactive|Time left: 300 sec this turn | 300 sec total\n|\n|t:|1783558053\n|move|p2a: Deoxys|Cosmic Power|p2a: Deoxys\n|-boost|p2a: Deoxys|def|1\n|-boost|p2a: Deoxys|spd|1\n|move|p1a: Dachsbun|Wish|p1a: Dachsbun\n|\n|-heal|p1a: Dachsbun|33/254|[from] item: Leftovers\n|upkeep\n|turn|16\n|inactive|Time left: 300 sec this turn | 300 sec total\n|\n|t:|1783558054\n|switch|p1a: Arceus|Arceus, L68|276/276\n|-activate|p1a: Arceus|move: Sticky Web\n|-unboost|p1a: Arceus|spe|1\n|move|p2a: Deoxys|Night Shade|p1a: Arceus\n|-immune|p1a: Arceus\n|\n|upkeep\n|turn|17\n|inactive|Time left: 300 sec this turn | 300 sec total\n|\n|t:|1783558055\n|move|p2a: Deoxys|Cosmic Power|p2a: Deoxys\n|-boost|p2a: Deoxys|def|1\n|-boost|p2a: Deoxys|spd|1\n|move|p1a: Arceus|Swords Dance|p1a: Arceus\n|-boost|p1a: Arceus|atk|2\n|\n|upkeep\n|turn|18\n|inactive|Time left: 300 sec this turn | 300 sec total\n|\n|t:|1783558056\n|move|p2a: Deoxys|Stored Power|p1a: Arceus\n|-damage|p1a: Arceus|201/276\n|move|p1a: Arceus|Swords Dance|p1a: Arceus\n|-boost|p1a: Arceus|atk|2\n|\n|-heal|p1a: Arceus|218/276|[from] item: Leftovers\n|upkeep\n|turn|19\n|inactive|Time left: 300 sec this turn | 300 sec total\n|\n|t:|1783558057\n|move|p2a: Deoxys|Cosmic Power|p2a: Deoxys\n|-boost|p2a: Deoxys|def|1\n|-boost|p2a: Deoxys|spd|1\n|move|p1a: Arceus|Shadow Claw|p2a: Deoxys\n|-supereffective|p2a: Deoxys\n|-crit|p2a: Deoxys\n|-damage|p2a: Deoxys|7/100\n|\n|-heal|p2a: Deoxys|13/100|[from] item: Leftovers\n|-heal|p1a: Arceus|235/276|[from] item: Leftovers\n|upkeep\n|turn|20\n|inactive|Time left: 300 sec this turn | 300 sec total\n|\n|t:|1783558058\n|-terastallize|p2a: Deoxys|Steel\n|move|p1a: Arceus|Extreme Speed|p2a: Deoxys\n|-resisted|p2a: Deoxys\n|-damage|p2a: Deoxys|1/100\n|move|p2a: Deoxys|Recover|p2a: Deoxys\n|-heal|p2a: Deoxys|51/100\n|\n|-heal|p2a: Deoxys|57/100|[from] item: Leftovers\n|-heal|p1a: Arceus|252/276|[from] item: Leftovers\n|upkeep\n|turn|21\n|inactive|Time left: 300 sec this turn | 300 sec total\n|\n|t:|1783558059\n|move|p2a: Deoxys|Recover|p2a: Deoxys\n|-heal|p2a: Deoxys|100/100\n|move|p1a: Arceus|Swords Dance|p1a: Arceus\n|-boost|p1a: Arceus|atk|2\n|\n|-heal|p1a: Arceus|269/276|[from] item: Leftovers\n|upkeep\n|turn|22\n|inactive|Time left: 300 sec this turn | 300 sec total\n|\n|t:|1783558060\n|move|p2a: Deoxys|Stored Power|p1a: Arceus\n|-damage|p1a: Arceus|163/276\n|move|p1a: Arceus|Recover|p1a: Arceus\n|-heal|p1a: Arceus|276/276\n|\n|upkeep\n|turn|23\n|inactive|Time left: 300 sec this turn | 300 sec total\n|\n|t:|1783558062\n|move|p2a: Deoxys|Stored Power|p1a: Arceus\n|-damage|p1a: Arceus|168/276\n|move|p1a: Arceus|Recover|p1a: Arceus\n|-heal|p1a: Arceus|276/276\n|\n|upkeep\n|turn|24\n|inactive|Time left: 300 sec this turn | 300 sec total\n|\n|t:|1783558063\n|move|p2a: Deoxys|Stored Power|p1a: Arceus\n|-damage|p1a: Arceus|168/276\n|move|p1a: Arceus|Recover|p1a: Arceus\n|-heal|p1a: Arceus|276/276\n|\n|upkeep\n|turn|25\n|inactive|Time left: 300 sec this turn | 300 sec total\n|\n|t:|1783558064\n|move|p2a: Deoxys|Stored Power|p1a: Arceus\n|-damage|p1a: Arceus|161/276\n|move|p1a: Arceus|Shadow Claw|p2a: Deoxys\n|-crit|p2a: Deoxys\n|-damage|p2a: Deoxys|34/100\n|\n|-heal|p2a: Deoxys|40/100|[from] item: Leftovers\n|-heal|p1a: Arceus|178/276|[from] item: Leftovers\n|upkeep\n|turn|26\n|inactive|Time left: 300 sec this turn | 300 sec total\n|\n|t:|1783558065\n|move|p2a: Deoxys|Stored Power|p1a: Arceus\n|-damage|p1a: Arceus|66/276\n|move|p1a: Arceus|Recover|p1a: Arceus\n|-heal|p1a: Arceus|204/276\n|\n|-heal|p2a: Deoxys|46/100|[from] item: Leftovers\n|-heal|p1a: Arceus|221/276|[from] item: Leftovers\n|upkeep\n|turn|27\n|inactive|Time left: 300 sec this turn | 300 sec total\n|\n|t:|1783558066\n|move|p2a: Deoxys|Recover|p2a: Deoxys\n|-heal|p2a: Deoxys|96/100\n|move|p1a: Arceus|Shadow Claw|p2a: Deoxys\n|-damage|p2a: Deoxys|78/100\n|\n|-heal|p2a: Deoxys|84/100|[from] item: Leftovers\n|-heal|p1a: Arceus|238/276|[from] item: Leftovers\n|upkeep\n|turn|28\n|inactive|Time left: 300 sec this turn | 300 sec total\n|\n|t:|1783558067\n|move|p2a: Deoxys|Stored Power|p1a: Arceus\n|-damage|p1a: Arceus|123/276\n|move|p1a: Arceus|Shadow Claw|p2a: Deoxys\n|-crit|p2a: Deoxys\n|-damage|p2a: Deoxys|20/100\n|\n|-heal|p2a: Deoxys|26/100|[from] item: Leftovers\n|-heal|p1a: Arceus|140/276|[from] item: Leftovers\n|upkeep\n|turn|29\n|inactive|Time left: 300 sec this turn | 300 sec total\n|\n|t:|1783558069\n|move|p2a: Deoxys|Recover|p2a: Deoxys\n|-heal|p2a: Deoxys|77/100\n|move|p1a: Arceus|Shadow Claw|p2a: Deoxys\n|-damage|p2a: Deoxys|58/100\n|\n|-heal|p2a: Deoxys|64/100|[from] item: Leftovers\n|-heal|p1a: Arceus|157/276|[from] item: Leftovers\n|upkeep\n|turn|30\n|inactive|Time left: 300 sec this turn | 300 sec total\n|\n|t:|1783558070\n|move|p2a: Deoxys|Stored Power|p1a: Arceus\n|-damage|p1a: Arceus|48/276\n|move|p1a: Arceus|Recover|p1a: Arceus\n|-heal|p1a: Arceus|186/276\n|\n|-heal|p2a: Deoxys|70/100|[from] item: Leftovers\n|-heal|p1a: Arceus|203/276|[from] item: Leftovers\n|upkeep\n|turn|31\n|inactive|Time left: 300 sec this turn | 300 sec total\n|\n|t:|1783558070\n|move|p2a: Deoxys|Stored Power|p1a: Arceus\n|-damage|p1a: Arceus|85/276\n|move|p1a: Arceus|Recover|p1a: Arceus\n|-heal|p1a: Arceus|223/276\n|\n|-heal|p2a: Deoxys|76/100|[from] item: Leftovers\n|-heal|p1a: Arceus|240/276|[from] item: Leftovers\n|upkeep\n|turn|32\n|inactive|Time left: 300 sec this turn | 300 sec total\n|\n|t:|1783558071\n|move|p2a: Deoxys|Stored Power|p1a: Arceus\n|-damage|p1a: Arceus|122/276\n|move|p1a: Arceus|Recover|p1a: Arceus\n|-heal|p1a: Arceus|260/276\n|\n|-heal|p2a: Deoxys|82/100|[from] item: Leftovers\n|-heal|p1a: Arceus|276/276|[from] item: Leftovers\n|upkeep\n|turn|33\n|inactive|Time left: 300 sec this turn | 300 sec total\n|\n|t:|1783558073\n|move|p2a: Deoxys|Stored Power|p1a: Arceus\n|-damage|p1a: Arceus|156/276\n|move|p1a: Arceus|Shadow Claw|p2a: Deoxys\n|-damage|p2a: Deoxys|63/100\n|\n|-heal|p2a: Deoxys|69/100|[from] item: Leftovers\n|-heal|p1a: Arceus|173/276|[from] item: Leftovers\n|upkeep\n|turn|34\n|inactive|Time left: 300 sec this turn | 300 sec total\n|\n|t:|1783558074\n|move|p2a: Deoxys|Stored Power|p1a: Arceus\n|-damage|p1a: Arceus|52/276\n|move|p1a: Arceus|Recover|p1a: Arceus\n|-heal|p1a: Arceus|190/276\n|\n|-heal|p2a: Deoxys|75/100|[from] item: Leftovers\n|-heal|p1a: Arceus|207/276|[from] item: Leftovers\n|upkeep\n|turn|35\n|inactive|Time left: 300 sec this turn | 300 sec total\n|\n|t:|1783558075\n|move|p2a: Deoxys|Stored Power|p1a: Arceus\n|-damage|p1a: Arceus|98/276\n|move|p1a: Arceus|Shadow Claw|p2a: Deoxys\n|-damage|p2a: Deoxys|58/100\n|\n|-heal|p2a: Deoxys|63/100|[from] item: Leftovers\n|-heal|p1a: Arceus|115/276|[from] item: Leftovers\n|upkeep\n|turn|36\n|inactive|Time left: 300 sec this turn | 300 sec total\n|\n|t:|1783558076\n|move|p2a: Deoxys|Stored Power|p1a: Arceus\n|-damage|p1a: Arceus|7/276\n|move|p1a: Arceus|Shadow Claw|p2a: Deoxys\n|-damage|p2a: Deoxys|46/100\n|\n|-heal|p2a: Deoxys|52/100|[from] item: Leftovers\n|-heal|p1a: Arceus|24/276|[from] item: Leftovers\n|upkeep\n|turn|37\n|inactive|Time left: 300 sec this turn | 300 sec total\n|\n|t:|1783558078\n|move|p1a: Arceus|Extreme Speed|p2a: Deoxys\n|-resisted|p2a: Deoxys\n|-damage|p2a: Deoxys|38/100\n|move|p2a: Deoxys|Stored Power|p1a: Arceus\n|-damage|p1a: Arceus|0 fnt\n|faint|p1a: Arceus\n|\n|-heal|p2a: Deoxys|43/100|[from] item: Leftovers\n|upkeep\n|inactive|Time left: 300 sec this turn | 300 sec total | 5 sec grace\n|\n|t:|1783558079\n|switch|p1a: Comfey|Comfey, L85, M|225/225\n|-activate|p1a: Comfey|move: Sticky Web\n|-unboost|p1a: Comfey|spe|1\n|turn|38\n|inactive|Time left: 300 sec this turn | 300 sec total\n|\n|t:|1783558080\n|move|p2a: Deoxys|Night Shade|p1a: Comfey\n|-damage|p1a: Comfey|141/225\n|move|p1a: Comfey|Calm Mind|p1a: Comfey\n|-boost|p1a: Comfey|spa|1\n|-boost|p1a: Comfey|spd|1\n|\n|-heal|p2a: Deoxys|49/100|[from] item: Leftovers\n|-heal|p1a: Comfey|155/225|[from] item: Leftovers\n|upkeep\n|turn|39\n|inactive|Time left: 300 sec this turn | 300 sec total\n|\n|t:|1783558081\n|move|p2a: Deoxys|Night Shade|p1a: Comfey\n|-damage|p1a: Comfey|71/225\n|move|p1a: Comfey|Calm Mind|p1a: Comfey\n|-boost|p1a: Comfey|spa|1\n|-boost|p1a: Comfey|spd|1\n|\n|-heal|p2a: Deoxys|55/100|[from] item: Leftovers\n|-heal|p1a: Comfey|85/225|[from] item: Leftovers\n|upkeep\n|turn|40\n|inactive|Time left: 300 sec this turn | 300 sec total\n|\n|t:|1783558083\n|move|p1a: Comfey|Synthesis|p1a: Comfey\n|-heal|p1a: Comfey|197/225\n|move|p2a: Deoxys|Night Shade|p1a: Comfey\n|-damage|p1a: Comfey|113/225\n|\n|-heal|p2a: Deoxys|61/100|[from] item: Leftovers\n|-heal|p1a: Comfey|127/225|[from] item: Leftovers\n|upkeep\n|turn|41\n|inactive|Time left: 300 sec this turn | 300 sec total\n|\n|t:|1783558084\n|move|p1a: Comfey|Synthesis|p1a: Comfey\n|-heal|p1a: Comfey|225/225\n|move|p2a: Deoxys|Night Shade|p1a: Comfey\n|-damage|p1a: Comfey|141/225\n|\n|-heal|p2a: Deoxys|67/100|[from] item: Leftovers\n|-heal|p1a: Comfey|155/225|[from] item: Leftovers\n|upkeep\n|turn|42\n|inactive|Time left: 300 sec this turn | 300 sec total\n|\n|t:|1783558085\n|move|p1a: Comfey|Synthesis|p1a: Comfey\n|-heal|p1a: Comfey|225/225\n|move|p2a: Deoxys|Night Shade|p1a: Comfey\n|-damage|p1a: Comfey|141/225\n|\n|-heal|p2a: Deoxys|73/100|[from] item: Leftovers\n|-heal|p1a: Comfey|155/225|[from] item: Leftovers\n|upkeep\n|turn|43\n|inactive|Time left: 300 sec this turn | 300 sec total\n|\n|t:|1783558086\n|move|p2a: Deoxys|Night Shade|p1a: Comfey\n|-damage|p1a: Comfey|71/225\n|move|p1a: Comfey|Calm Mind|p1a: Comfey\n|-boost|p1a: Comfey|spa|1\n|-boost|p1a: Comfey|spd|1\n|\n|-heal|p2a: Deoxys|79/100|[from] item: Leftovers\n|-heal|p1a: Comfey|85/225|[from] item: Leftovers\n|upkeep\n|turn|44\n|inactive|Time left: 300 sec this turn | 300 sec total\n|\n|t:|1783558087\n|move|p1a: Comfey|Synthesis|p1a: Comfey\n|-heal|p1a: Comfey|197/225\n|move|p2a: Deoxys|Night Shade|p1a: Comfey\n|-damage|p1a: Comfey|113/225\n|\n|-heal|p2a: Deoxys|85/100|[from] item: Leftovers\n|-heal|p1a: Comfey|127/225|[from] item: Leftovers\n|upkeep\n|turn|45\n|inactive|Time left: 300 sec this turn | 300 sec total\n|\n|t:|1783558089\n|move|p1a: Comfey|Synthesis|p1a: Comfey\n|-heal|p1a: Comfey|225/225\n|move|p2a: Deoxys|Night Shade|p1a: Comfey\n|-damage|p1a: Comfey|141/225\n|\n|-heal|p2a: Deoxys|91/100|[from] item: Leftovers\n|-heal|p1a: Comfey|155/225|[from] item: Leftovers\n|upkeep\n|turn|46\n|inactive|Time left: 300 sec this turn | 300 sec total\n|\n|t:|1783558090\n|move|p1a: Comfey|Synthesis|p1a: Comfey\n|-heal|p1a: Comfey|225/225\n|move|p2a: Deoxys|Night Shade|p1a: Comfey\n|-damage|p1a: Comfey|141/225\n|\n|-heal|p2a: Deoxys|96/100|[from] item: Leftovers\n|-heal|p1a: Comfey|155/225|[from] item: Leftovers\n|upkeep\n|turn|47\n|inactive|Time left: 300 sec this turn | 300 sec total\n|\n|t:|1783558091\n|move|p2a: Deoxys|Night Shade|p1a: Comfey\n|-damage|p1a: Comfey|71/225\n|move|p1a: Comfey|Calm Mind|p1a: Comfey\n|-boost|p1a: Comfey|spa|1\n|-boost|p1a: Comfey|spd|1\n|\n|-heal|p2a: Deoxys|100/100|[from] item: Leftovers\n|-heal|p1a: Comfey|85/225|[from] item: Leftovers\n|upkeep\n|turn|48\n|inactive|Time left: 300 sec this turn | 300 sec total\n|\n|t:|1783558092\n|move|p1a: Comfey|Synthesis|p1a: Comfey\n|-heal|p1a: Comfey|197/225\n|move|p2a: Deoxys|Night Shade|p1a: Comfey\n|-damage|p1a: Comfey|113/225\n|\n|-heal|p1a: Comfey|127/225|[from] item: Leftovers\n|upkeep\n|turn|49\n|inactive|Time left: 300 sec this turn | 300 sec total\n|\n|t:|1783558093\n|move|p1a: Comfey|Synthesis|p1a: Comfey\n|-heal|p1a: Comfey|225/225\n|move|p2a: Deoxys|Night Shade|p1a: Comfey\n|-damage|p1a: Comfey|141/225\n|\n|-heal|p1a: Comfey|155/225|[from] item: Leftovers\n|upkeep\n|turn|50\n|inactive|Time left: 300 sec this turn | 300 sec total\n|\n|t:|1783558094\n|-terastallize|p1a: Comfey|Ground\n|move|p2a: Deoxys|Cosmic Power|p2a: Deoxys\n|-boost|p2a: Deoxys|def|1\n|-boost|p2a: Deoxys|spd|1\n|move|p1a: Comfey|Tera Blast|p2a: Deoxys|[anim] Tera Blast Ground\n|-supereffective|p2a: Deoxys\n|-damage|p2a: Deoxys|54/100\n|\n|-heal|p2a: Deoxys|60/100|[from] item: Leftovers\n|-heal|p1a: Comfey|169/225|[from] item: Leftovers\n|upkeep\n|turn|51\n|inactive|Time left: 300 sec this turn | 300 sec total\n|\n|t:|1783558095\n|move|p2a: Deoxys|Recover|p2a: Deoxys\n|-heal|p2a: Deoxys|100/100\n|move|p1a: Comfey|Tera Blast|p2a: Deoxys|[anim] Tera Blast Ground\n|-supereffective|p2a: Deoxys\n|-damage|p2a: Deoxys|54/100\n|\n|-heal|p2a: Deoxys|60/100|[from] item: Leftovers\n|-heal|p1a: Comfey|183/225|[from] item: Leftovers\n|upkeep\n|turn|52\n|inactive|Time left: 300 sec this turn | 300 sec total\n|\n|t:|1783558096\n|move|p2a: Deoxys|Recover|p2a: Deoxys\n|-heal|p2a: Deoxys|100/100\n|move|p1a: Comfey|Tera Blast|p2a: Deoxys|[anim] Tera Blast Ground\n|-supereffective|p2a: Deoxys\n|-damage|p2a: Deoxys|57/100\n|\n|-heal|p2a: Deoxys|63/100|[from] item: Leftovers\n|-heal|p1a: Comfey|197/225|[from] item: Leftovers\n|upkeep\n|turn|53\n|inactive|Time left: 300 sec this turn | 300 sec total\n|\n|t:|1783558097\n|move|p2a: Deoxys|Cosmic Power|p2a: Deoxys\n|-boost|p2a: Deoxys|def|1\n|-boost|p2a: Deoxys|spd|1\n|move|p1a: Comfey|Tera Blast|p2a: Deoxys|[anim] Tera Blast Ground\n|-supereffective|p2a: Deoxys\n|-damage|p2a: Deoxys|24/100\n|\n|-heal|p2a: Deoxys|30/100|[from] item: Leftovers\n|-heal|p1a: Comfey|211/225|[from] item: Leftovers\n|upkeep\n|turn|54\n|inactive|Time left: 300 sec this turn | 300 sec total\n|\n|t:|1783558098\n|move|p2a: Deoxys|Recover|p2a: Deoxys\n|-heal|p2a: Deoxys|80/100\n|move|p1a: Comfey|Tera Blast|p2a: Deoxys|[anim] Tera Blast Ground\n|-supereffective|p2a: Deoxys\n|-damage|p2a: Deoxys|39/100\n|\n|-heal|p2a: Deoxys|44/100|[from] item: Leftovers\n|-heal|p1a: Comfey|225/225|[from] item: Leftovers\n|upkeep\n|turn|55\n|inactive|Time left: 300 sec this turn | 300 sec total\n|\n|t:|1783558098\n|move|p2a: Deoxys|Cosmic Power|p2a: Deoxys\n|-boost|p2a: Deoxys|def|1\n|-boost|p2a: Deoxys|spd|1\n|move|p1a: Comfey|Tera Blast|p2a: Deoxys|[anim] Tera Blast Ground\n|-supereffective|p2a: Deoxys\n|-damage|p2a: Deoxys|14/100\n|\n|-heal|p2a: Deoxys|20/100|[from] item: Leftovers\n|upkeep\n|turn|56\n|inactive|Time left: 300 sec this turn | 300 sec total\n|\n|t:|1783558099\n|move|p2a: Deoxys|Recover|p2a: Deoxys\n|-heal|p2a: Deoxys|70/100\n|move|p1a: Comfey|Calm Mind|p1a: Comfey\n|-boost|p1a: Comfey|spa|1\n|-boost|p1a: Comfey|spd|1\n|\n|-heal|p2a: Deoxys|76/100|[from] item: Leftovers\n|upkeep\n|turn|57\n|inactive|Time left: 300 sec this turn | 300 sec total\n|\n|t:|1783558100\n|move|p2a: Deoxys|Night Shade|p1a: Comfey\n|-damage|p1a: Comfey|141/225\n|move|p1a: Comfey|Calm Mind|p1a: Comfey\n|-boost|p1a: Comfey|spa|1\n|-boost|p1a: Comfey|spd|1\n|\n|-heal|p2a: Deoxys|81/100|[from] item: Leftovers\n|-heal|p1a: Comfey|155/225|[from] item: Leftovers\n|upkeep\n|turn|58\n|inactive|Time left: 300 sec this turn | 300 sec total\n|\n|t:|1783558101\n|move|p2a: Deoxys|Night Shade|p1a: Comfey\n|-damage|p1a: Comfey|71/225\n|move|p1a: Comfey|Tera Blast|p2a: Deoxys|[anim] Tera Blast Ground\n|-supereffective|p2a: Deoxys\n|-damage|p2a: Deoxys|38/100\n|\n|-heal|p2a: Deoxys|44/100|[from] item: Leftovers\n|-heal|p1a: Comfey|85/225|[from] item: Leftovers\n|upkeep\n|turn|59\n|inactive|Time left: 300 sec this turn | 300 sec total\n|\n|t:|1783558102\n|move|p2a: Deoxys|Night Shade|p1a: Comfey\n|-damage|p1a: Comfey|1/225\n|move|p1a: Comfey|Tera Blast|p2a: Deoxys|[anim] Tera Blast Ground\n|-supereffective|p2a: Deoxys\n|-damage|p2a: Deoxys|0 fnt\n|faint|p2a: Deoxys\n|\n|-heal|p1a: Comfey|15/225|[from] item: Leftovers\n|upkeep\n|\n|t:|1783558102\n|switch|p2a: Probopass|Probopass, L91, M|38/100\n|turn|60\n|inactive|Time left: 300 sec this turn | 300 sec total\n|\n|t:|1783558104\n|move|p1a: Comfey|Draining Kiss|p2a: Probopass\n|-resisted|p2a: Probopass\n|-damage|p2a: Probopass|16/100\n|-heal|p1a: Comfey|59/225|[from] drain|[of] p2a: Probopass\n|move|p2a: Probopass|Body Press|p1a: Comfey\n|-damage|p1a: Comfey|0 fnt\n|faint|p1a: Comfey\n|\n|upkeep\n|inactive|Time left: 300 sec this turn | 300 sec total | 5 sec grace\n|\n|t:|1783558104\n|switch|p1a: Dachsbun|Dachsbun, L92, M|33/254\n|-activate|p1a: Dachsbun|move: Sticky Web\n|-unboost|p1a: Dachsbun|spe|1\n|turn|61\n|inactive|Time left: 300 sec this turn | 300 sec total\n|\n|t:|1783558105\n|move|p1a: Dachsbun|Protect|p1a: Dachsbun\n|-singleturn|p1a: Dachsbun|Protect\n|move|p2a: Probopass|Power Gem|p1a: Dachsbun\n|-activate|p1a: Dachsbun|move: Protect\n|\n|-heal|p1a: Dachsbun|48/254|[from] item: Leftovers\n|upkeep\n|turn|62\n|inactive|Time left: 300 sec this turn | 300 sec total\n|\n|t:|1783558106\n|move|p1a: Dachsbun|Body Press|p2a: Probopass\n|-supereffective|p2a: Probopass\n|-crit|p2a: Probopass\n|-damage|p2a: Probopass|0 fnt\n|faint|p2a: Probopass\n|\n|-heal|p1a: Dachsbun|63/254|[from] item: Leftovers\n|upkeep\n|\n|t:|1783558107\n|switch|p2a: Hypno|Hypno, L95, F|100/100\n|turn|63\n|inactive|Time left: 300 sec this turn | 300 sec total\n|\n|t:|1783558108\n|move|p1a: Dachsbun|Protect|p1a: Dachsbun\n|-singleturn|p1a: Dachsbun|Protect\n|move|p2a: Hypno|Psychic Noise|p1a: Dachsbun\n|-activate|p1a: Dachsbun|move: Protect\n|\n|-heal|p1a: Dachsbun|78/254|[from] item: Leftovers\n|upkeep\n|turn|64\n|inactive|Time left: 300 sec this turn | 300 sec total\n|\n|t:|1783558109\n|move|p1a: Dachsbun|Protect|p1a: Dachsbun\n|-singleturn|p1a: Dachsbun|Protect\n|move|p2a: Hypno|Psychic Noise|p1a: Dachsbun\n|-activate|p1a: Dachsbun|move: Protect\n|\n|-heal|p1a: Dachsbun|93/254|[from] item: Leftovers\n|upkeep\n|turn|65\n|inactive|Time left: 300 sec this turn | 300 sec total\n|\n|t:|1783558110\n|move|p1a: Dachsbun|Protect||[still]\n|-fail|p1a: Dachsbun\n|move|p2a: Hypno|Psychic Noise|p1a: Dachsbun\n|-damage|p1a: Dachsbun|17/254\n|-start|p1a: Dachsbun|move: Heal Block\n|\n|upkeep\n|turn|66\n|inactive|Time left: 300 sec this turn | 300 sec total\n|\n|t:|1783558111\n|move|p1a: Dachsbun|Protect|p1a: Dachsbun\n|-singleturn|p1a: Dachsbun|Protect\n|move|p2a: Hypno|Psychic Noise|p1a: Dachsbun\n|-activate|p1a: Dachsbun|move: Protect\n|\n|-end|p1a: Dachsbun|move: Heal Block\n|upkeep\n|turn|67\n|inactive|Time left: 300 sec this turn | 300 sec total\n|\n|t:|1783558112\n|move|p1a: Dachsbun|Protect||[still]\n|-fail|p1a: Dachsbun\n|move|p2a: Hypno|Psychic Noise|p1a: Dachsbun\n|-damage|p1a: Dachsbun|0 fnt\n|faint|p1a: Dachsbun\n|\n|win|p0y16245769", "uploadtime": 1783558112, "views": 0, "rating": 0, "private": 0, "password": null, "_winner": "p0y16245769", "_our_name": "p0x1624eca7"}