{"id": "battle-gen9randombattle-2788", "formatid": "gen9randombattle", "format": "[Gen 9] Random Battle", "players": ["p0x27881814", "p0y27882ee7"], "log": "|init|battle\n|title|p0x27881814 vs. p0y27882ee7\n|j|\u2606p0x27881814\n|j|\u2606p0y27882ee7\n|t:|1783571132\n|gametype|singles\n|player|p1|p0x27881814|101|\n|player|p2|p0y27882ee7|101|\n|gen|9\n|tier|[Gen 9] Random Battle\n|rule|Species Clause: Limit one of each Pok\u00e9mon\n|rule|HP Percentage Mod: HP is shown in percentages\n|rule|Sleep Clause Mod: Limit one foe put to sleep\n|rule|Illusion Level Mod: Illusion disguises the Pok\u00e9mon's true level\n|\n|t:|1783571132\n|teamsize|p1|6\n|teamsize|p2|6\n|start\n|switch|p1a: Dipplin|Dipplin, L88, M|100/100\n|switch|p2a: Pikachu|Pikachu-Unova, L93, M|216/216\n|turn|1\n|inactive|Battle timer is ON: inactive players will automatically lose when time's up. (requested by p0x27881814)\n|inactive|Time left: 300 sec this turn | 300 sec total | 60 sec grace\n|inactive|p0y27882ee7 also wants the timer to be on.\n|\n|t:|1783571134\n|switch|p2a: Clefable|Clefable, L83, F|293/293\n|move|p1a: Dipplin|Giga Drain|p2a: Clefable\n|-damage|p2a: Clefable|212/293\n|\n|-heal|p2a: Clefable|230/293|[from] item: Leftovers\n|upkeep\n|turn|2\n|inactive|Time left: 300 sec this turn | 300 sec total\n|\n|t:|1783571135\n|move|p2a: Clefable|Calm Mind|p2a: Clefable\n|-boost|p2a: Clefable|spa|1\n|-boost|p2a: Clefable|spd|1\n|move|p1a: Dipplin|Giga Drain|p2a: Clefable\n|-damage|p2a: Clefable|173/293\n|\n|-heal|p2a: Clefable|191/293|[from] item: Leftovers\n|upkeep\n|turn|3\n|inactive|Time left: 300 sec this turn | 300 sec total\n|\n|t:|1783571136\n|switch|p1a: Komala|Komala, L87, F|100/100\n|-ability|p1a: Komala|Comatose\n|move|p2a: Clefable|Moonblast|p1a: Komala\n|-damage|p1a: Komala|68/100\n|\n|-heal|p2a: Clefable|209/293|[from] item: Leftovers\n|upkeep\n|turn|4\n|inactive|Time left: 300 sec this turn | 300 sec total\n|\n|t:|1783571137\n|move|p1a: Komala|Body Slam|p2a: Clefable\n|-damage|p2a: Clefable|80/293\n|move|p2a: Clefable|Moonblast|p1a: Komala\n|-damage|p1a: Komala|34/100\n|\n|-heal|p2a: Clefable|98/293|[from] item: Leftovers\n|upkeep\n|turn|5\n|inactive|Time left: 300 sec this turn | 300 sec total\n|\n|t:|1783571138\n|switch|p2a: Sableye|Sableye, L88, F|231/231\n|move|p1a: Komala|Body Slam|p2a: Sableye\n|-immune|p2a: Sableye\n|\n|upkeep\n|turn|6\n|inactive|Time left: 300 sec this turn | 300 sec total\n|\n|t:|1783571139\n|move|p1a: Komala|U-turn|p2a: Sableye\n|-damage|p2a: Sableye|170/231\n|\n|t:|1783571140\n|switch|p1a: Dipplin|Dipplin, L88, M|100/100|[from] U-turn\n|move|p2a: Sableye|Knock Off|p1a: Dipplin\n|-damage|p1a: Dipplin|84/100\n|-activate|p1a: Dipplin|ability: Sticky Hold\n|\n|-heal|p2a: Sableye|184/231|[from] item: Leftovers\n|upkeep\n|turn|7\n|inactive|Time left: 300 sec this turn | 300 sec total\n|\n|t:|1783571141\n|switch|p2a: Clefable|Clefable, L83, F|98/293\n|move|p1a: Dipplin|Giga Drain|p2a: Clefable\n|-damage|p2a: Clefable|11/293\n|-heal|p1a: Dipplin|99/100|[from] drain|[of] p2a: Clefable\n|\n|-heal|p2a: Clefable|29/293|[from] item: Leftovers\n|upkeep\n|turn|8\n|inactive|Time left: 300 sec this turn | 300 sec total\n|\n|t:|1783571142\n|move|p2a: Clefable|Moonlight|p2a: Clefable\n|-heal|p2a: Clefable|175/293\n|move|p1a: Dipplin|Giga Drain|p2a: Clefable\n|-damage|p2a: Clefable|88/293\n|-heal|p1a: Dipplin|100/100|[from] drain|[of] p2a: Clefable\n|\n|-heal|p2a: Clefable|106/293|[from] item: Leftovers\n|upkeep\n|turn|9\n|inactive|Time left: 300 sec this turn | 300 sec total\n|\n|t:|1783571143\n|move|p2a: Clefable|Moonlight|p2a: Clefable\n|-heal|p2a: Clefable|252/293\n|move|p1a: Dipplin|Giga Drain|p2a: Clefable\n|-damage|p2a: Clefable|162/293\n|\n|-heal|p2a: Clefable|180/293|[from] item: Leftovers\n|upkeep\n|turn|10\n|inactive|Time left: 300 sec this turn | 300 sec total\n|\n|t:|1783571144\n|switch|p1a: Jirachi|Jirachi, L80|100/100\n|move|p2a: Clefable|Calm Mind|p2a: Clefable\n|-boost|p2a: Clefable|spa|1\n|-boost|p2a: Clefable|spd|1\n|\n|-heal|p2a: Clefable|198/293|[from] item: Leftovers\n|upkeep\n|turn|11\n|inactive|Time left: 300 sec this turn | 300 sec total\n|\n|t:|1783571145\n|move|p1a: Jirachi|Iron Head|p2a: Clefable\n|-supereffective|p2a: Clefable\n|-damage|p2a: Clefable|0 fnt\n|faint|p2a: Clefable\n|\n|upkeep\n|inactive|Time left: 300 sec this turn | 300 sec total | 5 sec grace\n|\n|t:|1783571146\n|switch|p2a: Qwilfish|Qwilfish-Hisui, L83, F|244/244\n|-ability|p2a: Qwilfish|Intimidate|boost\n|-unboost|p1a: Jirachi|atk|1\n|turn|12\n|inactive|Time left: 300 sec this turn | 300 sec total\n|\n|t:|1783571147\n|switch|p1a: Lucario|Lucario, L84, F|100/100\n|move|p2a: Qwilfish|Crunch|p1a: Lucario\n|-resisted|p1a: Lucario\n|-damage|p1a: Lucario|81/100\n|-unboost|p1a: Lucario|def|1\n|-ability|p1a: Lucario|Justified|boost\n|-boost|p1a: Lucario|atk|1\n|\n|upkeep\n|turn|13\n|inactive|Time left: 300 sec this turn | 300 sec total\n|\n|t:|1783571148\n|move|p1a: Lucario|Meteor Mash|p2a: Qwilfish\n|-damage|p2a: Qwilfish|98/244\n|-boost|p1a: Lucario|atk|1\n|-damage|p1a: Lucario|71/100|[from] item: Life Orb\n|move|p2a: Qwilfish|Toxic Spikes|p1a: Lucario\n|-sidestart|p1: p0x27881814|move: Toxic Spikes\n|\n|upkeep\n|turn|14\n|inactive|Time left: 300 sec this turn | 300 sec total\n|\n|t:|1783571149\n|switch|p2a: Stantler|Stantler, L92, M|284/284\n|-ability|p2a: Stantler|Intimidate|boost\n|-unboost|p1a: Lucario|atk|1\n|move|p1a: Lucario|Meteor Mash|p2a: Stantler\n|-damage|p2a: Stantler|124/284\n|-damage|p1a: Lucario|62/100|[from] item: Life Orb\n|\n|upkeep\n|turn|15\n|inactive|Time left: 300 sec this turn | 300 sec total\n|\n|t:|1783571150\n|move|p2a: Stantler|Earthquake|p1a: Lucario\n|-supereffective|p1a: Lucario\n|-damage|p1a: Lucario|0 fnt\n|faint|p1a: Lucario\n|\n|upkeep\n|\n|t:|1783571151\n|switch|p1a: Jirachi|Jirachi, L80|100/100\n|turn|16\n|inactive|Time left: 300 sec this turn | 300 sec total\n|\n|t:|1783571152\n|move|p2a: Stantler|Earthquake|p1a: Jirachi\n|-supereffective|p1a: Jirachi\n|-damage|p1a: Jirachi|46/100\n|move|p1a: Jirachi|Stealth Rock|p2a: Stantler\n|-sidestart|p2: p0y27882ee7|move: Stealth Rock\n|\n|-heal|p1a: Jirachi|52/100|[from] item: Leftovers\n|upkeep\n|turn|17\n|inactive|Time left: 300 sec this turn | 300 sec total\n|\n|t:|1783571153\n|-terastallize|p1a: Jirachi|Fighting\n|move|p2a: Stantler|Earthquake|p1a: Jirachi\n|-damage|p1a: Jirachi|25/100\n|move|p1a: Jirachi|Drain Punch|p2a: Stantler\n|-supereffective|p2a: Stantler\n|-damage|p2a: Stantler|0 fnt\n|-heal|p1a: Jirachi|46/100|[from] drain|[of] p2a: Stantler\n|faint|p2a: Stantler\n|\n|-heal|p1a: Jirachi|52/100|[from] item: Leftovers\n|upkeep\n|inactive|Time left: 300 sec this turn | 300 sec total | 5 sec grace\n|\n|t:|1783571154\n|switch|p2a: Pikachu|Pikachu-Unova, L93, M|216/216\n|-damage|p2a: Pikachu|189/216|[from] Stealth Rock\n|turn|18\n|inactive|Time left: 300 sec this turn | 300 sec total\n|\n|t:|1783571155\n|switch|p1a: Dipplin|Dipplin, L88, M|100/100\n|-status|p1a: Dipplin|psn\n|move|p2a: Pikachu|Volt Tackle|p1a: Dipplin\n|-resisted|p1a: Dipplin\n|-damage|p1a: Dipplin|92/100 psn\n|-damage|p2a: Pikachu|181/216|[from] Recoil\n|\n|-damage|p1a: Dipplin|79/100 psn|[from] psn\n|upkeep\n|turn|19\n|inactive|Time left: 300 sec this turn | 300 sec total\n|\n|t:|1783571156\n|switch|p2a: Qwilfish|Qwilfish-Hisui, L83, F|98/244\n|-damage|p2a: Qwilfish|68/244|[from] Stealth Rock\n|-ability|p2a: Qwilfish|Intimidate|boost\n|-unboost|p1a: Dipplin|atk|1\n|move|p1a: Dipplin|Giga Drain|p2a: Qwilfish\n|-resisted|p2a: Qwilfish\n|-damage|p2a: Qwilfish|26/244\n|-heal|p1a: Dipplin|87/100 psn|[from] drain|[of] p2a: Qwilfish\n|\n|-damage|p1a: Dipplin|74/100 psn|[from] psn\n|upkeep\n|turn|20\n|inactive|Time left: 300 sec this turn | 300 sec total\n|\n|t:|1783571157\n|move|p2a: Qwilfish|Toxic Spikes|p1a: Dipplin\n|-sidestart|p1: p0x27881814|move: Toxic Spikes\n|move|p1a: Dipplin|Giga Drain|p2a: Qwilfish\n|-resisted|p2a: Qwilfish\n|-damage|p2a: Qwilfish|0 fnt\n|-heal|p1a: Dipplin|79/100 psn|[from] drain|[of] p2a: Qwilfish\n|faint|p2a: Qwilfish\n|\n|-damage|p1a: Dipplin|67/100 psn|[from] psn\n|upkeep\n|inactive|Time left: 300 sec this turn | 300 sec total | 5 sec grace\n|\n|t:|1783571158\n|switch|p2a: Iron Bundle|Iron Bundle, L78|215/215\n|turn|21\n|inactive|Time left: 300 sec this turn | 300 sec total\n|\n|t:|1783571158\n|switch|p1a: Komala|Komala, L87, F|34/100\n|-ability|p1a: Komala|Comatose\n|move|p2a: Iron Bundle|Ice Beam|p1a: Komala\n|-damage|p1a: Komala|8/100\n|\n|upkeep\n|turn|22\n|inactive|Time left: 300 sec this turn | 300 sec total\n|\n|t:|1783571159\n|move|p2a: Iron Bundle|Ice Beam|p1a: Komala\n|-damage|p1a: Komala|0 fnt\n|faint|p1a: Komala\n|\n|upkeep\n|\n|t:|1783571160\n|switch|p1a: Jirachi|Jirachi, L80, tera:Fighting|52/100\n|-status|p1a: Jirachi|tox\n|turn|23\n|inactive|Time left: 300 sec this turn | 300 sec total\n|\n|t:|1783571161\n|-terastallize|p2a: Iron Bundle|Water\n|move|p2a: Iron Bundle|Hydro Pump|p1a: Jirachi\n|-damage|p1a: Jirachi|2/100 tox\n|move|p1a: Jirachi|Drain Punch|p2a: Iron Bundle\n|-damage|p2a: Iron Bundle|154/215\n|-heal|p1a: Jirachi|13/100 tox|[from] drain|[of] p2a: Iron Bundle\n|\n|-heal|p1a: Jirachi|19/100 tox|[from] item: Leftovers\n|-damage|p1a: Jirachi|13/100 tox|[from] psn\n|upkeep\n|turn|24\n|inactive|Time left: 300 sec this turn | 300 sec total\n|\n|t:|1783571163\n|move|p2a: Iron Bundle|Freeze-Dry|p1a: Jirachi\n|-damage|p1a: Jirachi|0 fnt\n|faint|p1a: Jirachi\n|\n|upkeep\n|\n|t:|1783571164\n|switch|p1a: Scream Tail|Scream Tail, L84|100/100\n|-status|p1a: Scream Tail|tox\n|turn|25\n|inactive|Time left: 300 sec this turn | 300 sec total\n|\n|t:|1783571165\n|move|p2a: Iron Bundle|Ice Beam|p1a: Scream Tail\n|-damage|p1a: Scream Tail|77/100 tox\n|move|p1a: Scream Tail|Dazzling Gleam|p2a: Iron Bundle\n|-damage|p2a: Iron Bundle|72/215\n|\n|-heal|p1a: Scream Tail|83/100 tox|[from] item: Leftovers\n|-damage|p1a: Scream Tail|77/100 tox|[from] psn\n|upkeep\n|turn|26\n|inactive|Time left: 300 sec this turn | 300 sec total\n|\n|t:|1783571166\n|move|p2a: Iron Bundle|Freeze-Dry|p1a: Scream Tail\n|-damage|p1a: Scream Tail|58/100 tox\n|move|p1a: Scream Tail|Dazzling Gleam|p2a: Iron Bundle\n|-damage|p2a: Iron Bundle|0 fnt\n|faint|p2a: Iron Bundle\n|-end|p2a: Iron Bundle|Quark Drive|[silent]\n|\n|-heal|p1a: Scream Tail|64/100 tox|[from] item: Leftovers\n|-damage|p1a: Scream Tail|52/100 tox|[from] psn\n|upkeep\n|inactive|Time left: 300 sec this turn | 300 sec total | 5 sec grace\n|\n|t:|1783571167\n|switch|p2a: Pikachu|Pikachu-Unova, L93, M|181/216\n|-damage|p2a: Pikachu|154/216|[from] Stealth Rock\n|turn|27\n|inactive|Time left: 300 sec this turn | 300 sec total\n|\n|t:|1783571168\n|move|p1a: Scream Tail|Dazzling Gleam|p2a: Pikachu\n|-damage|p2a: Pikachu|67/216\n|move|p2a: Pikachu|Knock Off|p1a: Scream Tail\n|-damage|p1a: Scream Tail|24/100 tox\n|-enditem|p1a: Scream Tail|Leftovers|[from] move: Knock Off|[of] p2a: Pikachu\n|\n|-damage|p1a: Scream Tail|5/100 tox|[from] psn\n|upkeep\n|turn|28\n|inactive|Time left: 300 sec this turn | 300 sec total\n|\n|t:|1783571169\n|move|p1a: Scream Tail|Dazzling Gleam|p2a: Pikachu\n|-damage|p2a: Pikachu|0 fnt\n|faint|p2a: Pikachu\n|\n|-damage|p1a: Scream Tail|0 fnt|[from] psn\n|faint|p1a: Scream Tail\n|-end|p1a: Scream Tail|Protosynthesis|[silent]\n|upkeep\n|inactive|Time left: 300 sec this turn | 300 sec total | 5 sec grace\n|\n|t:|1783571170\n|switch|p1a: Dipplin|Dipplin, L88, M|67/100 psn\n|switch|p2a: Sableye|Sableye, L88, F|184/231\n|-damage|p2a: Sableye|156/231|[from] Stealth Rock\n|turn|29\n|inactive|Time left: 300 sec this turn | 300 sec total\n|\n|t:|1783571171\n|move|p2a: Sableye|Recover|p2a: Sableye\n|-heal|p2a: Sableye|231/231\n|move|p1a: Dipplin|Giga Drain|p2a: Sableye\n|-damage|p2a: Sableye|131/231\n|-heal|p1a: Dipplin|84/100 psn|[from] drain|[of] p2a: Sableye\n|\n|-heal|p2a: Sableye|145/231|[from] item: Leftovers\n|-damage|p1a: Dipplin|72/100 psn|[from] psn\n|upkeep\n|turn|30\n|inactive|Time left: 300 sec this turn | 300 sec total\n|\n|t:|1783571172\n|move|p2a: Sableye|Recover|p2a: Sableye\n|-heal|p2a: Sableye|231/231\n|move|p1a: Dipplin|Giga Drain|p2a: Sableye\n|-damage|p2a: Sableye|129/231\n|-heal|p1a: Dipplin|90/100 psn|[from] drain|[of] p2a: Sableye\n|\n|-heal|p2a: Sableye|143/231|[from] item: Leftovers\n|-damage|p1a: Dipplin|78/100 psn|[from] psn\n|upkeep\n|turn|31\n|inactive|Time left: 300 sec this turn | 300 sec total\n|\n|t:|1783571173\n|move|p2a: Sableye|Recover|p2a: Sableye\n|-heal|p2a: Sableye|231/231\n|move|p1a: Dipplin|Giga Drain|p2a: Sableye\n|-damage|p2a: Sableye|126/231\n|-heal|p1a: Dipplin|96/100 psn|[from] drain|[of] p2a: Sableye\n|\n|-heal|p2a: Sableye|140/231|[from] item: Leftovers\n|-damage|p1a: Dipplin|84/100 psn|[from] psn\n|upkeep\n|turn|32\n|inactive|Time left: 300 sec this turn | 300 sec total\n|\n|t:|1783571174\n|move|p2a: Sableye|Recover|p2a: Sableye\n|-heal|p2a: Sableye|231/231\n|move|p1a: Dipplin|Giga Drain|p2a: Sableye\n|-damage|p2a: Sableye|123/231\n|-heal|p1a: Dipplin|100/100 psn|[from] drain|[of] p2a: Sableye\n|\n|-heal|p2a: Sableye|137/231|[from] item: Leftovers\n|-damage|p1a: Dipplin|88/100 psn|[from] psn\n|upkeep\n|turn|33\n|inactive|Time left: 300 sec this turn | 300 sec total\n|\n|t:|1783571175\n|move|p2a: Sableye|Recover|p2a: Sableye\n|-heal|p2a: Sableye|231/231\n|move|p1a: Dipplin|Giga Drain|p2a: Sableye\n|-damage|p2a: Sableye|123/231\n|-heal|p1a: Dipplin|100/100 psn|[from] drain|[of] p2a: Sableye\n|\n|-heal|p2a: Sableye|137/231|[from] item: Leftovers\n|-damage|p1a: Dipplin|88/100 psn|[from] psn\n|upkeep\n|turn|34\n|inactive|Time left: 300 sec this turn | 300 sec total\n|\n|t:|1783571176\n|move|p2a: Sableye|Recover|p2a: Sableye\n|-heal|p2a: Sableye|231/231\n|move|p1a: Dipplin|Dragon Pulse|p2a: Sableye\n|-damage|p2a: Sableye|114/231\n|\n|-heal|p2a: Sableye|128/231|[from] item: Leftovers\n|-damage|p1a: Dipplin|76/100 psn|[from] psn\n|upkeep\n|turn|35\n|inactive|Time left: 300 sec this turn | 300 sec total\n|\n|t:|1783571177\n|move|p2a: Sableye|Recover|p2a: Sableye\n|-heal|p2a: Sableye|231/231\n|move|p1a: Dipplin|Dragon Pulse|p2a: Sableye\n|-damage|p2a: Sableye|117/231\n|\n|-heal|p2a: Sableye|131/231|[from] item: Leftovers\n|-damage|p1a: Dipplin|64/100 psn|[from] psn\n|upkeep\n|turn|36\n|inactive|Time left: 300 sec this turn | 300 sec total\n|\n|t:|1783571178\n|move|p2a: Sableye|Recover|p2a: Sableye\n|-heal|p2a: Sableye|231/231\n|move|p1a: Dipplin|Dragon Pulse|p2a: Sableye\n|-damage|p2a: Sableye|110/231\n|\n|-heal|p2a: Sableye|124/231|[from] item: Leftovers\n|-damage|p1a: Dipplin|51/100 psn|[from] psn\n|upkeep\n|turn|37\n|inactive|Time left: 300 sec this turn | 300 sec total\n|\n|t:|1783571179\n|move|p2a: Sableye|Knock Off|p1a: Dipplin\n|-damage|p1a: Dipplin|33/100 psn\n|-activate|p1a: Dipplin|ability: Sticky Hold\n|move|p1a: Dipplin|Giga Drain|p2a: Sableye\n|-damage|p2a: Sableye|30/231\n|-heal|p1a: Dipplin|49/100 psn|[from] drain|[of] p2a: Sableye\n|\n|-heal|p2a: Sableye|44/231|[from] item: Leftovers\n|-damage|p1a: Dipplin|37/100 psn|[from] psn\n|upkeep\n|turn|38\n|inactive|Time left: 300 sec this turn | 300 sec total\n|\n|t:|1783571180\n|move|p2a: Sableye|Encore|p1a: Dipplin\n|-start|p1a: Dipplin|Encore\n|move|p1a: Dipplin|Giga Drain|p2a: Sableye\n|-damage|p2a: Sableye|0 fnt\n|-heal|p1a: Dipplin|45/100 psn|[from] drain|[of] p2a: Sableye\n|faint|p2a: Sableye\n|\n|win|p0x27881814", "uploadtime": 1783571180, "views": 0, "rating": 0, "private": 0, "password": null, "_winner": "p0x27881814", "_our_name": "p0y27882ee7"}