{"id": "battle-gen9randombattle-95", "formatid": "gen9randombattle", "format": "[Gen 9] Random Battle", "players": ["p0x0956a92", "p0y095bcd5"], "log": "|init|battle\n|title|p0x0956a92 vs. p0y095bcd5\n|j|\u2606p0x0956a92\n|j|\u2606p0y095bcd5\n|t:|1783540290\n|gametype|singles\n|player|p1|p0x0956a92|102|\n|player|p2|p0y095bcd5|102|\n|gen|9\n|tier|[Gen 9] Random Battle\n|rule|Species Clause: Limit one of each Pok\u00e9mon\n|rule|HP Percentage Mod: HP is shown in percentages\n|rule|Sleep Clause Mod: Limit one foe put to sleep\n|rule|Illusion Level Mod: Illusion disguises the Pok\u00e9mon's true level\n|\n|t:|1783540290\n|teamsize|p1|6\n|teamsize|p2|6\n|start\n|switch|p1a: Munkidori|Munkidori, L79, M|269/269\n|switch|p2a: Lanturn|Lanturn, L89, M|100/100\n|turn|1\n|inactive|Battle timer is ON: inactive players will automatically lose when time's up. (requested by p0x0956a92)\n|inactive|p0y095bcd5 also wants the timer to be on.\n|\n|t:|1783540292\n|switch|p2a: Rampardos|Rampardos, L90, F|100/100\n|move|p1a: Munkidori|Sludge Wave|p2a: Rampardos\n|-resisted|p2a: Rampardos\n|-damage|p2a: Rampardos|78/100\n|\n|upkeep\n|turn|2\n|inactive|Time left: 300 sec this turn | 300 sec total\n|\n|t:|1783540293\n|switch|p1a: Granbull|Granbull, L88, M|302/302\n|-ability|p1a: Granbull|Intimidate|boost\n|-unboost|p2a: Rampardos|atk|1\n|move|p2a: Rampardos|Earthquake|p1a: Granbull\n|-damage|p1a: Granbull|208/302\n|\n|-heal|p1a: Granbull|226/302|[from] item: Leftovers\n|upkeep\n|turn|3\n|inactive|Time left: 300 sec this turn | 300 sec total\n|\n|t:|1783540294\n|move|p2a: Rampardos|Earthquake|p1a: Granbull\n|-damage|p1a: Granbull|139/302\n|move|p1a: Granbull|Earthquake|p2a: Rampardos\n|-supereffective|p2a: Rampardos\n|-damage|p2a: Rampardos|9/100\n|\n|-heal|p1a: Granbull|157/302|[from] item: Leftovers\n|upkeep\n|turn|4\n|inactive|Time left: 300 sec this turn | 300 sec total\n|\n|t:|1783540295\n|move|p2a: Rampardos|Earthquake|p1a: Granbull\n|-damage|p1a: Granbull|60/302\n|move|p1a: Granbull|Play Rough|p2a: Rampardos\n|-damage|p2a: Rampardos|0 fnt\n|faint|p2a: Rampardos\n|\n|-heal|p1a: Granbull|78/302|[from] item: Leftovers\n|upkeep\n|\n|t:|1783540296\n|switch|p2a: Glastrier|Glastrier, L86|100/100\n|turn|5\n|inactive|Time left: 300 sec this turn | 300 sec total\n|\n|t:|1783540297\n|move|p1a: Granbull|Play Rough|p2a: Glastrier\n|-damage|p2a: Glastrier|72/100\n|move|p2a: Glastrier|Icicle Crash|p1a: Granbull\n|-damage|p1a: Granbull|0 fnt\n|faint|p1a: Granbull\n|-ability|p2a: Glastrier|Chilling Neigh|boost\n|-boost|p2a: Glastrier|atk|1\n|\n|upkeep\n|inactive|Time left: 300 sec this turn | 300 sec total | 5 sec grace\n|\n|t:|1783540299\n|switch|p1a: Toxtricity|Toxtricity, L82, M|257/257\n|turn|6\n|inactive|Time left: 300 sec this turn | 300 sec total\n|\n|t:|1783540300\n|-terastallize|p1a: Toxtricity|Normal\n|move|p1a: Toxtricity|Boomburst|p2a: Glastrier\n|-damage|p2a: Glastrier|0 fnt\n|faint|p2a: Glastrier\n|\n|upkeep\n|\n|t:|1783540301\n|switch|p2a: Gogoat|Gogoat, L88, F|100/100\n|turn|7\n|inactive|Time left: 300 sec this turn | 300 sec total\n|\n|t:|1783540302\n|move|p2a: Gogoat|Horn Leech|p1a: Toxtricity\n|-damage|p1a: Toxtricity|146/257\n|move|p1a: Toxtricity|Boomburst|p2a: Gogoat\n|-damage|p2a: Gogoat|7/100\n|\n|-heal|p2a: Gogoat|13/100|[from] item: Leftovers\n|upkeep\n|turn|8\n|inactive|Time left: 300 sec this turn | 300 sec total\n|\n|t:|1783540303\n|move|p2a: Gogoat|Horn Leech|p1a: Toxtricity\n|-damage|p1a: Toxtricity|34/257\n|-heal|p2a: Gogoat|29/100|[from] drain|[of] p1a: Toxtricity\n|move|p1a: Toxtricity|Boomburst|p2a: Gogoat\n|-crit|p2a: Gogoat\n|-damage|p2a: Gogoat|0 fnt\n|faint|p2a: Gogoat\n|\n|upkeep\n|\n|t:|1783540304\n|switch|p2a: Lanturn|Lanturn, L89, M|100/100\n|turn|9\n|inactive|Time left: 300 sec this turn | 300 sec total\n|\n|t:|1783540305\n|move|p1a: Toxtricity|Boomburst|p2a: Lanturn\n|-crit|p2a: Lanturn\n|-damage|p2a: Lanturn|0 fnt\n|faint|p2a: Lanturn\n|\n|upkeep\n|\n|t:|1783540306\n|switch|p2a: Zapdos|Zapdos, L78|100/100\n|turn|10\n|inactive|Time left: 300 sec this turn | 300 sec total\n|\n|t:|1783540306\n|switch|p1a: Florges|Florges, L85, F|271/271\n|move|p2a: Zapdos|Discharge|p1a: Florges\n|-damage|p1a: Florges|210/271\n|\n|-heal|p1a: Florges|226/271|[from] item: Leftovers\n|upkeep\n|turn|11\n|inactive|Time left: 300 sec this turn | 300 sec total\n|\n|t:|1783540307\n|move|p2a: Zapdos|Discharge|p1a: Florges\n|-damage|p1a: Florges|165/271\n|-status|p1a: Florges|par\n|cant|p1a: Florges|par\n|\n|-heal|p1a: Florges|181/271 par|[from] item: Leftovers\n|upkeep\n|turn|12\n|inactive|Time left: 300 sec this turn | 300 sec total\n|\n|t:|1783540308\n|move|p2a: Zapdos|Hurricane|p1a: Florges\n|-damage|p1a: Florges|94/271 par\n|cant|p1a: Florges|par\n|\n|-heal|p1a: Florges|110/271 par|[from] item: Leftovers\n|upkeep\n|turn|13\n|inactive|Time left: 300 sec this turn | 300 sec total\n|\n|t:|1783540310\n|move|p2a: Zapdos|Hurricane|p1a: Florges\n|-damage|p1a: Florges|34/271 par\n|-start|p1a: Florges|confusion\n|-activate|p1a: Florges|confusion\n|cant|p1a: Florges|par\n|\n|-heal|p1a: Florges|50/271 par|[from] item: Leftovers\n|upkeep\n|turn|14\n|inactive|Time left: 300 sec this turn | 300 sec total\n|\n|t:|1783540311\n|move|p2a: Zapdos|Hurricane|p1a: Florges\n|-damage|p1a: Florges|0 fnt\n|faint|p1a: Florges\n|\n|upkeep\n|inactive|Time left: 300 sec this turn | 300 sec total | 5 sec grace\n|\n|t:|1783540312\n|switch|p1a: Munkidori|Munkidori, L79, M|269/269\n|turn|15\n|inactive|Time left: 300 sec this turn | 300 sec total\n|\n|t:|1783540312\n|move|p1a: Munkidori|Psychic Noise|p2a: Zapdos\n|-damage|p2a: Zapdos|65/100\n|-start|p2a: Zapdos|move: Heal Block\n|move|p2a: Zapdos|Hurricane|p1a: Munkidori\n|-damage|p1a: Munkidori|176/269\n|\n|upkeep\n|turn|16\n|inactive|Time left: 300 sec this turn | 300 sec total\n|\n|t:|1783540313\n|switch|p2a: Mandibuzz|Mandibuzz, L85, F|100/100\n|move|p1a: Munkidori|Sludge Wave|p2a: Mandibuzz\n|-crit|p2a: Mandibuzz\n|-damage|p2a: Mandibuzz|53/100\n|-status|p2a: Mandibuzz|tox|[from] ability: Toxic Chain|[of] p1a: Munkidori\n|\n|-damage|p2a: Mandibuzz|47/100 tox|[from] psn\n|upkeep\n|turn|17\n|inactive|Time left: 300 sec this turn | 300 sec total\n|\n|t:|1783540314\n|move|p1a: Munkidori|U-turn|p2a: Mandibuzz\n|-crit|p2a: Mandibuzz\n|-damage|p2a: Mandibuzz|32/100 tox\n|inactive|Time left: 300 sec this turn | 300 sec total | 5 sec grace\n|\n|t:|1783540315\n|switch|p1a: Delibird|Delibird, M|252/252|[from] U-turn\n|move|p2a: Mandibuzz|Foul Play|p1a: Delibird\n|-damage|p1a: Delibird|146/252\n|\n|-damage|p2a: Mandibuzz|20/100 tox|[from] psn\n|upkeep\n|turn|18\n|inactive|Time left: 300 sec this turn | 300 sec total\n|\n|t:|1783540316\n|move|p1a: Delibird|Ice Spinner|p2a: Mandibuzz|[miss]\n|-miss|p1a: Delibird|p2a: Mandibuzz\n|move|p2a: Mandibuzz|U-turn|p1a: Delibird\n|-resisted|p1a: Delibird\n|-damage|p1a: Delibird|122/252\n|\n|t:|1783540317\n|switch|p2a: Zapdos|Zapdos, L78|65/100|[from] U-turn\n|\n|upkeep\n|turn|19\n|inactive|Time left: 300 sec this turn | 300 sec total\n|\n|t:|1783540318\n|-terastallize|p2a: Zapdos|Electric\n|move|p1a: Delibird|Ice Spinner|p2a: Zapdos\n|-damage|p2a: Zapdos|15/100\n|move|p2a: Zapdos|Roost|p2a: Zapdos\n|-heal|p2a: Zapdos|65/100\n|\n|upkeep\n|turn|20\n|inactive|Time left: 300 sec this turn | 300 sec total\n|\n|t:|1783540318\n|switch|p2a: Mandibuzz|Mandibuzz, L85, F|20/100 tox\n|move|p1a: Delibird|Drill Run|p2a: Mandibuzz\n|-immune|p2a: Mandibuzz\n|\n|-damage|p2a: Mandibuzz|14/100 tox|[from] psn\n|upkeep\n|turn|21\n|inactive|Time left: 300 sec this turn | 300 sec total\n|\n|t:|1783540320\n|switch|p2a: Zapdos|Zapdos, L78, tera:Electric|65/100\n|move|p1a: Delibird|Ice Shard|p2a: Zapdos|[miss]\n|-miss|p1a: Delibird|p2a: Zapdos\n|\n|upkeep\n|turn|22\n|inactive|Time left: 300 sec this turn | 300 sec total\n|\n|t:|1783540321\n|switch|p2a: Mandibuzz|Mandibuzz, L85, F|14/100 tox\n|move|p1a: Delibird|Drill Run|p2a: Mandibuzz\n|-immune|p2a: Mandibuzz\n|\n|-damage|p2a: Mandibuzz|8/100 tox|[from] psn\n|upkeep\n|turn|23\n|inactive|Time left: 300 sec this turn | 300 sec total\n|\n|t:|1783540322\n|switch|p2a: Zapdos|Zapdos, L78, tera:Electric|65/100\n|move|p1a: Delibird|Ice Spinner|p2a: Zapdos\n|-damage|p2a: Zapdos|17/100\n|\n|upkeep\n|turn|24\n|inactive|Time left: 300 sec this turn | 300 sec total\n|\n|t:|1783540323\n|move|p1a: Delibird|Ice Shard|p2a: Zapdos\n|-damage|p2a: Zapdos|0 fnt\n|faint|p2a: Zapdos\n|\n|upkeep\n|\n|t:|1783540324\n|switch|p2a: Mandibuzz|Mandibuzz, L85, F|8/100 tox\n|turn|25\n|inactive|Time left: 300 sec this turn | 300 sec total\n|\n|t:|1783540325\n|move|p1a: Delibird|Ice Shard|p2a: Mandibuzz|[miss]\n|-miss|p1a: Delibird|p2a: Mandibuzz\n|move|p2a: Mandibuzz|Roost|p2a: Mandibuzz\n|-heal|p2a: Mandibuzz|58/100 tox\n|-singleturn|p2a: Mandibuzz|move: Roost\n|\n|-damage|p2a: Mandibuzz|52/100 tox|[from] psn\n|upkeep\n|turn|26\n|inactive|Time left: 300 sec this turn | 300 sec total\n|\n|t:|1783540326\n|move|p1a: Delibird|Ice Spinner|p2a: Mandibuzz\n|-supereffective|p2a: Mandibuzz\n|-damage|p2a: Mandibuzz|0 fnt\n|faint|p2a: Mandibuzz\n|\n|win|p0x0956a92", "uploadtime": 1783540326, "views": 0, "rating": 0, "private": 0, "password": null, "_winner": "p0x0956a92", "_our_name": "p0x0956a92"}