{"id": "battle-gen9randombattle-620", "formatid": "gen9randombattle", "format": "[Gen 9] Random Battle", "players": ["p0x6203c9b", "p0y6204c12"], "log": "|init|battle\n|title|p0x6203c9b vs. p0y6204c12\n|j|\u2606p0x6203c9b\n|j|\u2606p0y6204c12\n|t:|1783546293\n|gametype|singles\n|player|p1|p0x6203c9b|2|\n|player|p2|p0y6204c12|1|\n|gen|9\n|tier|[Gen 9] Random Battle\n|rule|Species Clause: Limit one of each Pok\u00e9mon\n|rule|HP Percentage Mod: HP is shown in percentages\n|rule|Sleep Clause Mod: Limit one foe put to sleep\n|rule|Illusion Level Mod: Illusion disguises the Pok\u00e9mon's true level\n|\n|t:|1783546293\n|teamsize|p1|6\n|teamsize|p2|6\n|start\n|switch|p1a: Kleavor|Kleavor, L78, M|100/100\n|switch|p2a: Rabsca|Rabsca, L91, M|284/284\n|turn|1\n|inactive|Battle timer is ON: inactive players will automatically lose when time's up. (requested by p0x6203c9b)\n|inactive|Time left: 300 sec this turn | 300 sec total | 60 sec grace\n|inactive|p0y6204c12 also wants the timer to be on.\n|\n|t:|1783546295\n|switch|p2a: Mimikyu|Mimikyu, L79, M|216/216\n|move|p1a: Kleavor|Stone Axe|p2a: Mimikyu\n|-activate|p2a: Mimikyu|ability: Disguise\n|-damage|p2a: Mimikyu|216/216\n|-sidestart|p2: p0y6204c12|move: Stealth Rock\n|detailschange|p2a: Mimikyu|Mimikyu-Busted, L79, M\n|-damage|p2a: Mimikyu|189/216|[from] pokemon: Mimikyu-Busted\n|\n|upkeep\n|turn|2\n|inactive|Time left: 300 sec this turn | 300 sec total\n|\n|t:|1783546296\n|move|p2a: Mimikyu|Swords Dance|p2a: Mimikyu\n|-boost|p2a: Mimikyu|atk|2\n|move|p1a: Kleavor|Stone Axe|p2a: Mimikyu\n|-damage|p2a: Mimikyu|60/216\n|\n|upkeep\n|turn|3\n|inactive|Time left: 300 sec this turn | 300 sec total\n|\n|t:|1783546297\n|move|p2a: Mimikyu|Play Rough|p1a: Kleavor\n|-damage|p1a: Kleavor|13/100\n|-damage|p2a: Mimikyu|39/216|[from] item: Life Orb\n|move|p1a: Kleavor|Stone Axe|p2a: Mimikyu\n|-damage|p2a: Mimikyu|0 fnt\n|faint|p2a: Mimikyu\n|\n|upkeep\n|inactive|Time left: 300 sec this turn | 300 sec total | 5 sec grace\n|\n|t:|1783546298\n|switch|p2a: Cobalion|Cobalion, L80|277/277\n|-damage|p2a: Cobalion|269/277|[from] Stealth Rock\n|turn|4\n|inactive|Time left: 300 sec this turn | 300 sec total\n|\n|t:|1783546299\n|switch|p1a: Solgaleo|Solgaleo, L74|100/100\n|move|p2a: Cobalion|Body Press|p1a: Solgaleo\n|-damage|p1a: Solgaleo|71/100\n|\n|-heal|p2a: Cobalion|277/277|[from] item: Leftovers\n|-heal|p1a: Solgaleo|77/100|[from] item: Leftovers\n|upkeep\n|turn|5\n|inactive|Time left: 300 sec this turn | 300 sec total\n|\n|t:|1783546301\n|move|p2a: Cobalion|Stealth Rock|p1a: Solgaleo\n|-sidestart|p1: p0x6203c9b|move: Stealth Rock\n|move|p1a: Solgaleo|Morning Sun|p1a: Solgaleo\n|-heal|p1a: Solgaleo|100/100\n|\n|upkeep\n|turn|6\n|inactive|Time left: 300 sec this turn | 300 sec total\n|\n|t:|1783546302\n|move|p2a: Cobalion|Body Press|p1a: Solgaleo\n|-crit|p1a: Solgaleo\n|-damage|p1a: Solgaleo|59/100\n|move|p1a: Solgaleo|Knock Off|p2a: Cobalion\n|-resisted|p2a: Cobalion\n|-damage|p2a: Cobalion|250/277\n|-ability|p2a: Cobalion|Justified|boost\n|-boost|p2a: Cobalion|atk|1\n|-enditem|p2a: Cobalion|Leftovers|[from] move: Knock Off|[of] p1a: Solgaleo\n|\n|-heal|p1a: Solgaleo|65/100|[from] item: Leftovers\n|upkeep\n|turn|7\n|inactive|Time left: 300 sec this turn | 300 sec total\n|\n|t:|1783546303\n|move|p2a: Cobalion|Iron Head|p1a: Solgaleo\n|-resisted|p1a: Solgaleo\n|-damage|p1a: Solgaleo|47/100\n|move|p1a: Solgaleo|Morning Sun|p1a: Solgaleo\n|-heal|p1a: Solgaleo|97/100\n|\n|-heal|p1a: Solgaleo|100/100|[from] item: Leftovers\n|upkeep\n|turn|8\n|inactive|Time left: 300 sec this turn | 300 sec total\n|\n|t:|1783546304\n|move|p2a: Cobalion|Body Press|p1a: Solgaleo\n|-damage|p1a: Solgaleo|71/100\n|move|p1a: Solgaleo|Roar|p2a: Cobalion\n|drag|p2a: Regieleki|Regieleki, L79|256/256\n|-damage|p2a: Regieleki|224/256|[from] Stealth Rock\n|\n|-heal|p1a: Solgaleo|77/100|[from] item: Leftovers\n|upkeep\n|turn|9\n|inactive|Time left: 300 sec this turn | 300 sec total\n|\n|t:|1783546305\n|move|p2a: Regieleki|Thunderbolt|p1a: Solgaleo\n|-damage|p1a: Solgaleo|33/100\n|move|p1a: Solgaleo|Knock Off|p2a: Regieleki\n|-damage|p2a: Regieleki|104/256\n|-enditem|p2a: Regieleki|Magnet|[from] move: Knock Off|[of] p1a: Solgaleo\n|\n|-heal|p1a: Solgaleo|39/100|[from] item: Leftovers\n|upkeep\n|turn|10\n|inactive|Time left: 300 sec this turn | 300 sec total\n|\n|t:|1783546306\n|switch|p1a: Excadrill|Excadrill, L79, F|100/100\n|-damage|p1a: Excadrill|98/100|[from] Stealth Rock\n|-ability|p1a: Excadrill|Mold Breaker\n|move|p2a: Regieleki|Thunderbolt|p1a: Excadrill\n|-immune|p1a: Excadrill\n|\n|-heal|p1a: Excadrill|100/100|[from] item: Leftovers\n|upkeep\n|turn|11\n|inactive|Time left: 300 sec this turn | 300 sec total\n|\n|t:|1783546307\n|switch|p2a: Lurantis|Lurantis, L87, M|264/264\n|-damage|p2a: Lurantis|231/264|[from] Stealth Rock\n|move|p1a: Excadrill|Rapid Spin|p2a: Lurantis\n|-damage|p2a: Lurantis|194/264\n|-boost|p1a: Excadrill|spe|1\n|-sideend|p1: p0x6203c9b|Stealth Rock|[from] move: Rapid Spin|[of] p1a: Excadrill\n|\n|-heal|p2a: Lurantis|210/264|[from] item: Leftovers\n|upkeep\n|turn|12\n|inactive|Time left: 300 sec this turn | 300 sec total\n|\n|t:|1783546308\n|move|p1a: Excadrill|Iron Head|p2a: Lurantis\n|-damage|p2a: Lurantis|123/264\n|cant|p2a: Lurantis|flinch\n|\n|-heal|p2a: Lurantis|139/264|[from] item: Leftovers\n|upkeep\n|turn|13\n|inactive|Time left: 300 sec this turn | 300 sec total\n|\n|t:|1783546309\n|move|p1a: Excadrill|Iron Head|p2a: Lurantis\n|-damage|p2a: Lurantis|45/264\n|cant|p2a: Lurantis|flinch\n|\n|-heal|p2a: Lurantis|61/264|[from] item: Leftovers\n|upkeep\n|turn|14\n|inactive|Time left: 300 sec this turn | 300 sec total\n|\n|t:|1783546310\n|switch|p2a: Cobalion|Cobalion, L80|250/277\n|-damage|p2a: Cobalion|242/277|[from] Stealth Rock\n|move|p1a: Excadrill|Iron Head|p2a: Cobalion\n|-resisted|p2a: Cobalion\n|-damage|p2a: Cobalion|205/277\n|\n|upkeep\n|turn|15\n|inactive|Time left: 300 sec this turn | 300 sec total\n|\n|t:|1783546312\n|move|p1a: Excadrill|Earthquake|p2a: Cobalion\n|-supereffective|p2a: Cobalion\n|-damage|p2a: Cobalion|31/277\n|move|p2a: Cobalion|Body Press|p1a: Excadrill\n|-supereffective|p1a: Excadrill\n|-damage|p1a: Excadrill|11/100\n|\n|-heal|p1a: Excadrill|17/100|[from] item: Leftovers\n|upkeep\n|turn|16\n|inactive|Time left: 300 sec this turn | 300 sec total\n|\n|t:|1783546313\n|switch|p2a: Rabsca|Rabsca, L91, M|284/284\n|move|p1a: Excadrill|Earthquake|p2a: Rabsca\n|-resisted|p2a: Rabsca\n|-damage|p2a: Rabsca|227/284\n|\n|-heal|p1a: Excadrill|23/100|[from] item: Leftovers\n|upkeep\n|turn|17\n|inactive|Time left: 300 sec this turn | 300 sec total\n|\n|t:|1783546314\n|move|p1a: Excadrill|Iron Head|p2a: Rabsca\n|-damage|p2a: Rabsca|136/284\n|move|p2a: Rabsca|Bug Buzz|p1a: Excadrill\n|-resisted|p1a: Excadrill\n|-damage|p1a: Excadrill|0 fnt\n|faint|p1a: Excadrill\n|\n|upkeep\n|\n|t:|1783546314\n|switch|p1a: Passimian|Passimian, L83, F|100/100\n|turn|18\n|inactive|Time left: 300 sec this turn | 300 sec total\n|\n|t:|1783546316\n|move|p1a: Passimian|Knock Off|p2a: Rabsca\n|-supereffective|p2a: Rabsca\n|-crit|p2a: Rabsca\n|-damage|p2a: Rabsca|0 fnt\n|-enditem|p2a: Rabsca|Heavy-Duty Boots|[from] move: Knock Off|[of] p1a: Passimian\n|faint|p2a: Rabsca\n|\n|upkeep\n|inactive|Time left: 300 sec this turn | 300 sec total | 5 sec grace\n|\n|t:|1783546317\n|switch|p2a: Cobalion|Cobalion, L80|31/277\n|-damage|p2a: Cobalion|23/277|[from] Stealth Rock\n|turn|19\n|inactive|Time left: 300 sec this turn | 300 sec total\n|\n|t:|1783546318\n|move|p2a: Cobalion|Body Press|p1a: Passimian\n|-damage|p1a: Passimian|69/100\n|move|p1a: Passimian|Knock Off|p2a: Cobalion\n|-resisted|p2a: Cobalion\n|-damage|p2a: Cobalion|0 fnt\n|faint|p2a: Cobalion\n|\n|upkeep\n|inactive|Time left: 300 sec this turn | 300 sec total | 5 sec grace\n|\n|t:|1783546319\n|switch|p2a: Regieleki|Regieleki, L79|104/256\n|-damage|p2a: Regieleki|72/256|[from] Stealth Rock\n|turn|20\n|inactive|Time left: 300 sec this turn | 300 sec total\n|\n|t:|1783546320\n|move|p2a: Regieleki|Thunderbolt|p1a: Passimian\n|-damage|p1a: Passimian|23/100\n|move|p1a: Passimian|Knock Off|p2a: Regieleki\n|-damage|p2a: Regieleki|0 fnt\n|faint|p2a: Regieleki\n|\n|upkeep\n|inactive|Time left: 300 sec this turn | 300 sec total | 5 sec grace\n|\n|t:|1783546321\n|switch|p2a: Deoxys|Deoxys-Attack, L72|191/191\n|-damage|p2a: Deoxys|168/191|[from] Stealth Rock\n|-ability|p2a: Deoxys|Pressure\n|turn|21\n|inactive|Time left: 300 sec this turn | 300 sec total\n|\n|t:|1783546322\n|move|p2a: Deoxys|Extreme Speed|p1a: Passimian\n|-damage|p1a: Passimian|0 fnt\n|faint|p1a: Passimian\n|-damage|p2a: Deoxys|149/191|[from] item: Life Orb\n|\n|upkeep\n|\n|t:|1783546323\n|switch|p1a: Virizion|Virizion, L82|100/100\n|turn|22\n|inactive|Time left: 300 sec this turn | 300 sec total\n|\n|t:|1783546324\n|move|p2a: Deoxys|Psycho Boost|p1a: Virizion\n|-supereffective|p1a: Virizion\n|-damage|p1a: Virizion|0 fnt\n|-unboost|p2a: Deoxys|spa|2\n|faint|p1a: Virizion\n|-damage|p2a: Deoxys|130/191|[from] item: Life Orb\n|\n|upkeep\n|\n|t:|1783546325\n|switch|p1a: Floatzel|Floatzel, L86, M|100/100\n|turn|23\n|inactive|Time left: 300 sec this turn | 300 sec total\n|\n|t:|1783546326\n|switch|p2a: Lurantis|Lurantis, L87, M|61/264\n|-damage|p2a: Lurantis|28/264|[from] Stealth Rock\n|move|p1a: Floatzel|Ice Spinner|p2a: Lurantis\n|-supereffective|p2a: Lurantis\n|-damage|p2a: Lurantis|0 fnt\n|faint|p2a: Lurantis\n|\n|upkeep\n|inactive|Time left: 300 sec this turn | 300 sec total | 5 sec grace\n|\n|t:|1783546327\n|switch|p2a: Deoxys|Deoxys-Attack, L72|130/191\n|-damage|p2a: Deoxys|107/191|[from] Stealth Rock\n|-ability|p2a: Deoxys|Pressure\n|turn|24\n|inactive|Time left: 300 sec this turn | 300 sec total\n|\n|t:|1783546328\n|switch|p1a: Kleavor|Kleavor, L78, M|13/100\n|move|p2a: Deoxys|Psycho Boost|p1a: Kleavor\n|-damage|p1a: Kleavor|0 fnt\n|-unboost|p2a: Deoxys|spa|2\n|faint|p1a: Kleavor\n|-damage|p2a: Deoxys|88/191|[from] item: Life Orb\n|\n|upkeep\n|\n|t:|1783546329\n|switch|p1a: Floatzel|Floatzel, L86, M|100/100\n|turn|25\n|inactive|Time left: 300 sec this turn | 300 sec total\n|\n|t:|1783546330\n|-terastallize|p2a: Deoxys|Fighting\n|move|p2a: Deoxys|Superpower|p1a: Floatzel\n|-damage|p1a: Floatzel|0 fnt\n|-unboost|p2a: Deoxys|atk|1\n|-unboost|p2a: Deoxys|def|1\n|faint|p1a: Floatzel\n|-damage|p2a: Deoxys|69/191|[from] item: Life Orb\n|\n|upkeep\n|\n|t:|1783546331\n|switch|p1a: Solgaleo|Solgaleo, L74|39/100\n|turn|26\n|inactive|Time left: 300 sec this turn | 300 sec total\n|\n|t:|1783546332\n|-terastallize|p1a: Solgaleo|Water\n|move|p2a: Deoxys|Superpower|p1a: Solgaleo\n|-damage|p1a: Solgaleo|0 fnt\n|-unboost|p2a: Deoxys|atk|1\n|-unboost|p2a: Deoxys|def|1\n|faint|p1a: Solgaleo\n|-damage|p2a: Deoxys|50/191|[from] item: Life Orb\n|\n|win|p0y6204c12", "uploadtime": 1783546332, "views": 0, "rating": 0, "private": 0, "password": null, "_winner": "p0y6204c12", "_our_name": "p0y6204c12"}