{"id": "battle-gen9randombattle-1480", "formatid": "gen9randombattle", "format": "[Gen 9] Random Battle", "players": ["p0x1481fd4c", "p0y148147c8"], "log": "|init|battle\n|title|p0x1481fd4c vs. p0y148147c8\n|j|\u2606p0x1481fd4c\n|j|\u2606p0y148147c8\n|t:|1783556314\n|gametype|singles\n|player|p1|p0x1481fd4c|2|\n|player|p2|p0y148147c8|265|\n|gen|9\n|tier|[Gen 9] Random Battle\n|rule|Species Clause: Limit one of each Pok\u00e9mon\n|rule|HP Percentage Mod: HP is shown in percentages\n|rule|Sleep Clause Mod: Limit one foe put to sleep\n|rule|Illusion Level Mod: Illusion disguises the Pok\u00e9mon's true level\n|\n|t:|1783556314\n|teamsize|p1|6\n|teamsize|p2|6\n|start\n|switch|p1a: Gliscor|Gliscor, L76, F|100/100\n|switch|p2a: Dragonite|Dragonite, L74, M|257/257\n|turn|1\n|inactive|Battle timer is ON: inactive players will automatically lose when time's up. (requested by p0y148147c8)\n|inactive|p0x1481fd4c also wants the timer to be on.\n|\n|t:|1783556316\n|move|p1a: Gliscor|Toxic|p2a: Dragonite\n|-status|p2a: Dragonite|tox\n|move|p2a: Dragonite|Dragon Dance|p2a: Dragonite\n|-boost|p2a: Dragonite|atk|1\n|-boost|p2a: Dragonite|spe|1\n|\n|-damage|p2a: Dragonite|241/257 tox|[from] psn\n|-status|p1a: Gliscor|tox|[from] item: Toxic Orb\n|upkeep\n|turn|2\n|inactive|Time left: 300 sec this turn | 300 sec total\n|\n|t:|1783556317\n|switch|p1a: Regirock|Regirock, L83|100/100\n|move|p2a: Dragonite|Outrage|p1a: Regirock\n|-damage|p1a: Regirock|66/100\n|\n|-heal|p1a: Regirock|72/100|[from] item: Leftovers\n|-damage|p2a: Dragonite|209/257 tox|[from] psn\n|upkeep\n|turn|3\n|inactive|Time left: 300 sec this turn | 300 sec total\n|\n|t:|1783556318\n|move|p2a: Dragonite|Outrage|p1a: Regirock|[from] lockedmove\n|-damage|p1a: Regirock|36/100\n|-start|p2a: Dragonite|confusion|[fatigue]\n|move|p1a: Regirock|Stone Edge|p2a: Dragonite|[miss]\n|-miss|p1a: Regirock|p2a: Dragonite\n|\n|-heal|p1a: Regirock|42/100|[from] item: Leftovers\n|-damage|p2a: Dragonite|161/257 tox|[from] psn\n|upkeep\n|turn|4\n|inactive|Time left: 300 sec this turn | 300 sec total\n|\n|t:|1783556319\n|-activate|p2a: Dragonite|confusion\n|move|p2a: Dragonite|Outrage|p1a: Regirock\n|-damage|p1a: Regirock|5/100\n|move|p1a: Regirock|Stealth Rock|p2a: Dragonite\n|-sidestart|p2: p0y148147c8|move: Stealth Rock\n|\n|-heal|p1a: Regirock|11/100|[from] item: Leftovers\n|-damage|p2a: Dragonite|97/257 tox|[from] psn\n|upkeep\n|turn|5\n|inactive|Time left: 300 sec this turn | 300 sec total\n|\n|t:|1783556320\n|-activate|p2a: Dragonite|confusion\n|-damage|p2a: Dragonite|52/257 tox|[from] confusion\n|move|p1a: Regirock|Stone Edge|p2a: Dragonite\n|-supereffective|p2a: Dragonite\n|-damage|p2a: Dragonite|0 fnt\n|faint|p2a: Dragonite\n|\n|-heal|p1a: Regirock|17/100|[from] item: Leftovers\n|upkeep\n|inactive|Time left: 300 sec this turn | 300 sec total | 5 sec grace\n|\n|t:|1783556321\n|switch|p2a: Dugtrio|Dugtrio, L84, F|196/196\n|-damage|p2a: Dugtrio|184/196|[from] Stealth Rock\n|turn|6\n|inactive|Time left: 300 sec this turn | 300 sec total\n|\n|t:|1783556323\n|move|p2a: Dugtrio|Earthquake|p1a: Regirock\n|-supereffective|p1a: Regirock\n|-damage|p1a: Regirock|0 fnt\n|faint|p1a: Regirock\n|\n|upkeep\n|\n|t:|1783556324\n|switch|p1a: Quaquaval|Quaquaval, L79, F|100/100\n|turn|7\n|inactive|Time left: 300 sec this turn | 300 sec total\n|\n|t:|1783556325\n|move|p2a: Dugtrio|Earthquake|p1a: Quaquaval\n|-damage|p1a: Quaquaval|36/100\n|move|p1a: Quaquaval|Aqua Step|p2a: Dugtrio\n|-supereffective|p2a: Dugtrio\n|-damage|p2a: Dugtrio|0 fnt\n|-boost|p1a: Quaquaval|spe|1\n|faint|p2a: Dugtrio\n|-ability|p1a: Quaquaval|Moxie|boost\n|-boost|p1a: Quaquaval|atk|1\n|-damage|p1a: Quaquaval|26/100|[from] item: Life Orb\n|\n|upkeep\n|inactive|Time left: 300 sec this turn | 300 sec total | 5 sec grace\n|\n|t:|1783556326\n|switch|p2a: Keldeo|Keldeo-Resolute, L79|273/273\n|-damage|p2a: Keldeo|256/273|[from] Stealth Rock\n|turn|8\n|inactive|Time left: 300 sec this turn | 300 sec total\n|\n|t:|1783556328\n|move|p2a: Keldeo|Secret Sword|p1a: Quaquaval\n|-damage|p1a: Quaquaval|0 fnt\n|faint|p1a: Quaquaval\n|\n|upkeep\n|\n|t:|1783556329\n|switch|p1a: Mewtwo|Mewtwo, L72|100/100\n|-ability|p1a: Mewtwo|Pressure\n|turn|9\n|inactive|Time left: 300 sec this turn | 300 sec total\n|\n|t:|1783556330\n|switch|p2a: Cacturne|Cacturne, L92, M|278/278\n|-damage|p2a: Cacturne|244/278|[from] Stealth Rock\n|move|p1a: Mewtwo|Nasty Plot|p1a: Mewtwo\n|-boost|p1a: Mewtwo|spa|2\n|\n|upkeep\n|turn|10\n|inactive|Time left: 300 sec this turn | 300 sec total\n|\n|t:|1783556331\n|-terastallize|p1a: Mewtwo|Dark\n|move|p2a: Cacturne|Sucker Punch|p1a: Mewtwo\n|-resisted|p1a: Mewtwo\n|-damage|p1a: Mewtwo|75/100\n|-damage|p2a: Cacturne|217/278|[from] item: Life Orb\n|move|p1a: Mewtwo|Fire Blast|p2a: Cacturne|[miss]\n|-miss|p1a: Mewtwo|p2a: Cacturne\n|\n|upkeep\n|turn|11\n|inactive|Time left: 300 sec this turn | 300 sec total\n|\n|t:|1783556333\n|switch|p2a: Keldeo|Keldeo-Resolute, L79|256/273\n|-damage|p2a: Keldeo|239/273|[from] Stealth Rock\n|move|p1a: Mewtwo|Fire Blast|p2a: Keldeo\n|-resisted|p2a: Keldeo\n|-damage|p2a: Keldeo|130/273\n|-damage|p1a: Mewtwo|65/100|[from] item: Life Orb\n|\n|upkeep\n|turn|12\n|inactive|Time left: 300 sec this turn | 300 sec total\n|\n|t:|1783556334\n|switch|p1a: Kyogre|Kyogre, L71|100/100\n|-weather|RainDance|[from] ability: Drizzle|[of] p1a: Kyogre\n|move|p2a: Keldeo|Secret Sword|p1a: Kyogre\n|-damage|p1a: Kyogre|55/100\n|\n|-weather|RainDance|[upkeep]\n|-heal|p1a: Kyogre|62/100|[from] item: Leftovers\n|upkeep\n|turn|13\n|inactive|Time left: 300 sec this turn | 300 sec total\n|\n|t:|1783556335\n|move|p2a: Keldeo|Secret Sword|p1a: Kyogre\n|-damage|p1a: Kyogre|17/100\n|move|p1a: Kyogre|Thunder|p2a: Keldeo\n|-supereffective|p2a: Keldeo\n|-damage|p2a: Keldeo|0 fnt\n|faint|p2a: Keldeo\n|\n|-weather|RainDance|[upkeep]\n|-heal|p1a: Kyogre|23/100|[from] item: Leftovers\n|upkeep\n|inactive|Time left: 300 sec this turn | 300 sec total | 5 sec grace\n|\n|t:|1783556336\n|switch|p2a: Cacturne|Cacturne, L92, M|217/278\n|-damage|p2a: Cacturne|183/278|[from] Stealth Rock\n|turn|14\n|inactive|Time left: 300 sec this turn | 300 sec total\n|\n|t:|1783556337\n|move|p2a: Cacturne|Sucker Punch|p1a: Kyogre\n|-damage|p1a: Kyogre|0 fnt\n|faint|p1a: Kyogre\n|-damage|p2a: Cacturne|156/278|[from] item: Life Orb\n|\n|-weather|RainDance|[upkeep]\n|upkeep\n|\n|t:|1783556338\n|switch|p1a: Hitmonlee|Hitmonlee, L85, M|100/100\n|turn|15\n|inactive|Time left: 300 sec this turn | 300 sec total\n|\n|t:|1783556339\n|move|p2a: Cacturne|Sucker Punch|p1a: Hitmonlee\n|-resisted|p1a: Hitmonlee\n|-damage|p1a: Hitmonlee|57/100\n|-damage|p2a: Cacturne|129/278|[from] item: Life Orb\n|move|p1a: Hitmonlee|Close Combat|p2a: Cacturne\n|-supereffective|p2a: Cacturne\n|-damage|p2a: Cacturne|0 fnt\n|-unboost|p1a: Hitmonlee|def|1\n|-unboost|p1a: Hitmonlee|spd|1\n|faint|p2a: Cacturne\n|-enditem|p1a: Hitmonlee|White Herb\n|-clearnegativeboost|p1a: Hitmonlee|[silent]\n|\n|-weather|RainDance|[upkeep]\n|upkeep\n|inactive|Time left: 300 sec this turn | 300 sec total | 5 sec grace\n|\n|t:|1783556340\n|switch|p2a: Uxie|Uxie, L83|260/260\n|-damage|p2a: Uxie|228/260|[from] Stealth Rock\n|turn|16\n|inactive|Time left: 300 sec this turn | 300 sec total\n|\n|t:|1783556341\n|move|p1a: Hitmonlee|Knock Off|p2a: Uxie\n|-supereffective|p2a: Uxie\n|-damage|p2a: Uxie|100/260\n|-enditem|p2a: Uxie|Leftovers|[from] move: Knock Off|[of] p1a: Hitmonlee\n|move|p2a: Uxie|Psychic Noise|p1a: Hitmonlee\n|-supereffective|p1a: Hitmonlee\n|-damage|p1a: Hitmonlee|12/100\n|-start|p1a: Hitmonlee|move: Heal Block\n|\n|-weather|none\n|upkeep\n|turn|17\n|inactive|Time left: 300 sec this turn | 300 sec total\n|\n|t:|1783556341\n|move|p1a: Hitmonlee|Knock Off|p2a: Uxie\n|-supereffective|p2a: Uxie\n|-damage|p2a: Uxie|18/260\n|move|p2a: Uxie|U-turn|p1a: Hitmonlee\n|-resisted|p1a: Hitmonlee\n|-damage|p1a: Hitmonlee|0 fnt\n|faint|p1a: Hitmonlee\n|inactive|Time left: 300 sec this turn | 300 sec total | 5 sec grace\n|\n|t:|1783556342\n|switch|p2a: Deoxys|Deoxys, L74|196/196|[from] U-turn\n|-damage|p2a: Deoxys|172/196|[from] Stealth Rock\n|-ability|p2a: Deoxys|Pressure\n|\n|upkeep\n|\n|t:|1783556343\n|switch|p1a: Mewtwo|Mewtwo, L72, tera:Dark|65/100\n|-ability|p1a: Mewtwo|Pressure\n|turn|18\n|inactive|Time left: 300 sec this turn | 300 sec total\n|\n|t:|1783556344\n|switch|p1a: Gliscor|Gliscor, L76, F|100/100 tox\n|-terastallize|p2a: Deoxys|Fighting\n|move|p2a: Deoxys|Superpower|p1a: Gliscor\n|-resisted|p1a: Gliscor\n|-damage|p1a: Gliscor|66/100 tox\n|-unboost|p2a: Deoxys|atk|1\n|-unboost|p2a: Deoxys|def|1\n|-damage|p2a: Deoxys|153/196|[from] item: Life Orb\n|\n|-heal|p1a: Gliscor|78/100 tox|[from] ability: Poison Heal\n|upkeep\n|turn|19\n|inactive|Time left: 300 sec this turn | 300 sec total\n|\n|t:|1783556345\n|move|p1a: Gliscor|Protect|p1a: Gliscor\n|-singleturn|p1a: Gliscor|Protect\n|move|p2a: Deoxys|Psycho Boost|p1a: Gliscor\n|-activate|p1a: Gliscor|move: Protect\n|\n|-heal|p1a: Gliscor|90/100 tox|[from] ability: Poison Heal\n|upkeep\n|turn|20\n|inactive|Time left: 300 sec this turn | 300 sec total\n|\n|t:|1783556346\n|switch|p1a: Mewtwo|Mewtwo, L72, tera:Dark|65/100\n|-ability|p1a: Mewtwo|Pressure\n|move|p2a: Deoxys|Psycho Boost|p1a: Mewtwo\n|-immune|p1a: Mewtwo\n|\n|upkeep\n|turn|21\n|inactive|Time left: 300 sec this turn | 300 sec total\n|\n|t:|1783556347\n|switch|p1a: Gliscor|Gliscor, L76, F|90/100 tox\n|move|p2a: Deoxys|Superpower|p1a: Gliscor\n|-resisted|p1a: Gliscor\n|-damage|p1a: Gliscor|67/100 tox\n|-unboost|p2a: Deoxys|atk|1\n|-unboost|p2a: Deoxys|def|1\n|-damage|p2a: Deoxys|134/196|[from] item: Life Orb\n|\n|-heal|p1a: Gliscor|80/100 tox|[from] ability: Poison Heal\n|upkeep\n|turn|22\n|inactive|Time left: 300 sec this turn | 300 sec total\n|\n|t:|1783556348\n|move|p1a: Gliscor|Protect|p1a: Gliscor\n|-singleturn|p1a: Gliscor|Protect\n|move|p2a: Deoxys|Psycho Boost|p1a: Gliscor\n|-activate|p1a: Gliscor|move: Protect\n|\n|-heal|p1a: Gliscor|92/100 tox|[from] ability: Poison Heal\n|upkeep\n|turn|23\n|inactive|Time left: 300 sec this turn | 300 sec total\n|\n|t:|1783556349\n|switch|p1a: Mewtwo|Mewtwo, L72, tera:Dark|65/100\n|-ability|p1a: Mewtwo|Pressure\n|move|p2a: Deoxys|Psycho Boost|p1a: Mewtwo\n|-immune|p1a: Mewtwo\n|\n|upkeep\n|turn|24\n|inactive|Time left: 300 sec this turn | 300 sec total\n|\n|t:|1783556350\n|switch|p1a: Gliscor|Gliscor, L76, F|92/100 tox\n|move|p2a: Deoxys|Superpower|p1a: Gliscor\n|-resisted|p1a: Gliscor\n|-damage|p1a: Gliscor|74/100 tox\n|-unboost|p2a: Deoxys|atk|1\n|-unboost|p2a: Deoxys|def|1\n|-damage|p2a: Deoxys|115/196|[from] item: Life Orb\n|\n|-heal|p1a: Gliscor|86/100 tox|[from] ability: Poison Heal\n|upkeep\n|turn|25\n|inactive|Time left: 300 sec this turn | 300 sec total\n|\n|t:|1783556351\n|switch|p1a: Mewtwo|Mewtwo, L72, tera:Dark|65/100\n|-ability|p1a: Mewtwo|Pressure\n|move|p2a: Deoxys|Superpower|p1a: Mewtwo\n|-supereffective|p1a: Mewtwo\n|-damage|p1a: Mewtwo|5/100\n|-unboost|p2a: Deoxys|atk|1\n|-unboost|p2a: Deoxys|def|1\n|-damage|p2a: Deoxys|96/196|[from] item: Life Orb\n|\n|upkeep\n|turn|26\n|inactive|Time left: 300 sec this turn | 300 sec total\n|\n|t:|1783556352\n|switch|p1a: Gliscor|Gliscor, L76, F|86/100 tox\n|move|p2a: Deoxys|Knock Off|p1a: Gliscor\n|-damage|p1a: Gliscor|75/100 tox\n|-enditem|p1a: Gliscor|Toxic Orb|[from] move: Knock Off|[of] p2a: Deoxys\n|-damage|p2a: Deoxys|77/196|[from] item: Life Orb\n|\n|-heal|p1a: Gliscor|88/100 tox|[from] ability: Poison Heal\n|upkeep\n|turn|27\n|inactive|Time left: 300 sec this turn | 300 sec total\n|\n|t:|1783556353\n|switch|p1a: Mewtwo|Mewtwo, L72, tera:Dark|5/100\n|-ability|p1a: Mewtwo|Pressure\n|move|p2a: Deoxys|Psycho Boost|p1a: Mewtwo\n|-immune|p1a: Mewtwo\n|\n|upkeep\n|turn|28\n|inactive|Time left: 300 sec this turn | 300 sec total\n|\n|t:|1783556354\n|switch|p1a: Gliscor|Gliscor, L76, F|88/100 tox\n|move|p2a: Deoxys|Superpower|p1a: Gliscor\n|-resisted|p1a: Gliscor\n|-damage|p1a: Gliscor|77/100 tox\n|-unboost|p2a: Deoxys|atk|1\n|-unboost|p2a: Deoxys|def|1\n|-damage|p2a: Deoxys|58/196|[from] item: Life Orb\n|\n|-heal|p1a: Gliscor|89/100 tox|[from] ability: Poison Heal\n|upkeep\n|turn|29\n|inactive|Time left: 300 sec this turn | 300 sec total\n|\n|t:|1783556355\n|switch|p2a: Uxie|Uxie, L83|18/260\n|-damage|p2a: Uxie|0 fnt|[from] Stealth Rock\n|faint|p2a: Uxie\n|move|p1a: Gliscor|Knock Off|p2: Uxie|[notarget]\n|-fail|p1a: Gliscor\n|\n|-heal|p1a: Gliscor|100/100 tox|[from] ability: Poison Heal\n|upkeep\n|inactive|Time left: 300 sec this turn | 300 sec total | 5 sec grace\n|\n|t:|1783556356\n|switch|p2a: Deoxys|Deoxys, L74, tera:Fighting|58/196\n|-damage|p2a: Deoxys|46/196|[from] Stealth Rock\n|-ability|p2a: Deoxys|Pressure\n|turn|30\n|inactive|Time left: 300 sec this turn | 300 sec total\n|\n|t:|1783556357\n|move|p2a: Deoxys|Knock Off|p1a: Gliscor\n|-damage|p1a: Gliscor|78/100 tox\n|-damage|p2a: Deoxys|27/196|[from] item: Life Orb\n|move|p1a: Gliscor|Earthquake|p2a: Deoxys\n|-damage|p2a: Deoxys|0 fnt\n|faint|p2a: Deoxys\n|\n|win|p0x1481fd4c", "uploadtime": 1783556357, "views": 0, "rating": 0, "private": 0, "password": null, "_winner": "p0x1481fd4c", "_our_name": "p0y148147c8"}