{"id": "battle-gen9randombattle-750", "formatid": "gen9randombattle", "format": "[Gen 9] Random Battle", "players": ["p0x7501ceb", "p0y750bcbd"], "log": "|init|battle\n|title|p0x7501ceb vs. p0y750bcbd\n|j|\u2606p0x7501ceb\n|j|\u2606p0y750bcbd\n|t:|1783547832\n|gametype|singles\n|player|p1|p0x7501ceb|1|\n|player|p2|p0y750bcbd|101|\n|gen|9\n|tier|[Gen 9] Random Battle\n|rule|Species Clause: Limit one of each Pok\u00e9mon\n|rule|HP Percentage Mod: HP is shown in percentages\n|rule|Sleep Clause Mod: Limit one foe put to sleep\n|rule|Illusion Level Mod: Illusion disguises the Pok\u00e9mon's true level\n|\n|t:|1783547832\n|teamsize|p1|6\n|teamsize|p2|6\n|start\n|switch|p1a: Palafin|Palafin, L77, F|100/100\n|switch|p2a: Clawitzer|Clawitzer, L87, F|265/265\n|turn|1\n|inactive|Battle timer is ON: inactive players will automatically lose when time's up. (requested by p0y750bcbd)\n|inactive|p0x7501ceb also wants the timer to be on.\n|\n|t:|1783547833\n|detailschange|p1a: Palafin|Palafin-Hero, L77, F\n|switch|p1a: Gardevoir|Gardevoir, L83, F|100/100\n|-ability|p1a: Gardevoir|Mega Launcher|Trace|[from] ability: Trace|[of] p2a: Clawitzer\n|move|p2a: Clawitzer|Aura Sphere|p1a: Gardevoir\n|-resisted|p1a: Gardevoir\n|-damage|p1a: Gardevoir|91/100\n|\n|upkeep\n|turn|2\n|inactive|Time left: 300 sec this turn | 300 sec total\n|\n|t:|1783547835\n|move|p1a: Gardevoir|Moonblast|p2a: Clawitzer\n|-damage|p2a: Clawitzer|192/265\n|-unboost|p2a: Clawitzer|spa|1\n|move|p2a: Clawitzer|Water Pulse|p1a: Gardevoir\n|-damage|p1a: Gardevoir|65/100\n|\n|upkeep\n|turn|3\n|inactive|Time left: 300 sec this turn | 300 sec total\n|\n|t:|1783547836\n|move|p1a: Gardevoir|Moonblast|p2a: Clawitzer\n|-damage|p2a: Clawitzer|116/265\n|move|p2a: Clawitzer|U-turn|p1a: Gardevoir\n|-damage|p1a: Gardevoir|43/100\n|inactive|Time left: 300 sec this turn | 300 sec total | 5 sec grace\n|\n|t:|1783547837\n|switch|p2a: Toxtricity|Toxtricity, L82, F|257/257|[from] U-turn\n|\n|upkeep\n|turn|4\n|inactive|Time left: 300 sec this turn | 300 sec total\n|\n|t:|1783547838\n|move|p1a: Gardevoir|Moonblast|p2a: Toxtricity\n|-resisted|p2a: Toxtricity\n|-damage|p2a: Toxtricity|184/257\n|move|p2a: Toxtricity|Boomburst|p1a: Gardevoir\n|-damage|p1a: Gardevoir|0 fnt\n|faint|p1a: Gardevoir\n|-enditem|p2a: Toxtricity|Throat Spray\n|-boost|p2a: Toxtricity|spa|1|[from] item: Throat Spray\n|\n|upkeep\n|\n|t:|1783547839\n|switch|p1a: Gliscor|Gliscor, L76, F|100/100\n|turn|5\n|inactive|Time left: 300 sec this turn | 300 sec total\n|\n|t:|1783547840\n|-terastallize|p2a: Toxtricity|Normal\n|move|p1a: Gliscor|Earthquake|p2a: Toxtricity\n|-damage|p2a: Toxtricity|85/257\n|move|p2a: Toxtricity|Boomburst|p1a: Gliscor\n|-damage|p1a: Gliscor|0 fnt\n|faint|p1a: Gliscor\n|\n|upkeep\n|\n|t:|1783547841\n|switch|p1a: Staraptor|Staraptor, L79, F|100/100\n|turn|6\n|inactive|Time left: 300 sec this turn | 300 sec total\n|\n|t:|1783547841\n|switch|p2a: Jirachi|Jirachi, L80|291/291\n|move|p1a: Staraptor|Brave Bird|p2a: Jirachi\n|-resisted|p2a: Jirachi\n|-damage|p2a: Jirachi|168/291\n|-damage|p1a: Staraptor|85/100|[from] Recoil\n|\n|-heal|p2a: Jirachi|186/291|[from] item: Leftovers\n|upkeep\n|turn|7\n|inactive|Time left: 300 sec this turn | 300 sec total\n|\n|t:|1783547843\n|switch|p1a: Blaziken|Blaziken, L76, F|100/100\n|move|p2a: Jirachi|Body Slam|p1a: Blaziken\n|-crit|p1a: Blaziken\n|-damage|p1a: Blaziken|57/100\n|\n|-heal|p2a: Jirachi|204/291|[from] item: Leftovers\n|upkeep\n|turn|8\n|inactive|Time left: 300 sec this turn | 300 sec total\n|\n|t:|1783547844\n|move|p2a: Jirachi|Body Slam|p1a: Blaziken\n|-damage|p1a: Blaziken|26/100\n|move|p1a: Blaziken|Knock Off|p2a: Jirachi\n|-supereffective|p2a: Jirachi\n|-crit|p2a: Jirachi\n|-damage|p2a: Jirachi|0 fnt\n|-enditem|p2a: Jirachi|Leftovers|[from] move: Knock Off|[of] p1a: Blaziken\n|faint|p2a: Jirachi\n|-damage|p1a: Blaziken|16/100|[from] item: Life Orb\n|\n|-ability|p1a: Blaziken|Speed Boost|boost\n|-boost|p1a: Blaziken|spe|1\n|upkeep\n|inactive|Time left: 300 sec this turn | 300 sec total | 5 sec grace\n|\n|t:|1783547844\n|switch|p2a: Drifblim|Drifblim, L86, F|396/396\n|turn|9\n|inactive|Time left: 300 sec this turn | 300 sec total\n|\n|t:|1783547845\n|-terastallize|p1a: Blaziken|Dark\n|move|p1a: Blaziken|Knock Off|p2a: Drifblim\n|-supereffective|p2a: Drifblim\n|-damage|p2a: Drifblim|0 fnt\n|-enditem|p2a: Drifblim|Sitrus Berry|[from] move: Knock Off|[of] p1a: Blaziken\n|faint|p2a: Drifblim\n|-damage|p1a: Blaziken|7/100|[from] item: Life Orb\n|\n|-ability|p1a: Blaziken|Speed Boost|boost\n|-boost|p1a: Blaziken|spe|1\n|upkeep\n|inactive|Time left: 300 sec this turn | 300 sec total | 5 sec grace\n|\n|t:|1783547846\n|switch|p2a: Toxtricity|Toxtricity, L82, F, tera:Normal|85/257\n|turn|10\n|inactive|Time left: 300 sec this turn | 300 sec total\n|\n|t:|1783547847\n|move|p1a: Blaziken|Close Combat|p2a: Toxtricity\n|-supereffective|p2a: Toxtricity\n|-damage|p2a: Toxtricity|0 fnt\n|-unboost|p1a: Blaziken|def|1\n|-unboost|p1a: Blaziken|spd|1\n|faint|p2a: Toxtricity\n|-damage|p1a: Blaziken|0 fnt|[from] item: Life Orb\n|faint|p1a: Blaziken\n|\n|upkeep\n|inactive|Time left: 300 sec this turn | 300 sec total | 5 sec grace\n|\n|t:|1783547848\n|switch|p2a: Roaring Moon|Roaring Moon, L72|270/270\n|switch|p1a: Staraptor|Staraptor, L79, F|85/100\n|turn|11\n|inactive|Time left: 300 sec this turn | 300 sec total\n|\n|t:|1783547850\n|move|p2a: Roaring Moon|Outrage|p1a: Staraptor\n|-damage|p1a: Staraptor|0 fnt\n|faint|p1a: Staraptor\n|\n|upkeep\n|\n|t:|1783547851\n|switch|p1a: Forretress|Forretress, L84, F|100/100\n|turn|12\n|inactive|Time left: 300 sec this turn | 300 sec total\n|\n|t:|1783547852\n|move|p2a: Roaring Moon|Outrage|p1a: Forretress|[from] lockedmove\n|-resisted|p1a: Forretress\n|-damage|p1a: Forretress|77/100\n|move|p1a: Forretress|Body Press|p2a: Roaring Moon\n|-supereffective|p2a: Roaring Moon\n|-damage|p2a: Roaring Moon|76/270\n|\n|-heal|p1a: Forretress|83/100|[from] item: Leftovers\n|upkeep\n|turn|13\n|inactive|Time left: 300 sec this turn | 300 sec total\n|\n|t:|1783547853\n|move|p2a: Roaring Moon|Outrage|p1a: Forretress|[from] lockedmove\n|-resisted|p1a: Forretress\n|-damage|p1a: Forretress|56/100\n|-start|p2a: Roaring Moon|confusion|[fatigue]\n|move|p1a: Forretress|Rapid Spin|p2a: Roaring Moon\n|-damage|p2a: Roaring Moon|31/270\n|-boost|p1a: Forretress|spe|1\n|\n|-heal|p1a: Forretress|62/100|[from] item: Leftovers\n|upkeep\n|turn|14\n|inactive|Time left: 300 sec this turn | 300 sec total\n|\n|t:|1783547854\n|-activate|p2a: Roaring Moon|confusion\n|move|p2a: Roaring Moon|Outrage|p1a: Forretress\n|-resisted|p1a: Forretress\n|-damage|p1a: Forretress|36/100\n|move|p1a: Forretress|Body Press|p2a: Roaring Moon\n|-supereffective|p2a: Roaring Moon\n|-damage|p2a: Roaring Moon|0 fnt\n|faint|p2a: Roaring Moon\n|-end|p2a: Roaring Moon|Protosynthesis|[silent]\n|\n|-heal|p1a: Forretress|42/100|[from] item: Leftovers\n|upkeep\n|inactive|Time left: 300 sec this turn | 300 sec total | 5 sec grace\n|\n|t:|1783547855\n|switch|p2a: Quaquaval|Quaquaval, L79, M|264/264\n|turn|15\n|inactive|Time left: 300 sec this turn | 300 sec total\n|\n|t:|1783547856\n|switch|p1a: Palafin|Palafin-Hero, L77, F|100/100\n|-activate|p1a: Palafin|ability: Zero to Hero\n|move|p2a: Quaquaval|Swords Dance|p2a: Quaquaval\n|-boost|p2a: Quaquaval|atk|2\n|\n|upkeep\n|turn|16\n|inactive|Time left: 300 sec this turn | 300 sec total\n|\n|t:|1783547857\n|move|p1a: Palafin|Bulk Up|p1a: Palafin\n|-boost|p1a: Palafin|atk|1\n|-boost|p1a: Palafin|def|1\n|move|p2a: Quaquaval|Close Combat|p1a: Palafin\n|-damage|p1a: Palafin|21/100\n|-unboost|p2a: Quaquaval|def|1\n|-unboost|p2a: Quaquaval|spd|1\n|-damage|p2a: Quaquaval|238/264|[from] item: Life Orb\n|\n|-heal|p1a: Palafin|28/100|[from] item: Leftovers\n|upkeep\n|turn|17\n|inactive|Time left: 300 sec this turn | 300 sec total\n|\n|t:|1783547858\n|move|p1a: Palafin|Ice Punch|p2a: Quaquaval\n|-resisted|p2a: Quaquaval\n|-damage|p2a: Quaquaval|157/264\n|move|p2a: Quaquaval|Close Combat|p1a: Palafin\n|-damage|p1a: Palafin|0 fnt\n|-unboost|p2a: Quaquaval|def|1\n|-unboost|p2a: Quaquaval|spd|1\n|faint|p1a: Palafin\n|-ability|p2a: Quaquaval|Moxie|boost\n|-boost|p2a: Quaquaval|atk|1\n|-damage|p2a: Quaquaval|131/264|[from] item: Life Orb\n|\n|upkeep\n|\n|t:|1783547859\n|switch|p1a: Forretress|Forretress, L84, F|42/100\n|turn|18\n|inactive|Time left: 300 sec this turn | 300 sec total\n|\n|t:|1783547860\n|move|p2a: Quaquaval|Knock Off|p1a: Forretress\n|-damage|p1a: Forretress|0 fnt\n|-enditem|p1a: Forretress|Leftovers|[from] move: Knock Off|[of] p2a: Quaquaval\n|faint|p1a: Forretress\n|-damage|p2a: Quaquaval|105/264|[from] item: Life Orb\n|\n|win|p0y750bcbd", "uploadtime": 1783547860, "views": 0, "rating": 0, "private": 0, "password": null, "_winner": "p0y750bcbd", "_our_name": "p0y750bcbd"}