{"id": "battle-gen9randombattle-2145", "formatid": "gen9randombattle", "format": "[Gen 9] Random Battle", "players": ["p0x214555c6", "p0y21452e3d"], "log": "|init|battle\n|title|p0x214555c6 vs. p0y21452e3d\n|j|\u2606p0x214555c6\n|j|\u2606p0y21452e3d\n|t:|1783564015\n|gametype|singles\n|player|p1|p0x214555c6|101|\n|player|p2|p0y21452e3d|101|\n|gen|9\n|tier|[Gen 9] Random Battle\n|rule|Species Clause: Limit one of each Pok\u00e9mon\n|rule|HP Percentage Mod: HP is shown in percentages\n|rule|Sleep Clause Mod: Limit one foe put to sleep\n|rule|Illusion Level Mod: Illusion disguises the Pok\u00e9mon's true level\n|\n|t:|1783564015\n|teamsize|p1|6\n|teamsize|p2|6\n|start\n|switch|p1a: Wigglytuff|Wigglytuff, L96, F|100/100\n|switch|p2a: Rillaboom|Rillaboom, L79, M|288/288\n|-fieldstart|move: Grassy Terrain|[from] ability: Grassy Surge|[of] p2a: Rillaboom\n|turn|1\n|inactive|Battle timer is ON: inactive players will automatically lose when time's up. (requested by p0y21452e3d)\n|inactive|p0x214555c6 also wants the timer to be on.\n|\n|t:|1783564017\n|move|p2a: Rillaboom|Swords Dance|p2a: Rillaboom\n|-boost|p2a: Rillaboom|atk|2\n|move|p1a: Wigglytuff|Fire Blast|p2a: Rillaboom\n|-supereffective|p2a: Rillaboom\n|-damage|p2a: Rillaboom|74/288\n|\n|-heal|p2a: Rillaboom|92/288|[from] Grassy Terrain\n|upkeep\n|turn|2\n|inactive|Time left: 300 sec this turn | 300 sec total\n|\n|t:|1783564018\n|move|p2a: Rillaboom|Wood Hammer|p1a: Wigglytuff\n|-damage|p1a: Wigglytuff|0 fnt\n|faint|p1a: Wigglytuff\n|-damage|p2a: Rillaboom|0 fnt|[from] Recoil\n|faint|p2a: Rillaboom\n|\n|upkeep\n|inactive|Time left: 300 sec this turn | 300 sec total | 5 sec grace\n|\n|t:|1783564019\n|switch|p2a: Politoed|Politoed, L88, M|302/302\n|switch|p1a: Drednaw|Drednaw, L81, F|100/100\n|-weather|RainDance|[from] ability: Drizzle|[of] p2a: Politoed\n|turn|3\n|inactive|Time left: 300 sec this turn | 300 sec total\n|\n|t:|1783564020\n|-terastallize|p1a: Drednaw|Water\n|move|p2a: Politoed|Weather Ball|p1a: Drednaw\n|-resisted|p1a: Drednaw\n|-damage|p1a: Drednaw|44/100\n|move|p1a: Drednaw|Shell Smash|p1a: Drednaw\n|-unboost|p1a: Drednaw|def|1\n|-unboost|p1a: Drednaw|spd|1\n|-boost|p1a: Drednaw|atk|2\n|-boost|p1a: Drednaw|spa|2\n|-boost|p1a: Drednaw|spe|2\n|-enditem|p1a: Drednaw|White Herb\n|-clearnegativeboost|p1a: Drednaw|[silent]\n|\n|-weather|RainDance|[upkeep]\n|-heal|p1a: Drednaw|50/100|[from] Grassy Terrain\n|upkeep\n|turn|4\n|inactive|Time left: 300 sec this turn | 300 sec total\n|\n|t:|1783564021\n|move|p1a: Drednaw|Stone Edge|p2a: Politoed\n|-damage|p2a: Politoed|65/302\n|move|p2a: Politoed|Weather Ball|p1a: Drednaw\n|-resisted|p1a: Drednaw\n|-damage|p1a: Drednaw|0 fnt\n|faint|p1a: Drednaw\n|\n|-weather|RainDance|[upkeep]\n|-heal|p2a: Politoed|83/302|[from] Grassy Terrain\n|upkeep\n|\n|t:|1783564022\n|switch|p1a: Beartic|Beartic, L91, M|100/100\n|turn|5\n|inactive|Time left: 300 sec this turn | 300 sec total\n|\n|t:|1783564023\n|move|p1a: Beartic|Icicle Crash|p2a: Politoed\n|-resisted|p2a: Politoed\n|-damage|p2a: Politoed|0 fnt\n|faint|p2a: Politoed\n|\n|-weather|RainDance|[upkeep]\n|-fieldend|move: Grassy Terrain\n|upkeep\n|inactive|Time left: 300 sec this turn | 300 sec total | 5 sec grace\n|\n|t:|1783564024\n|switch|p2a: Vivillon|Vivillon-Continental, L83, M|268/268\n|turn|6\n|inactive|Time left: 300 sec this turn | 300 sec total\n|\n|t:|1783564025\n|move|p1a: Beartic|Icicle Crash|p2a: Vivillon\n|-supereffective|p2a: Vivillon\n|-damage|p2a: Vivillon|0 fnt\n|faint|p2a: Vivillon\n|\n|-weather|RainDance|[upkeep]\n|upkeep\n|inactive|Time left: 300 sec this turn | 300 sec total | 5 sec grace\n|\n|t:|1783564026\n|switch|p2a: Deoxys|Deoxys-Speed, L82|216/216\n|-ability|p2a: Deoxys|Pressure\n|turn|7\n|inactive|Time left: 300 sec this turn | 300 sec total\n|\n|t:|1783564027\n|move|p2a: Deoxys|Knock Off|p1a: Beartic\n|-damage|p1a: Beartic|76/100\n|-enditem|p1a: Beartic|Choice Band|[from] move: Knock Off|[of] p2a: Deoxys\n|-damage|p2a: Deoxys|195/216|[from] item: Life Orb\n|move|p1a: Beartic|Icicle Crash|p2a: Deoxys\n|-damage|p2a: Deoxys|71/216\n|\n|-weather|none\n|upkeep\n|turn|8\n|inactive|Time left: 300 sec this turn | 300 sec total\n|\n|t:|1783564028\n|switch|p1a: Iron Jugulis|Iron Jugulis, L77|100/100\n|move|p2a: Deoxys|Psycho Boost|p1a: Iron Jugulis\n|-immune|p1a: Iron Jugulis\n|\n|upkeep\n|turn|9\n|inactive|Time left: 300 sec this turn | 300 sec total\n|\n|t:|1783564029\n|move|p2a: Deoxys|Stealth Rock|p1a: Iron Jugulis\n|-sidestart|p1: p0x214555c6|move: Stealth Rock\n|move|p1a: Iron Jugulis|Meteor Beam||[still]\n|-prepare|p1a: Iron Jugulis|Meteor Beam\n|-boost|p1a: Iron Jugulis|spa|1\n|-enditem|p1a: Iron Jugulis|Power Herb\n|-anim|p1a: Iron Jugulis|Meteor Beam|p2a: Deoxys\n|-damage|p2a: Deoxys|0 fnt\n|faint|p2a: Deoxys\n|\n|upkeep\n|inactive|Time left: 300 sec this turn | 300 sec total | 5 sec grace\n|\n|t:|1783564030\n|switch|p2a: Roaring Moon|Roaring Moon, L72|270/270\n|-enditem|p2a: Roaring Moon|Booster Energy\n|-activate|p2a: Roaring Moon|ability: Protosynthesis|[fromitem]\n|-start|p2a: Roaring Moon|protosynthesisatk\n|turn|10\n|inactive|Time left: 300 sec this turn | 300 sec total\n|\n|t:|1783564031\n|move|p2a: Roaring Moon|Outrage|p1a: Iron Jugulis\n|-damage|p1a: Iron Jugulis|37/100\n|move|p1a: Iron Jugulis|Hurricane|p2a: Roaring Moon|[miss]\n|-miss|p1a: Iron Jugulis|p2a: Roaring Moon\n|\n|upkeep\n|turn|11\n|inactive|Time left: 300 sec this turn | 300 sec total\n|\n|t:|1783564032\n|move|p2a: Roaring Moon|Outrage|p1a: Iron Jugulis|[from] lockedmove\n|-damage|p1a: Iron Jugulis|0 fnt\n|faint|p1a: Iron Jugulis\n|-end|p1a: Iron Jugulis|Quark Drive|[silent]\n|\n|upkeep\n|\n|t:|1783564033\n|switch|p1a: Mew|Mew, L82|100/100\n|-damage|p1a: Mew|88/100|[from] Stealth Rock\n|turn|12\n|inactive|Time left: 300 sec this turn | 300 sec total\n|\n|t:|1783564034\n|move|p2a: Roaring Moon|Outrage|p1a: Mew|[from] lockedmove\n|-damage|p1a: Mew|42/100\n|-start|p2a: Roaring Moon|confusion|[fatigue]\n|move|p1a: Mew|Close Combat|p2a: Roaring Moon\n|-supereffective|p2a: Roaring Moon\n|-damage|p2a: Roaring Moon|5/270\n|-unboost|p1a: Mew|def|1\n|-unboost|p1a: Mew|spd|1\n|-damage|p1a: Mew|32/100|[from] item: Life Orb\n|\n|upkeep\n|turn|13\n|inactive|Time left: 300 sec this turn | 300 sec total\n|\n|t:|1783564036\n|-activate|p2a: Roaring Moon|confusion\n|move|p2a: Roaring Moon|Knock Off|p1a: Mew\n|-supereffective|p1a: Mew\n|-damage|p1a: Mew|0 fnt\n|-enditem|p1a: Mew|Life Orb|[from] move: Knock Off|[of] p2a: Roaring Moon\n|faint|p1a: Mew\n|\n|upkeep\n|\n|t:|1783564037\n|switch|p1a: Eternatus|Eternatus, L69|100/100\n|-damage|p1a: Eternatus|88/100|[from] Stealth Rock\n|-ability|p1a: Eternatus|Pressure\n|turn|14\n|inactive|Time left: 300 sec this turn | 300 sec total\n|\n|t:|1783564038\n|-end|p2a: Roaring Moon|Protosynthesis|[silent]\n|switch|p2a: Goodra|Goodra-Hisui, L82, M|265/265\n|move|p1a: Eternatus|Meteor Beam||[still]\n|-prepare|p1a: Eternatus|Meteor Beam\n|-boost|p1a: Eternatus|spa|1\n|-enditem|p1a: Eternatus|Power Herb\n|-anim|p1a: Eternatus|Meteor Beam|p2a: Goodra|[miss]\n|-miss|p1a: Eternatus|p2a: Goodra\n|\n|upkeep\n|turn|15\n|inactive|Time left: 300 sec this turn | 300 sec total\n|\n|t:|1783564039\n|move|p1a: Eternatus|Dynamax Cannon|p2a: Goodra\n|-damage|p2a: Goodra|196/265\n|move|p2a: Goodra|Draco Meteor|p1a: Eternatus\n|-supereffective|p1a: Eternatus\n|-damage|p1a: Eternatus|0 fnt\n|-unboost|p2a: Goodra|spa|2\n|faint|p1a: Eternatus\n|\n|upkeep\n|\n|t:|1783564039\n|switch|p1a: Beartic|Beartic, L91, M|76/100\n|-damage|p1a: Beartic|51/100|[from] Stealth Rock\n|turn|16\n|inactive|Time left: 300 sec this turn | 300 sec total\n|\n|t:|1783564040\n|-terastallize|p2a: Goodra|Flying\n|move|p2a: Goodra|Heavy Slam|p1a: Beartic\n|-supereffective|p1a: Beartic\n|-damage|p1a: Beartic|23/100\n|move|p1a: Beartic|Icicle Crash|p2a: Goodra\n|-supereffective|p2a: Goodra\n|-damage|p2a: Goodra|0 fnt\n|faint|p2a: Goodra\n|\n|upkeep\n|inactive|Time left: 300 sec this turn | 300 sec total | 5 sec grace\n|\n|t:|1783564041\n|switch|p2a: Roaring Moon|Roaring Moon, L72|5/270\n|turn|17\n|inactive|Time left: 300 sec this turn | 300 sec total\n|\n|t:|1783564042\n|move|p1a: Beartic|Aqua Jet|p2a: Roaring Moon\n|-resisted|p2a: Roaring Moon\n|-damage|p2a: Roaring Moon|0 fnt\n|faint|p2a: Roaring Moon\n|-end|p2a: Roaring Moon|Protosynthesis|[silent]\n|\n|win|p0x214555c6", "uploadtime": 1783564042, "views": 0, "rating": 0, "private": 0, "password": null, "_winner": "p0x214555c6", "_our_name": "p0y21452e3d"}