{"id": "battle-gen9randombattle-158", "formatid": "gen9randombattle", "format": "[Gen 9] Random Battle", "players": ["p0x158c152", "p0y1584fa6"], "log": "|init|battle\n|title|p0x158c152 vs. p0y1584fa6\n|j|\u2606p0x158c152\n|j|\u2606p0y1584fa6\n|t:|1783535078\n|gametype|singles\n|player|p1|p0x158c152|102|\n|player|p2|p0y1584fa6|170|\n|gen|9\n|tier|[Gen 9] Random Battle\n|rule|Species Clause: Limit one of each Pok\u00e9mon\n|rule|HP Percentage Mod: HP is shown in percentages\n|rule|Sleep Clause Mod: Limit one foe put to sleep\n|rule|Illusion Level Mod: Illusion disguises the Pok\u00e9mon's true level\n|\n|t:|1783535078\n|teamsize|p1|6\n|teamsize|p2|6\n|start\n|switch|p1a: Alcremie|Alcremie-Lemon-Cream, L90, F|100/100\n|switch|p2a: Jolteon|Jolteon, L84, M|246/246\n|turn|1\n|inactive|Battle timer is ON: inactive players will automatically lose when time's up. (requested by p0x158c152)\n|inactive|Time left: 300 sec this turn | 300 sec total | 60 sec grace\n|inactive|p0y1584fa6 also wants the timer to be on.\n|\n|t:|1783535080\n|switch|p1a: Heracross|Heracross, L80, F|100/100\n|move|p2a: Jolteon|Calm Mind|p2a: Jolteon\n|-boost|p2a: Jolteon|spa|1\n|-boost|p2a: Jolteon|spd|1\n|\n|-status|p1a: Heracross|brn|[from] item: Flame Orb\n|upkeep\n|turn|2\n|inactive|Time left: 300 sec this turn | 300 sec total\n|\n|t:|1783535081\n|move|p2a: Jolteon|Substitute|p2a: Jolteon\n|-start|p2a: Jolteon|Substitute\n|-damage|p2a: Jolteon|185/246\n|move|p1a: Heracross|Close Combat|p2a: Jolteon\n|-end|p2a: Jolteon|Substitute\n|-unboost|p1a: Heracross|def|1\n|-unboost|p1a: Heracross|spd|1\n|\n|-heal|p2a: Jolteon|200/246|[from] item: Leftovers\n|-damage|p1a: Heracross|94/100 brn|[from] brn\n|upkeep\n|turn|3\n|inactive|Time left: 300 sec this turn | 300 sec total\n|\n|t:|1783535082\n|switch|p1a: Probopass|Probopass, L91, M|100/100\n|move|p2a: Jolteon|Thunderbolt|p1a: Probopass\n|-damage|p1a: Probopass|62/100\n|\n|-heal|p2a: Jolteon|215/246|[from] item: Leftovers\n|upkeep\n|turn|4\n|inactive|Time left: 300 sec this turn | 300 sec total\n|\n|t:|1783535083\n|move|p2a: Jolteon|Thunderbolt|p1a: Probopass\n|-damage|p1a: Probopass|27/100\n|-status|p1a: Probopass|par\n|move|p1a: Probopass|Body Press|p2a: Jolteon\n|-damage|p2a: Jolteon|104/246\n|\n|-heal|p2a: Jolteon|119/246|[from] item: Leftovers\n|upkeep\n|turn|5\n|inactive|Time left: 300 sec this turn | 300 sec total\n|\n|t:|1783535084\n|move|p2a: Jolteon|Thunderbolt|p1a: Probopass\n|-damage|p1a: Probopass|0 fnt\n|faint|p1a: Probopass\n|\n|-heal|p2a: Jolteon|134/246|[from] item: Leftovers\n|upkeep\n|\n|t:|1783535085\n|switch|p1a: Gumshoos|Gumshoos, L95, M|100/100\n|turn|6\n|inactive|Time left: 300 sec this turn | 300 sec total\n|\n|t:|1783535086\n|move|p2a: Jolteon|Substitute|p2a: Jolteon\n|-start|p2a: Jolteon|Substitute\n|-damage|p2a: Jolteon|73/246\n|move|p1a: Gumshoos|Earthquake|p2a: Jolteon\n|-supereffective|p2a: Jolteon\n|-end|p2a: Jolteon|Substitute\n|\n|-heal|p2a: Jolteon|88/246|[from] item: Leftovers\n|upkeep\n|turn|7\n|inactive|Time left: 300 sec this turn | 300 sec total\n|\n|t:|1783535087\n|move|p2a: Jolteon|Thunderbolt|p1a: Gumshoos\n|-damage|p1a: Gumshoos|44/100\n|move|p1a: Gumshoos|Earthquake|p2a: Jolteon\n|-supereffective|p2a: Jolteon\n|-damage|p2a: Jolteon|0 fnt\n|faint|p2a: Jolteon\n|\n|upkeep\n|inactive|Time left: 300 sec this turn | 300 sec total | 5 sec grace\n|\n|t:|1783535088\n|switch|p2a: Porygon2|Porygon2, L81|270/270\n|-ability|p2a: Porygon2|Download|boost\n|-boost|p2a: Porygon2|spa|1\n|turn|8\n|inactive|Time left: 300 sec this turn | 300 sec total\n|\n|t:|1783535089\n|switch|p1a: Alcremie|Alcremie-Lemon-Cream, L90, F|100/100\n|move|p2a: Porygon2|Tri Attack|p1a: Alcremie\n|-damage|p1a: Alcremie|67/100\n|\n|-heal|p1a: Alcremie|73/100|[from] item: Leftovers\n|upkeep\n|turn|9\n|inactive|Time left: 300 sec this turn | 300 sec total\n|\n|t:|1783535090\n|move|p1a: Alcremie|Calm Mind|p1a: Alcremie\n|-boost|p1a: Alcremie|spa|1\n|-boost|p1a: Alcremie|spd|1\n|move|p2a: Porygon2|Ice Beam|p1a: Alcremie\n|-damage|p1a: Alcremie|55/100\n|\n|-heal|p1a: Alcremie|61/100|[from] item: Leftovers\n|upkeep\n|turn|10\n|inactive|Time left: 300 sec this turn | 300 sec total\n|\n|t:|1783535091\n|move|p1a: Alcremie|Calm Mind|p1a: Alcremie\n|-boost|p1a: Alcremie|spa|1\n|-boost|p1a: Alcremie|spd|1\n|move|p2a: Porygon2|Tri Attack|p1a: Alcremie\n|-damage|p1a: Alcremie|44/100\n|\n|-heal|p1a: Alcremie|50/100|[from] item: Leftovers\n|upkeep\n|turn|11\n|inactive|Time left: 300 sec this turn | 300 sec total\n|\n|t:|1783535092\n|move|p1a: Alcremie|Alluring Voice|p2a: Porygon2\n|-damage|p2a: Porygon2|135/270\n|move|p2a: Porygon2|Recover|p2a: Porygon2\n|-heal|p2a: Porygon2|270/270\n|\n|-heal|p1a: Alcremie|56/100|[from] item: Leftovers\n|upkeep\n|turn|12\n|inactive|Time left: 300 sec this turn | 300 sec total\n|\n|t:|1783535093\n|move|p1a: Alcremie|Alluring Voice|p2a: Porygon2\n|-damage|p2a: Porygon2|140/270\n|move|p2a: Porygon2|Ice Beam|p1a: Alcremie\n|-damage|p1a: Alcremie|44/100\n|\n|-heal|p1a: Alcremie|50/100|[from] item: Leftovers\n|upkeep\n|turn|13\n|inactive|Time left: 300 sec this turn | 300 sec total\n|\n|t:|1783535094\n|move|p1a: Alcremie|Alluring Voice|p2a: Porygon2\n|-damage|p2a: Porygon2|0 fnt\n|faint|p2a: Porygon2\n|\n|-heal|p1a: Alcremie|56/100|[from] item: Leftovers\n|upkeep\n|inactive|Time left: 300 sec this turn | 300 sec total | 5 sec grace\n|\n|t:|1783535095\n|switch|p2a: Great Tusk|Great Tusk, L77|304/304\n|turn|14\n|inactive|Time left: 300 sec this turn | 300 sec total\n|\n|t:|1783535096\n|-terastallize|p2a: Great Tusk|Ground\n|move|p2a: Great Tusk|Earthquake|p1a: Alcremie\n|-damage|p1a: Alcremie|0 fnt\n|faint|p1a: Alcremie\n|\n|upkeep\n|\n|t:|1783535097\n|switch|p1a: Gyarados|Gyarados, L79, M|100/100\n|turn|15\n|inactive|Time left: 300 sec this turn | 300 sec total\n|\n|t:|1783535098\n|move|p2a: Great Tusk|Bulk Up|p2a: Great Tusk\n|-boost|p2a: Great Tusk|atk|1\n|-boost|p2a: Great Tusk|def|1\n|move|p1a: Gyarados|Dragon Dance|p1a: Gyarados\n|-boost|p1a: Gyarados|atk|1\n|-boost|p1a: Gyarados|spe|1\n|\n|upkeep\n|turn|16\n|inactive|Time left: 300 sec this turn | 300 sec total\n|\n|t:|1783535099\n|move|p1a: Gyarados|Waterfall|p2a: Great Tusk\n|-supereffective|p2a: Great Tusk\n|-damage|p2a: Great Tusk|154/304\n|move|p2a: Great Tusk|Rapid Spin|p1a: Gyarados\n|-damage|p1a: Gyarados|78/100\n|-boost|p2a: Great Tusk|spe|1\n|\n|-heal|p2a: Great Tusk|173/304|[from] item: Leftovers\n|upkeep\n|turn|17\n|inactive|Time left: 300 sec this turn | 300 sec total\n|\n|t:|1783535100\n|-end|p2a: Great Tusk|Protosynthesis|[silent]\n|switch|p2a: Mandibuzz|Mandibuzz, L85, F|326/326\n|move|p1a: Gyarados|Waterfall|p2a: Mandibuzz\n|-damage|p2a: Mandibuzz|205/326\n|\n|upkeep\n|turn|18\n|inactive|Time left: 300 sec this turn | 300 sec total\n|\n|t:|1783535101\n|move|p1a: Gyarados|Waterfall|p2a: Mandibuzz\n|-crit|p2a: Mandibuzz\n|-damage|p2a: Mandibuzz|36/326\n|move|p2a: Mandibuzz|Foul Play|p1a: Gyarados\n|-damage|p1a: Gyarados|7/100\n|\n|upkeep\n|turn|19\n|inactive|Time left: 300 sec this turn | 300 sec total\n|\n|t:|1783535102\n|switch|p2a: Serperior|Serperior, L79, M|248/248\n|move|p1a: Gyarados|Waterfall|p2a: Serperior\n|-resisted|p2a: Serperior\n|-damage|p2a: Serperior|173/248\n|\n|upkeep\n|turn|20\n|inactive|Time left: 300 sec this turn | 300 sec total\n|\n|t:|1783535103\n|move|p1a: Gyarados|Temper Flare|p2a: Serperior\n|-supereffective|p2a: Serperior\n|-damage|p2a: Serperior|5/248\n|move|p2a: Serperior|Leaf Storm|p1a: Gyarados\n|-damage|p1a: Gyarados|0 fnt\n|-boost|p2a: Serperior|spa|2\n|faint|p1a: Gyarados\n|-damage|p2a: Serperior|0 fnt|[from] item: Life Orb\n|faint|p2a: Serperior\n|\n|upkeep\n|inactive|Time left: 300 sec this turn | 300 sec total | 5 sec grace\n|\n|t:|1783535104\n|switch|p2a: Mandibuzz|Mandibuzz, L85, F|36/326\n|switch|p1a: Dodrio|Dodrio, L85, M|100/100\n|turn|21\n|inactive|Time left: 300 sec this turn | 300 sec total\n|\n|t:|1783535105\n|move|p1a: Dodrio|Double-Edge|p2a: Mandibuzz\n|-damage|p2a: Mandibuzz|0 fnt\n|faint|p2a: Mandibuzz\n|-damage|p1a: Dodrio|96/100|[from] Recoil\n|\n|upkeep\n|inactive|Time left: 300 sec this turn | 300 sec total | 5 sec grace\n|\n|t:|1783535106\n|switch|p2a: Gouging Fire|Gouging Fire, L74|277/277\n|turn|22\n|inactive|Time left: 300 sec this turn | 300 sec total\n|\n|t:|1783535107\n|-terastallize|p1a: Dodrio|Flying\n|move|p1a: Dodrio|Swords Dance|p1a: Dodrio\n|-boost|p1a: Dodrio|atk|2\n|move|p2a: Gouging Fire|Dragon Dance|p2a: Gouging Fire\n|-boost|p2a: Gouging Fire|atk|1\n|-boost|p2a: Gouging Fire|spe|1\n|\n|upkeep\n|turn|23\n|inactive|Time left: 300 sec this turn | 300 sec total\n|\n|t:|1783535107\n|move|p2a: Gouging Fire|Outrage|p1a: Dodrio\n|-damage|p1a: Dodrio|18/100\n|move|p1a: Dodrio|Brave Bird|p2a: Gouging Fire\n|-damage|p2a: Gouging Fire|0 fnt\n|faint|p2a: Gouging Fire\n|-end|p2a: Gouging Fire|Protosynthesis|[silent]\n|-damage|p1a: Dodrio|0 fnt|[from] Recoil\n|faint|p1a: Dodrio\n|\n|upkeep\n|inactive|Time left: 300 sec this turn | 300 sec total | 5 sec grace\n|\n|t:|1783535108\n|switch|p1a: Heracross|Heracross, L80, F|94/100 brn\n|switch|p2a: Great Tusk|Great Tusk, L77, tera:Ground|173/304\n|turn|24\n|inactive|Time left: 300 sec this turn | 300 sec total\n|\n|t:|1783535109\n|move|p1a: Heracross|Close Combat|p2a: Great Tusk\n|-damage|p2a: Great Tusk|0 fnt\n|-unboost|p1a: Heracross|def|1\n|-unboost|p1a: Heracross|spd|1\n|faint|p2a: Great Tusk\n|-end|p2a: Great Tusk|Protosynthesis|[silent]\n|\n|win|p0x158c152", "uploadtime": 1783535109, "views": 0, "rating": 0, "private": 0, "password": null, "_winner": "p0x158c152", "_our_name": "p0y1584fa6"}