{"id": "battle-gen9randombattle-2733", "formatid": "gen9randombattle", "format": "[Gen 9] Random Battle", "players": ["p0x2733145a", "p0y27333d6f"], "log": "|init|battle\n|title|p0x2733145a vs. p0y27333d6f\n|j|\u2606p0x2733145a\n|j|\u2606p0y27333d6f\n|t:|1783570508\n|gametype|singles\n|player|p1|p0x2733145a|1|\n|player|p2|p0y27333d6f|2|\n|gen|9\n|tier|[Gen 9] Random Battle\n|rule|Species Clause: Limit one of each Pok\u00e9mon\n|rule|HP Percentage Mod: HP is shown in percentages\n|rule|Sleep Clause Mod: Limit one foe put to sleep\n|rule|Illusion Level Mod: Illusion disguises the Pok\u00e9mon's true level\n|\n|t:|1783570508\n|teamsize|p1|6\n|teamsize|p2|6\n|start\n|switch|p1a: Keldeo|Keldeo-Resolute, L79|100/100\n|switch|p2a: Mesprit|Mesprit, L85|275/275\n|turn|1\n|inactive|Battle timer is ON: inactive players will automatically lose when time's up. (requested by p0y27333d6f)\n|inactive|p0x2733145a also wants the timer to be on.\n|\n|t:|1783570510\n|move|p1a: Keldeo|Calm Mind|p1a: Keldeo\n|-boost|p1a: Keldeo|spa|1\n|-boost|p1a: Keldeo|spd|1\n|move|p2a: Mesprit|Psychic Noise|p1a: Keldeo\n|-supereffective|p1a: Keldeo\n|-damage|p1a: Keldeo|59/100\n|-start|p1a: Keldeo|move: Heal Block\n|\n|upkeep\n|turn|2\n|inactive|Time left: 300 sec this turn | 300 sec total\n|\n|t:|1783570511\n|move|p1a: Keldeo|Hydro Pump|p2a: Mesprit\n|-damage|p2a: Mesprit|118/275\n|move|p2a: Mesprit|Psychic Noise|p1a: Keldeo\n|-supereffective|p1a: Keldeo\n|-damage|p1a: Keldeo|15/100\n|\n|-heal|p2a: Mesprit|135/275|[from] item: Leftovers\n|-end|p1a: Keldeo|move: Heal Block\n|upkeep\n|turn|3\n|inactive|Time left: 300 sec this turn | 300 sec total\n|\n|t:|1783570512\n|move|p1a: Keldeo|Hydro Pump|p2a: Mesprit\n|-damage|p2a: Mesprit|0 fnt\n|faint|p2a: Mesprit\n|\n|-heal|p1a: Keldeo|21/100|[from] item: Leftovers\n|upkeep\n|inactive|Time left: 300 sec this turn | 300 sec total | 5 sec grace\n|\n|t:|1783570513\n|switch|p2a: Zacian|Zacian, L69|241/241\n|-ability|p2a: Zacian|Intrepid Sword|boost\n|-boost|p2a: Zacian|atk|1\n|turn|4\n|inactive|Time left: 300 sec this turn | 300 sec total\n|\n|t:|1783570514\n|switch|p1a: Coalossal|Coalossal, L89, F|100/100\n|move|p2a: Zacian|Play Rough|p1a: Coalossal\n|-resisted|p1a: Coalossal\n|-damage|p1a: Coalossal|83/100\n|-damage|p2a: Zacian|217/241|[from] item: Life Orb\n|\n|upkeep\n|turn|5\n|inactive|Time left: 300 sec this turn | 300 sec total\n|\n|t:|1783570515\n|move|p2a: Zacian|Swords Dance|p2a: Zacian\n|-boost|p2a: Zacian|atk|2\n|move|p1a: Coalossal|Will-O-Wisp|p2a: Zacian\n|-status|p2a: Zacian|brn\n|\n|-damage|p2a: Zacian|202/241 brn|[from] brn\n|upkeep\n|turn|6\n|inactive|Time left: 300 sec this turn | 300 sec total\n|\n|t:|1783570516\n|move|p2a: Zacian|Crunch|p1a: Coalossal\n|-damage|p1a: Coalossal|68/100\n|-damage|p2a: Zacian|178/241 brn|[from] item: Life Orb\n|move|p1a: Coalossal|Spikes|p2a: Zacian\n|-sidestart|p2: p0y27333d6f|Spikes\n|\n|-damage|p2a: Zacian|163/241 brn|[from] brn\n|upkeep\n|turn|7\n|inactive|Time left: 300 sec this turn | 300 sec total\n|\n|t:|1783570517\n|move|p2a: Zacian|Swords Dance|p2a: Zacian\n|-boost|p2a: Zacian|atk|2\n|move|p1a: Coalossal|Flamethrower|p2a: Zacian\n|-damage|p2a: Zacian|76/241 brn\n|\n|-damage|p2a: Zacian|61/241 brn|[from] brn\n|upkeep\n|turn|8\n|inactive|Time left: 300 sec this turn | 300 sec total\n|\n|t:|1783570518\n|move|p2a: Zacian|Close Combat|p1a: Coalossal\n|-supereffective|p1a: Coalossal\n|-damage|p1a: Coalossal|3/100\n|-unboost|p2a: Zacian|def|1\n|-unboost|p2a: Zacian|spd|1\n|-damage|p2a: Zacian|37/241 brn|[from] item: Life Orb\n|move|p1a: Coalossal|Stone Edge|p2a: Zacian\n|-damage|p2a: Zacian|0 fnt\n|faint|p2a: Zacian\n|\n|upkeep\n|inactive|Time left: 300 sec this turn | 300 sec total | 5 sec grace\n|\n|t:|1783570518\n|switch|p2a: Heatran|Heatran, L79, M|273/273\n|-damage|p2a: Heatran|239/273|[from] Spikes\n|turn|9\n|inactive|Time left: 300 sec this turn | 300 sec total\n|\n|t:|1783570519\n|switch|p1a: Misdreavus|Misdreavus, L90, F|100/100\n|move|p2a: Heatran|Lava Plume|p1a: Misdreavus\n|-damage|p1a: Misdreavus|75/100\n|\n|upkeep\n|turn|10\n|inactive|Time left: 300 sec this turn | 300 sec total\n|\n|t:|1783570520\n|move|p1a: Misdreavus|Shadow Ball|p2a: Heatran\n|-damage|p2a: Heatran|184/273\n|move|p2a: Heatran|Magma Storm|p1a: Misdreavus\n|-damage|p1a: Misdreavus|46/100\n|-activate|p1a: Misdreavus|move: Magma Storm|[of] p2a: Heatran\n|\n|-damage|p1a: Misdreavus|34/100|[from] move: Magma Storm|[partiallytrapped]\n|upkeep\n|turn|11\n|inactive|Time left: 300 sec this turn | 300 sec total\n|\n|t:|1783570521\n|move|p1a: Misdreavus|Shadow Ball|p2a: Heatran\n|-damage|p2a: Heatran|133/273\n|move|p2a: Heatran|Lava Plume|p1a: Misdreavus\n|-damage|p1a: Misdreavus|9/100\n|\n|-damage|p1a: Misdreavus|0 fnt|[from] move: Magma Storm|[partiallytrapped]\n|faint|p1a: Misdreavus\n|upkeep\n|\n|t:|1783570522\n|switch|p1a: Keldeo|Keldeo-Resolute, L79|21/100\n|turn|12\n|inactive|Time left: 300 sec this turn | 300 sec total\n|\n|t:|1783570523\n|-terastallize|p2a: Heatran|Flying\n|move|p1a: Keldeo|Secret Sword|p2a: Heatran\n|-resisted|p2a: Heatran\n|-damage|p2a: Heatran|87/273\n|move|p2a: Heatran|Earth Power|p1a: Keldeo\n|-damage|p1a: Keldeo|0 fnt\n|faint|p1a: Keldeo\n|\n|upkeep\n|\n|t:|1783570524\n|switch|p1a: Altaria|Altaria, L89, F|100/100\n|turn|13\n|inactive|Time left: 300 sec this turn | 300 sec total\n|\n|t:|1783570525\n|switch|p2a: Pincurchin|Pincurchin, F|258/258\n|-damage|p2a: Pincurchin|226/258|[from] Spikes\n|-fieldstart|move: Electric Terrain|[from] ability: Electric Surge|[of] p2a: Pincurchin\n|move|p1a: Altaria|Brave Bird|p2a: Pincurchin\n|-resisted|p2a: Pincurchin\n|-damage|p2a: Pincurchin|181/258\n|-damage|p1a: Altaria|95/100|[from] Recoil\n|\n|-heal|p2a: Pincurchin|197/258|[from] item: Leftovers\n|upkeep\n|turn|14\n|inactive|Time left: 300 sec this turn | 300 sec total\n|\n|t:|1783570526\n|switch|p1a: Groudon|Groudon, L72|100/100\n|-weather|SunnyDay|[from] ability: Drought|[of] p1a: Groudon\n|move|p2a: Pincurchin|Discharge|p1a: Groudon\n|-immune|p1a: Groudon\n|\n|-weather|SunnyDay|[upkeep]\n|-heal|p2a: Pincurchin|213/258|[from] item: Leftovers\n|upkeep\n|turn|15\n|inactive|Time left: 300 sec this turn | 300 sec total\n|\n|t:|1783570527\n|switch|p2a: Heatran|Heatran, L79, M, tera:Flying|87/273\n|move|p1a: Groudon|Precipice Blades|p2a: Heatran\n|-immune|p2a: Heatran\n|\n|-weather|SunnyDay|[upkeep]\n|upkeep\n|turn|16\n|inactive|Time left: 300 sec this turn | 300 sec total\n|\n|t:|1783570528\n|switch|p1a: Altaria|Altaria, L89, F|95/100\n|move|p2a: Heatran|Lava Plume|p1a: Altaria\n|-resisted|p1a: Altaria\n|-damage|p1a: Altaria|76/100\n|\n|-weather|SunnyDay|[upkeep]\n|upkeep\n|turn|17\n|inactive|Time left: 300 sec this turn | 300 sec total\n|\n|t:|1783570529\n|switch|p2a: Pincurchin|Pincurchin, F|213/258\n|-damage|p2a: Pincurchin|181/258|[from] Spikes\n|move|p1a: Altaria|Brave Bird|p2a: Pincurchin\n|-resisted|p2a: Pincurchin\n|-damage|p2a: Pincurchin|135/258\n|-damage|p1a: Altaria|70/100|[from] Recoil\n|\n|-weather|SunnyDay|[upkeep]\n|-heal|p2a: Pincurchin|151/258|[from] item: Leftovers\n|-fieldend|move: Electric Terrain\n|upkeep\n|turn|18\n|inactive|Time left: 300 sec this turn | 300 sec total\n|\n|t:|1783570530\n|switch|p1a: Groudon|Groudon, L72|100/100\n|move|p2a: Pincurchin|Recover|p2a: Pincurchin\n|-heal|p2a: Pincurchin|258/258\n|\n|-weather|none\n|upkeep\n|turn|19\n|inactive|Time left: 300 sec this turn | 300 sec total\n|\n|t:|1783570530\n|move|p1a: Groudon|Precipice Blades|p2a: Pincurchin\n|-supereffective|p2a: Pincurchin\n|-damage|p2a: Pincurchin|40/258\n|move|p2a: Pincurchin|Scald|p1a: Groudon\n|-supereffective|p1a: Groudon\n|-damage|p1a: Groudon|34/100\n|\n|-heal|p1a: Groudon|40/100|[from] item: Leftovers\n|-heal|p2a: Pincurchin|56/258|[from] item: Leftovers\n|upkeep\n|turn|20\n|inactive|Time left: 300 sec this turn | 300 sec total\n|\n|t:|1783570532\n|switch|p2a: Heatran|Heatran, L79, M, tera:Flying|87/273\n|move|p1a: Groudon|Precipice Blades|p2a: Heatran\n|-immune|p2a: Heatran\n|\n|-heal|p1a: Groudon|47/100|[from] item: Leftovers\n|upkeep\n|turn|21\n|inactive|Time left: 300 sec this turn | 300 sec total\n|\n|t:|1783570533\n|switch|p1a: Altaria|Altaria, L89, F|70/100\n|move|p2a: Heatran|Lava Plume|p1a: Altaria\n|-resisted|p1a: Altaria\n|-damage|p1a: Altaria|57/100\n|-status|p1a: Altaria|brn\n|\n|-damage|p1a: Altaria|50/100 brn|[from] brn\n|upkeep\n|turn|22\n|inactive|Time left: 300 sec this turn | 300 sec total\n|\n|t:|1783570534\n|move|p1a: Altaria|Roost|p1a: Altaria\n|-heal|p1a: Altaria|100/100 brn\n|-singleturn|p1a: Altaria|move: Roost\n|move|p2a: Heatran|Lava Plume|p1a: Altaria\n|-resisted|p1a: Altaria\n|-damage|p1a: Altaria|86/100 brn\n|\n|-damage|p1a: Altaria|80/100 brn|[from] brn\n|upkeep\n|turn|23\n|inactive|Time left: 300 sec this turn | 300 sec total\n|\n|t:|1783570535\n|-curestatus|p1a: Altaria|brn|[from] ability: Natural Cure|[silent]\n|switch|p1a: Coalossal|Coalossal, L89, F|3/100\n|move|p2a: Heatran|Magma Storm|p1a: Coalossal\n|-resisted|p1a: Coalossal\n|-damage|p1a: Coalossal|0 fnt\n|faint|p1a: Coalossal\n|\n|upkeep\n|\n|t:|1783570536\n|switch|p1a: Altaria|Altaria, L89, F|80/100\n|turn|24\n|inactive|Time left: 300 sec this turn | 300 sec total\n|\n|t:|1783570537\n|move|p1a: Altaria|Brave Bird|p2a: Heatran\n|-crit|p2a: Heatran\n|-damage|p2a: Heatran|0 fnt\n|faint|p2a: Heatran\n|-damage|p1a: Altaria|70/100|[from] Recoil\n|\n|upkeep\n|inactive|Time left: 300 sec this turn | 300 sec total | 5 sec grace\n|\n|t:|1783570538\n|switch|p2a: Passimian|Passimian, L83, M|302/302\n|-damage|p2a: Passimian|265/302|[from] Spikes\n|turn|25\n|inactive|Time left: 300 sec this turn | 300 sec total\n|\n|t:|1783570539\n|move|p2a: Passimian|Knock Off|p1a: Altaria\n|-damage|p1a: Altaria|43/100\n|-enditem|p1a: Altaria|Heavy-Duty Boots|[from] move: Knock Off|[of] p2a: Passimian\n|move|p1a: Altaria|Will-O-Wisp|p2a: Passimian\n|-status|p2a: Passimian|brn\n|\n|-damage|p2a: Passimian|247/302 brn|[from] brn\n|upkeep\n|turn|26\n|inactive|Time left: 300 sec this turn | 300 sec total\n|\n|t:|1783570540\n|move|p2a: Passimian|Knock Off|p1a: Altaria\n|-damage|p1a: Altaria|33/100\n|move|p1a: Altaria|Roost|p1a: Altaria\n|-heal|p1a: Altaria|83/100\n|-singleturn|p1a: Altaria|move: Roost\n|\n|-damage|p2a: Passimian|229/302 brn|[from] brn\n|upkeep\n|turn|27\n|inactive|Time left: 300 sec this turn | 300 sec total\n|\n|t:|1783570541\n|move|p2a: Passimian|Knock Off|p1a: Altaria\n|-crit|p1a: Altaria\n|-damage|p1a: Altaria|70/100\n|move|p1a: Altaria|Brave Bird|p2a: Passimian\n|-supereffective|p2a: Passimian\n|-damage|p2a: Passimian|19/302 brn\n|-damage|p1a: Altaria|45/100|[from] Recoil\n|\n|-damage|p2a: Passimian|1/302 brn|[from] brn\n|upkeep\n|turn|28\n|inactive|Time left: 300 sec this turn | 300 sec total\n|\n|t:|1783570542\n|move|p2a: Passimian|Knock Off|p1a: Altaria\n|-damage|p1a: Altaria|36/100\n|move|p1a: Altaria|Roost|p1a: Altaria\n|-heal|p1a: Altaria|86/100\n|-singleturn|p1a: Altaria|move: Roost\n|\n|-damage|p2a: Passimian|0 fnt|[from] brn\n|faint|p2a: Passimian\n|upkeep\n|inactive|Time left: 300 sec this turn | 300 sec total | 5 sec grace\n|\n|t:|1783570543\n|switch|p2a: Victreebel|Victreebel, L90, M|290/290\n|-damage|p2a: Victreebel|254/290|[from] Spikes\n|turn|29\n|inactive|Time left: 300 sec this turn | 300 sec total\n|\n|t:|1783570544\n|move|p1a: Altaria|Brave Bird|p2a: Victreebel\n|-supereffective|p2a: Victreebel\n|-damage|p2a: Victreebel|12/290\n|-damage|p1a: Altaria|57/100|[from] Recoil\n|move|p2a: Victreebel|Sunny Day|p2a: Victreebel\n|-weather|SunnyDay\n|\n|-weather|SunnyDay|[upkeep]\n|upkeep\n|turn|30\n|inactive|Time left: 300 sec this turn | 300 sec total\n|\n|t:|1783570545\n|-terastallize|p1a: Altaria|Steel\n|move|p2a: Victreebel|Weather Ball|p1a: Altaria\n|-supereffective|p1a: Altaria\n|-damage|p1a: Altaria|0 fnt\n|faint|p1a: Altaria\n|-damage|p2a: Victreebel|0 fnt|[from] item: Life Orb\n|faint|p2a: Victreebel\n|\n|-weather|SunnyDay|[upkeep]\n|upkeep\n|inactive|Time left: 300 sec this turn | 300 sec total | 5 sec grace\n|\n|t:|1783570546\n|switch|p1a: Duraludon|Duraludon, L82, F|100/100\n|switch|p2a: Pincurchin|Pincurchin, F|56/258\n|-damage|p2a: Pincurchin|24/258|[from] Spikes\n|-fieldstart|move: Electric Terrain|[from] ability: Electric Surge|[of] p2a: Pincurchin\n|turn|31\n|inactive|Time left: 300 sec this turn | 300 sec total\n|\n|t:|1783570547\n|move|p1a: Duraludon|Flash Cannon|p2a: Pincurchin\n|-resisted|p2a: Pincurchin\n|-damage|p2a: Pincurchin|0 fnt\n|faint|p2a: Pincurchin\n|\n|win|p0x2733145a", "uploadtime": 1783570547, "views": 0, "rating": 0, "private": 0, "password": null, "_winner": "p0x2733145a", "_our_name": "p0y27333d6f"}