{"id": "battle-gen9randombattle-422", "formatid": "gen9randombattle", "format": "[Gen 9] Random Battle", "players": ["p0x4222471", "p0y422d7c3"], "log": "|init|battle\n|title|p0x4222471 vs. p0y422d7c3\n|j|\u2606p0x4222471\n|j|\u2606p0y422d7c3\n|t:|1783543957\n|gametype|singles\n|player|p1|p0x4222471|1|\n|player|p2|p0y422d7c3|169|\n|gen|9\n|tier|[Gen 9] Random Battle\n|rule|Species Clause: Limit one of each Pok\u00e9mon\n|rule|HP Percentage Mod: HP is shown in percentages\n|rule|Sleep Clause Mod: Limit one foe put to sleep\n|rule|Illusion Level Mod: Illusion disguises the Pok\u00e9mon's true level\n|\n|t:|1783543957\n|teamsize|p1|6\n|teamsize|p2|6\n|start\n|switch|p1a: Articuno|Articuno, L86|100/100\n|switch|p2a: Brute Bonnet|Brute Bonnet, L80|309/309\n|-ability|p1a: Articuno|Pressure\n|turn|1\n|inactive|Battle timer is ON: inactive players will automatically lose when time's up. (requested by p0y422d7c3)\n|inactive|p0x4222471 also wants the timer to be on.\n|\n|t:|1783543959\n|move|p1a: Articuno|Freeze-Dry|p2a: Brute Bonnet\n|-supereffective|p2a: Brute Bonnet\n|-damage|p2a: Brute Bonnet|157/309\n|move|p2a: Brute Bonnet|Crunch|p1a: Articuno\n|-damage|p1a: Articuno|73/100\n|\n|-heal|p2a: Brute Bonnet|176/309|[from] item: Leftovers\n|upkeep\n|turn|2\n|inactive|Time left: 300 sec this turn | 300 sec total\n|\n|t:|1783543959\n|-end|p2a: Brute Bonnet|Protosynthesis|[silent]\n|switch|p2a: Metagross|Metagross, L79|256/256\n|move|p1a: Articuno|Brave Bird|p2a: Metagross\n|-resisted|p2a: Metagross\n|-damage|p2a: Metagross|211/256\n|-damage|p1a: Articuno|68/100|[from] Recoil\n|\n|upkeep\n|turn|3\n|inactive|Time left: 300 sec this turn | 300 sec total\n|\n|t:|1783543960\n|switch|p1a: Golurk|Golurk, L87|100/100\n|move|p2a: Metagross|Heavy Slam|p1a: Golurk\n|-damage|p1a: Golurk|84/100\n|\n|upkeep\n|turn|4\n|inactive|Time left: 300 sec this turn | 300 sec total\n|\n|t:|1783543961\n|move|p2a: Metagross|Knock Off|p1a: Golurk\n|-supereffective|p1a: Golurk\n|-crit|p1a: Golurk\n|-damage|p1a: Golurk|0 fnt\n|-enditem|p1a: Golurk|Life Orb|[from] move: Knock Off|[of] p2a: Metagross\n|faint|p1a: Golurk\n|\n|upkeep\n|\n|t:|1783543962\n|switch|p1a: Pelipper|Pelipper, L86, M|100/100\n|-weather|RainDance|[from] ability: Drizzle|[of] p1a: Pelipper\n|turn|5\n|inactive|Time left: 300 sec this turn | 300 sec total\n|\n|t:|1783543963\n|switch|p2a: Snorlax|Snorlax, L82, F|397/397\n|move|p1a: Pelipper|Hydro Pump|p2a: Snorlax\n|-damage|p2a: Snorlax|235/397\n|\n|-weather|RainDance|[upkeep]\n|-heal|p2a: Snorlax|259/397|[from] item: Leftovers\n|upkeep\n|turn|6\n|inactive|Time left: 300 sec this turn | 300 sec total\n|\n|t:|1783543964\n|move|p1a: Pelipper|Hydro Pump|p2a: Snorlax|[miss]\n|-miss|p1a: Pelipper|p2a: Snorlax\n|move|p2a: Snorlax|Body Slam|p1a: Pelipper\n|-damage|p1a: Pelipper|66/100\n|\n|-weather|RainDance|[upkeep]\n|-heal|p2a: Snorlax|283/397|[from] item: Leftovers\n|upkeep\n|turn|7\n|inactive|Time left: 300 sec this turn | 300 sec total\n|\n|t:|1783543964\n|move|p1a: Pelipper|Hydro Pump|p2a: Snorlax|[miss]\n|-miss|p1a: Pelipper|p2a: Snorlax\n|move|p2a: Snorlax|Body Slam|p1a: Pelipper\n|-damage|p1a: Pelipper|29/100\n|\n|-weather|RainDance|[upkeep]\n|-heal|p2a: Snorlax|307/397|[from] item: Leftovers\n|upkeep\n|turn|8\n|inactive|Time left: 300 sec this turn | 300 sec total\n|\n|t:|1783543965\n|move|p1a: Pelipper|Roost|p1a: Pelipper\n|-heal|p1a: Pelipper|80/100\n|-singleturn|p1a: Pelipper|move: Roost\n|move|p2a: Snorlax|Body Slam|p1a: Pelipper\n|-damage|p1a: Pelipper|46/100\n|\n|-weather|RainDance|[upkeep]\n|-heal|p2a: Snorlax|331/397|[from] item: Leftovers\n|upkeep\n|turn|9\n|inactive|Time left: 300 sec this turn | 300 sec total\n|\n|t:|1783543966\n|move|p1a: Pelipper|Roost|p1a: Pelipper\n|-heal|p1a: Pelipper|96/100\n|-singleturn|p1a: Pelipper|move: Roost\n|move|p2a: Snorlax|Body Slam|p1a: Pelipper\n|-damage|p1a: Pelipper|64/100\n|-status|p1a: Pelipper|par\n|\n|-weather|none\n|-heal|p2a: Snorlax|355/397|[from] item: Leftovers\n|upkeep\n|turn|10\n|inactive|Time left: 300 sec this turn | 300 sec total\n|\n|t:|1783543967\n|move|p2a: Snorlax|Body Slam|p1a: Pelipper\n|-damage|p1a: Pelipper|26/100 par\n|move|p1a: Pelipper|Roost|p1a: Pelipper\n|-heal|p1a: Pelipper|77/100 par\n|-singleturn|p1a: Pelipper|move: Roost\n|\n|-heal|p2a: Snorlax|379/397|[from] item: Leftovers\n|upkeep\n|turn|11\n|inactive|Time left: 300 sec this turn | 300 sec total\n|\n|t:|1783543968\n|move|p2a: Snorlax|Body Slam|p1a: Pelipper\n|-damage|p1a: Pelipper|44/100 par\n|move|p1a: Pelipper|Hurricane|p2a: Snorlax\n|-damage|p2a: Snorlax|280/397\n|-start|p2a: Snorlax|confusion\n|\n|-heal|p2a: Snorlax|304/397|[from] item: Leftovers\n|upkeep\n|turn|12\n|inactive|Time left: 300 sec this turn | 300 sec total\n|\n|t:|1783543970\n|switch|p2a: Zamazenta|Zamazenta, L71|248/248\n|-ability|p2a: Zamazenta|Dauntless Shield|boost\n|-boost|p2a: Zamazenta|def|1\n|move|p1a: Pelipper|Roost|p1a: Pelipper\n|-heal|p1a: Pelipper|94/100 par\n|-singleturn|p1a: Pelipper|move: Roost\n|\n|upkeep\n|turn|13\n|inactive|Time left: 300 sec this turn | 300 sec total\n|\n|t:|1783543970\n|move|p2a: Zamazenta|Stone Edge|p1a: Pelipper\n|-supereffective|p1a: Pelipper\n|-damage|p1a: Pelipper|27/100 par\n|move|p1a: Pelipper|Hurricane|p2a: Zamazenta\n|-supereffective|p2a: Zamazenta\n|-damage|p2a: Zamazenta|14/248\n|-start|p2a: Zamazenta|confusion\n|\n|upkeep\n|turn|14\n|inactive|Time left: 300 sec this turn | 300 sec total\n|\n|t:|1783543972\n|-activate|p2a: Zamazenta|confusion\n|move|p2a: Zamazenta|Stone Edge|p1a: Pelipper|[miss]\n|-miss|p2a: Zamazenta|p1a: Pelipper\n|move|p1a: Pelipper|Roost|p1a: Pelipper\n|-heal|p1a: Pelipper|77/100 par\n|-singleturn|p1a: Pelipper|move: Roost\n|\n|upkeep\n|turn|15\n|inactive|Time left: 300 sec this turn | 300 sec total\n|\n|t:|1783543973\n|-activate|p2a: Zamazenta|confusion\n|move|p2a: Zamazenta|Stone Edge|p1a: Pelipper\n|-supereffective|p1a: Pelipper\n|-damage|p1a: Pelipper|14/100 par\n|move|p1a: Pelipper|Hurricane|p2a: Zamazenta\n|-supereffective|p2a: Zamazenta\n|-damage|p2a: Zamazenta|0 fnt\n|faint|p2a: Zamazenta\n|\n|upkeep\n|inactive|Time left: 300 sec this turn | 300 sec total | 5 sec grace\n|\n|t:|1783543974\n|switch|p2a: Metagross|Metagross, L79|211/256\n|turn|16\n|inactive|Time left: 300 sec this turn | 300 sec total\n|\n|t:|1783543975\n|move|p2a: Metagross|Heavy Slam|p1a: Pelipper\n|-resisted|p1a: Pelipper\n|-damage|p1a: Pelipper|0 fnt\n|faint|p1a: Pelipper\n|\n|upkeep\n|\n|t:|1783543976\n|switch|p1a: Skuntank|Skuntank, L84, F|100/100\n|turn|17\n|inactive|Time left: 300 sec this turn | 300 sec total\n|\n|t:|1783543977\n|-terastallize|p2a: Metagross|Ground\n|move|p1a: Skuntank|Knock Off|p2a: Metagross\n|-damage|p2a: Metagross|117/256\n|-enditem|p2a: Metagross|Weakness Policy|[from] move: Knock Off|[of] p1a: Skuntank\n|-damage|p1a: Skuntank|90/100|[from] item: Life Orb\n|move|p2a: Metagross|Earthquake|p1a: Skuntank\n|-supereffective|p1a: Skuntank\n|-damage|p1a: Skuntank|0 fnt\n|faint|p1a: Skuntank\n|\n|upkeep\n|\n|t:|1783543978\n|switch|p1a: Articuno|Articuno, L86|68/100\n|-ability|p1a: Articuno|Pressure\n|turn|18\n|inactive|Time left: 300 sec this turn | 300 sec total\n|\n|t:|1783543979\n|switch|p2a: Snorlax|Snorlax, L82, F|304/397\n|move|p1a: Articuno|Freeze-Dry|p2a: Snorlax\n|-damage|p2a: Snorlax|273/397\n|\n|-heal|p2a: Snorlax|297/397|[from] item: Leftovers\n|upkeep\n|turn|19\n|inactive|Time left: 300 sec this turn | 300 sec total\n|\n|t:|1783543981\n|move|p1a: Articuno|Freeze-Dry|p2a: Snorlax\n|-damage|p2a: Snorlax|260/397\n|move|p2a: Snorlax|Body Slam|p1a: Articuno\n|-damage|p1a: Articuno|39/100\n|\n|-heal|p2a: Snorlax|284/397|[from] item: Leftovers\n|upkeep\n|turn|20\n|inactive|Time left: 300 sec this turn | 300 sec total\n|\n|t:|1783543982\n|move|p1a: Articuno|Roost|p1a: Articuno\n|-heal|p1a: Articuno|89/100\n|-singleturn|p1a: Articuno|move: Roost\n|move|p2a: Snorlax|Body Slam|p1a: Articuno\n|-damage|p1a: Articuno|59/100\n|-status|p1a: Articuno|par\n|\n|-heal|p2a: Snorlax|308/397|[from] item: Leftovers\n|upkeep\n|turn|21\n|inactive|Time left: 300 sec this turn | 300 sec total\n|\n|t:|1783543983\n|move|p1a: Articuno|Brave Bird|p2a: Snorlax\n|-damage|p2a: Snorlax|154/397\n|-damage|p1a: Articuno|42/100 par|[from] Recoil\n|move|p2a: Snorlax|Body Slam|p1a: Articuno\n|-damage|p1a: Articuno|12/100 par\n|\n|-heal|p2a: Snorlax|178/397|[from] item: Leftovers\n|upkeep\n|turn|22\n|inactive|Time left: 300 sec this turn | 300 sec total\n|\n|t:|1783543984\n|move|p1a: Articuno|Roost|p1a: Articuno\n|-heal|p1a: Articuno|63/100 par\n|-singleturn|p1a: Articuno|move: Roost\n|move|p2a: Snorlax|Body Slam|p1a: Articuno\n|-damage|p1a: Articuno|34/100 par\n|\n|-heal|p2a: Snorlax|202/397|[from] item: Leftovers\n|upkeep\n|turn|23\n|inactive|Time left: 300 sec this turn | 300 sec total\n|\n|t:|1783543985\n|move|p1a: Articuno|Roost|p1a: Articuno\n|-heal|p1a: Articuno|84/100 par\n|-singleturn|p1a: Articuno|move: Roost\n|move|p2a: Snorlax|Curse|p2a: Snorlax\n|-unboost|p2a: Snorlax|spe|1\n|-boost|p2a: Snorlax|atk|1\n|-boost|p2a: Snorlax|def|1\n|\n|-heal|p2a: Snorlax|226/397|[from] item: Leftovers\n|upkeep\n|turn|24\n|inactive|Time left: 300 sec this turn | 300 sec total\n|\n|t:|1783543986\n|move|p1a: Articuno|Freeze-Dry|p2a: Snorlax\n|-crit|p2a: Snorlax\n|-damage|p2a: Snorlax|175/397\n|-status|p2a: Snorlax|frz\n|cant|p2a: Snorlax|frz\n|\n|-heal|p2a: Snorlax|199/397 frz|[from] item: Leftovers\n|upkeep\n|turn|25\n|inactive|Time left: 300 sec this turn | 300 sec total\n|\n|t:|1783543987\n|move|p1a: Articuno|Brave Bird|p2a: Snorlax\n|-crit|p2a: Snorlax\n|-damage|p2a: Snorlax|0 fnt\n|faint|p2a: Snorlax\n|-damage|p1a: Articuno|62/100 par|[from] Recoil\n|\n|upkeep\n|inactive|Time left: 300 sec this turn | 300 sec total | 5 sec grace\n|\n|t:|1783543988\n|switch|p2a: Metagross|Metagross, L79, tera:Ground|117/256\n|turn|26\n|inactive|Time left: 300 sec this turn | 300 sec total\n|\n|t:|1783543990\n|move|p2a: Metagross|Heavy Slam|p1a: Articuno\n|-supereffective|p1a: Articuno\n|-damage|p1a: Articuno|0 fnt\n|faint|p1a: Articuno\n|\n|upkeep\n|\n|t:|1783543991\n|switch|p1a: Raichu|Raichu-Alola, L87, F|100/100\n|turn|27\n|inactive|Time left: 300 sec this turn | 300 sec total\n|\n|t:|1783543992\n|switch|p2a: Brute Bonnet|Brute Bonnet, L80|176/309\n|move|p1a: Raichu|Grass Knot|p2a: Brute Bonnet\n|-resisted|p2a: Brute Bonnet\n|-damage|p2a: Brute Bonnet|153/309\n|\n|-heal|p2a: Brute Bonnet|172/309|[from] item: Leftovers\n|upkeep\n|turn|28\n|inactive|Time left: 300 sec this turn | 300 sec total\n|\n|t:|1783543993\n|switch|p1a: Sableye|Sableye, L88, F|100/100\n|move|p2a: Brute Bonnet|Spore|p1a: Sableye\n|-status|p1a: Sableye|slp|[from] move: Spore\n|\n|-heal|p2a: Brute Bonnet|191/309|[from] item: Leftovers\n|upkeep\n|turn|29\n|inactive|Time left: 300 sec this turn | 300 sec total\n|\n|t:|1783543994\n|cant|p1a: Sableye|slp\n|move|p2a: Brute Bonnet|Crunch|p1a: Sableye\n|-crit|p1a: Sableye\n|-damage|p1a: Sableye|29/100 slp\n|\n|-heal|p1a: Sableye|35/100 slp|[from] item: Leftovers\n|-heal|p2a: Brute Bonnet|210/309|[from] item: Leftovers\n|upkeep\n|turn|30\n|inactive|Time left: 300 sec this turn | 300 sec total\n|\n|t:|1783543995\n|cant|p1a: Sableye|slp\n|move|p2a: Brute Bonnet|Crunch|p1a: Sableye\n|-damage|p1a: Sableye|0 fnt\n|faint|p1a: Sableye\n|\n|-heal|p2a: Brute Bonnet|229/309|[from] item: Leftovers\n|upkeep\n|\n|t:|1783543996\n|switch|p1a: Raichu|Raichu-Alola, L87, F|100/100\n|turn|31\n|inactive|Time left: 300 sec this turn | 300 sec total\n|\n|t:|1783543997\n|-terastallize|p1a: Raichu|Grass\n|move|p2a: Brute Bonnet|Sucker Punch|p1a: Raichu\n|-damage|p1a: Raichu|49/100\n|move|p1a: Raichu|Alluring Voice|p2a: Brute Bonnet\n|-supereffective|p2a: Brute Bonnet\n|-damage|p2a: Brute Bonnet|67/309\n|\n|-heal|p2a: Brute Bonnet|86/309|[from] item: Leftovers\n|upkeep\n|turn|32\n|inactive|Time left: 300 sec this turn | 300 sec total\n|\n|t:|1783543998\n|move|p2a: Brute Bonnet|Sucker Punch|p1a: Raichu\n|-damage|p1a: Raichu|2/100\n|move|p1a: Raichu|Alluring Voice|p2a: Brute Bonnet\n|-supereffective|p2a: Brute Bonnet\n|-damage|p2a: Brute Bonnet|0 fnt\n|faint|p2a: Brute Bonnet\n|-end|p2a: Brute Bonnet|Protosynthesis|[silent]\n|\n|upkeep\n|inactive|Time left: 300 sec this turn | 300 sec total | 5 sec grace\n|\n|t:|1783543999\n|switch|p2a: Metagross|Metagross, L79, tera:Ground|117/256\n|turn|33\n|inactive|Time left: 300 sec this turn | 300 sec total\n|\n|t:|1783544000\n|move|p1a: Raichu|Alluring Voice|p2a: Metagross\n|-damage|p2a: Metagross|28/256\n|move|p2a: Metagross|Earthquake|p1a: Raichu\n|-resisted|p1a: Raichu\n|-damage|p1a: Raichu|0 fnt\n|faint|p1a: Raichu\n|\n|win|p0y422d7c3", "uploadtime": 1783544000, "views": 0, "rating": 0, "private": 0, "password": null, "_winner": "p0y422d7c3", "_our_name": "p0y422d7c3"}