{"id": "battle-gen9randombattle-2791", "formatid": "gen9randombattle", "format": "[Gen 9] Random Battle", "players": ["p0x27914991", "p0y2791abf4"], "log": "|init|battle\n|title|p0x27914991 vs. p0y2791abf4\n|j|\u2606p0x27914991\n|j|\u2606p0y2791abf4\n|t:|1783572161\n|gametype|singles\n|player|p1|p0x27914991|1|\n|player|p2|p0y2791abf4|1|\n|gen|9\n|tier|[Gen 9] Random Battle\n|rule|Species Clause: Limit one of each Pok\u00e9mon\n|rule|HP Percentage Mod: HP is shown in percentages\n|rule|Sleep Clause Mod: Limit one foe put to sleep\n|rule|Illusion Level Mod: Illusion disguises the Pok\u00e9mon's true level\n|\n|t:|1783572161\n|teamsize|p1|6\n|teamsize|p2|6\n|start\n|switch|p1a: Yanmega|Yanmega, L82, M|100/100\n|switch|p2a: Tyranitar|Tyranitar, L78, M|284/284\n|-weather|Sandstorm|[from] ability: Sand Stream|[of] p2a: Tyranitar\n|turn|1\n|inactive|Battle timer is ON: inactive players will automatically lose when time's up. (requested by p0x27914991)\n|inactive|Time left: 300 sec this turn | 300 sec total | 60 sec grace\n|inactive|p0y2791abf4 also wants the timer to be on.\n|\n|t:|1783572162\n|move|p1a: Yanmega|Air Slash|p2a: Tyranitar\n|-resisted|p2a: Tyranitar\n|-damage|p2a: Tyranitar|255/284\n|move|p2a: Tyranitar|Stone Edge|p1a: Yanmega\n|-supereffective|p1a: Yanmega\n|-damage|p1a: Yanmega|0 fnt\n|faint|p1a: Yanmega\n|\n|-weather|Sandstorm|[upkeep]\n|-heal|p2a: Tyranitar|272/284|[from] item: Leftovers\n|upkeep\n|\n|t:|1783572163\n|switch|p1a: Mabosstiff|Mabosstiff, L86, M|100/100\n|turn|2\n|inactive|Time left: 300 sec this turn | 300 sec total\n|\n|t:|1783572164\n|move|p1a: Mabosstiff|Play Rough|p2a: Tyranitar\n|-supereffective|p2a: Tyranitar\n|-damage|p2a: Tyranitar|44/284\n|move|p2a: Tyranitar|Stealth Rock|p1a: Mabosstiff\n|-sidestart|p1: p0x27914991|move: Stealth Rock\n|\n|-weather|Sandstorm|[upkeep]\n|-damage|p1a: Mabosstiff|94/100|[from] Sandstorm\n|-heal|p2a: Tyranitar|61/284|[from] item: Leftovers\n|upkeep\n|turn|3\n|inactive|Time left: 300 sec this turn | 300 sec total\n|\n|t:|1783572165\n|switch|p2a: Perrserker|Perrserker, L89, M|269/269\n|move|p1a: Mabosstiff|Play Rough|p2a: Perrserker\n|-resisted|p2a: Perrserker\n|-damage|p2a: Perrserker|169/269\n|\n|-weather|Sandstorm|[upkeep]\n|-damage|p1a: Mabosstiff|88/100|[from] Sandstorm\n|upkeep\n|turn|4\n|inactive|Time left: 300 sec this turn | 300 sec total\n|\n|t:|1783572166\n|switch|p1a: Corviknight|Corviknight, L80, F|100/100\n|-damage|p1a: Corviknight|88/100|[from] Stealth Rock\n|move|p2a: Perrserker|Close Combat|p1a: Corviknight\n|-damage|p1a: Corviknight|28/100\n|-unboost|p2a: Perrserker|def|1\n|-unboost|p2a: Perrserker|spd|1\n|-damage|p2a: Perrserker|125/269|[from] item: Rocky Helmet|[of] p1a: Corviknight\n|\n|-weather|Sandstorm|[upkeep]\n|upkeep\n|turn|5\n|inactive|Time left: 300 sec this turn | 300 sec total\n|\n|t:|1783572168\n|move|p1a: Corviknight|Body Press|p2a: Perrserker\n|-supereffective|p2a: Perrserker\n|-damage|p2a: Perrserker|0 fnt\n|faint|p2a: Perrserker\n|\n|-weather|none\n|upkeep\n|inactive|Time left: 300 sec this turn | 300 sec total | 5 sec grace\n|\n|t:|1783572168\n|switch|p2a: Masquerain|Masquerain, L87, M|264/264\n|-ability|p2a: Masquerain|Intimidate|boost\n|-ability|p1a: Corviknight|Mirror Armor\n|-unboost|p2a: Masquerain|atk|1\n|turn|6\n|inactive|Time left: 300 sec this turn | 300 sec total\n|\n|t:|1783572170\n|move|p2a: Masquerain|Sticky Web|p1a: Corviknight\n|-sidestart|p1: p0x27914991|move: Sticky Web\n|move|p1a: Corviknight|Roost|p1a: Corviknight\n|-heal|p1a: Corviknight|78/100\n|-singleturn|p1a: Corviknight|move: Roost\n|\n|upkeep\n|turn|7\n|inactive|Time left: 300 sec this turn | 300 sec total\n|\n|t:|1783572171\n|move|p2a: Masquerain|Hurricane|p1a: Corviknight\n|-resisted|p1a: Corviknight\n|-damage|p1a: Corviknight|54/100\n|-start|p1a: Corviknight|confusion\n|-activate|p1a: Corviknight|confusion\n|move|p1a: Corviknight|Defog|p2a: Masquerain\n|-unboost|p2a: Masquerain|evasion|1\n|-sideend|p1: p0x27914991|Stealth Rock|[from] move: Defog|[of] p1a: Corviknight\n|-sideend|p1: p0x27914991|Sticky Web|[from] move: Defog|[of] p1a: Corviknight\n|\n|upkeep\n|turn|8\n|inactive|Time left: 300 sec this turn | 300 sec total\n|\n|t:|1783572172\n|switch|p1a: Mabosstiff|Mabosstiff, L86, M|88/100\n|move|p2a: Masquerain|Sticky Web|p1a: Mabosstiff\n|-sidestart|p1: p0x27914991|move: Sticky Web\n|\n|upkeep\n|turn|9\n|inactive|Time left: 300 sec this turn | 300 sec total\n|\n|t:|1783572173\n|move|p1a: Mabosstiff|Wild Charge|p2a: Masquerain\n|-supereffective|p2a: Masquerain\n|-damage|p2a: Masquerain|0 fnt\n|faint|p2a: Masquerain\n|-damage|p1a: Mabosstiff|65/100|[from] Recoil\n|\n|upkeep\n|inactive|Time left: 300 sec this turn | 300 sec total | 5 sec grace\n|\n|t:|1783572174\n|switch|p2a: Electivire|Electivire, L84, M|263/263\n|turn|10\n|inactive|Time left: 300 sec this turn | 300 sec total\n|\n|t:|1783572174\n|switch|p1a: Corviknight|Corviknight, L80, F|54/100\n|move|p2a: Electivire|Supercell Slam|p1a: Corviknight\n|-supereffective|p1a: Corviknight\n|-damage|p1a: Corviknight|0 fnt\n|-damage|p2a: Electivire|220/263|[from] item: Rocky Helmet|[of] p1a: Corviknight\n|faint|p1a: Corviknight\n|-damage|p2a: Electivire|194/263|[from] item: Life Orb\n|\n|upkeep\n|\n|t:|1783572175\n|switch|p1a: Mabosstiff|Mabosstiff, L86, M|65/100\n|-activate|p1a: Mabosstiff|move: Sticky Web\n|-unboost|p1a: Mabosstiff|spe|1\n|turn|11\n|inactive|Time left: 300 sec this turn | 300 sec total\n|\n|t:|1783572176\n|move|p2a: Electivire|Bulk Up|p2a: Electivire\n|-boost|p2a: Electivire|atk|1\n|-boost|p2a: Electivire|def|1\n|move|p1a: Mabosstiff|Crunch|p2a: Electivire\n|-damage|p2a: Electivire|76/263\n|\n|upkeep\n|turn|12\n|inactive|Time left: 300 sec this turn | 300 sec total\n|\n|t:|1783572177\n|move|p2a: Electivire|Supercell Slam|p1a: Mabosstiff\n|-damage|p1a: Mabosstiff|0 fnt\n|faint|p1a: Mabosstiff\n|-damage|p2a: Electivire|50/263|[from] item: Life Orb\n|\n|upkeep\n|\n|t:|1783572178\n|switch|p1a: Glalie|Glalie, L96, M|100/100\n|turn|13\n|inactive|Time left: 300 sec this turn | 300 sec total\n|\n|t:|1783572179\n|move|p2a: Electivire|Supercell Slam|p1a: Glalie\n|-damage|p1a: Glalie|21/100\n|-damage|p2a: Electivire|24/263|[from] item: Life Orb\n|move|p1a: Glalie|Freeze-Dry|p2a: Electivire\n|-damage|p2a: Electivire|0 fnt\n|faint|p2a: Electivire\n|\n|upkeep\n|inactive|Time left: 300 sec this turn | 300 sec total | 5 sec grace\n|\n|t:|1783572180\n|switch|p2a: Azelf|Azelf, L82|257/257\n|turn|14\n|inactive|Time left: 300 sec this turn | 300 sec total\n|\n|t:|1783572181\n|switch|p1a: Scream Tail|Scream Tail, L84|100/100\n|-activate|p1a: Scream Tail|move: Sticky Web\n|-unboost|p1a: Scream Tail|spe|1\n|move|p2a: Azelf|Psyshock|p1a: Scream Tail\n|-resisted|p1a: Scream Tail\n|-damage|p1a: Scream Tail|80/100\n|\n|-heal|p1a: Scream Tail|86/100|[from] item: Leftovers\n|upkeep\n|turn|15\n|inactive|Time left: 300 sec this turn | 300 sec total\n|\n|t:|1783572182\n|move|p2a: Azelf|Psyshock|p1a: Scream Tail\n|-resisted|p1a: Scream Tail\n|-damage|p1a: Scream Tail|66/100\n|move|p1a: Scream Tail|Dazzling Gleam|p2a: Azelf\n|-damage|p2a: Azelf|175/257\n|\n|-heal|p1a: Scream Tail|72/100|[from] item: Leftovers\n|upkeep\n|turn|16\n|inactive|Time left: 300 sec this turn | 300 sec total\n|\n|t:|1783572183\n|move|p2a: Azelf|Psyshock|p1a: Scream Tail\n|-resisted|p1a: Scream Tail\n|-damage|p1a: Scream Tail|51/100\n|move|p1a: Scream Tail|Dazzling Gleam|p2a: Azelf\n|-damage|p2a: Azelf|96/257\n|\n|-heal|p1a: Scream Tail|57/100|[from] item: Leftovers\n|upkeep\n|turn|17\n|inactive|Time left: 300 sec this turn | 300 sec total\n|\n|t:|1783572184\n|move|p2a: Azelf|Psyshock|p1a: Scream Tail\n|-resisted|p1a: Scream Tail\n|-damage|p1a: Scream Tail|38/100\n|move|p1a: Scream Tail|Wish|p1a: Scream Tail\n|\n|-heal|p1a: Scream Tail|44/100|[from] item: Leftovers\n|upkeep\n|turn|18\n|inactive|Time left: 300 sec this turn | 300 sec total\n|\n|t:|1783572185\n|move|p2a: Azelf|Psyshock|p1a: Scream Tail\n|-resisted|p1a: Scream Tail\n|-damage|p1a: Scream Tail|25/100\n|move|p1a: Scream Tail|Dazzling Gleam|p2a: Azelf\n|-damage|p2a: Azelf|18/257\n|\n|-heal|p1a: Scream Tail|75/100|[from] move: Wish|[wisher] Scream Tail\n|-heal|p1a: Scream Tail|81/100|[from] item: Leftovers\n|upkeep\n|turn|19\n|inactive|Time left: 300 sec this turn | 300 sec total\n|\n|t:|1783572186\n|switch|p2a: Exeggutor|Exeggutor, L89, M|312/312\n|move|p1a: Scream Tail|Dazzling Gleam|p2a: Exeggutor\n|-damage|p2a: Exeggutor|243/312\n|\n|-heal|p1a: Scream Tail|87/100|[from] item: Leftovers\n|upkeep\n|turn|20\n|inactive|Time left: 300 sec this turn | 300 sec total\n|\n|t:|1783572187\n|move|p1a: Scream Tail|Protect|p1a: Scream Tail\n|-singleturn|p1a: Scream Tail|Protect\n|move|p2a: Exeggutor|Leech Seed|p1a: Scream Tail\n|-activate|p1a: Scream Tail|move: Protect\n|\n|-heal|p1a: Scream Tail|94/100|[from] item: Leftovers\n|upkeep\n|turn|21\n|inactive|Time left: 300 sec this turn | 300 sec total\n|\n|t:|1783572188\n|move|p1a: Scream Tail|Wish|p1a: Scream Tail\n|move|p2a: Exeggutor|Leech Seed|p1a: Scream Tail\n|-start|p1a: Scream Tail|move: Leech Seed\n|\n|-heal|p1a: Scream Tail|99/100|[from] item: Leftovers\n|-damage|p1a: Scream Tail|87/100|[from] Leech Seed|[of] p2a: Exeggutor\n|-heal|p2a: Exeggutor|284/312|[silent]\n|upkeep\n|turn|22\n|inactive|Time left: 300 sec this turn | 300 sec total\n|\n|t:|1783572189\n|-end|p1a: Scream Tail|Protosynthesis|[silent]\n|switch|p1a: Minun|Minun, L95, F|100/100\n|-activate|p1a: Minun|move: Sticky Web\n|-unboost|p1a: Minun|spe|1\n|move|p2a: Exeggutor|Sludge Bomb|p1a: Minun\n|-damage|p1a: Minun|68/100\n|-status|p1a: Minun|psn\n|\n|-heal|p1a: Minun|100/100 psn|[from] move: Wish|[wisher] Scream Tail\n|-damage|p1a: Minun|88/100 psn|[from] psn\n|upkeep\n|turn|23\n|inactive|Time left: 300 sec this turn | 300 sec total\n|\n|t:|1783572190\n|move|p1a: Minun|Nasty Plot|p1a: Minun\n|-boost|p1a: Minun|spa|2\n|move|p2a: Exeggutor|Sludge Bomb|p1a: Minun\n|-damage|p1a: Minun|61/100 psn\n|\n|-damage|p1a: Minun|49/100 psn|[from] psn\n|upkeep\n|turn|24\n|inactive|Time left: 300 sec this turn | 300 sec total\n|\n|t:|1783572191\n|move|p1a: Minun|Thunderbolt|p2a: Exeggutor\n|-resisted|p2a: Exeggutor\n|-crit|p2a: Exeggutor\n|-damage|p2a: Exeggutor|70/312\n|-enditem|p2a: Exeggutor|Sitrus Berry|[eat]\n|-heal|p2a: Exeggutor|148/312|[from] item: Sitrus Berry\n|-damage|p1a: Minun|39/100 psn|[from] item: Life Orb\n|move|p2a: Exeggutor|Psychic|p1a: Minun\n|-damage|p1a: Minun|0 fnt\n|faint|p1a: Minun\n|\n|-item|p2a: Exeggutor|Sitrus Berry|[from] ability: Harvest\n|upkeep\n|-enditem|p2a: Exeggutor|Sitrus Berry|[eat]\n|-heal|p2a: Exeggutor|226/312|[from] item: Sitrus Berry\n|\n|t:|1783572192\n|switch|p1a: Glalie|Glalie, L96, M|21/100\n|turn|25\n|inactive|Time left: 300 sec this turn | 300 sec total\n|\n|t:|1783572193\n|move|p1a: Glalie|Freeze-Dry|p2a: Exeggutor\n|-supereffective|p2a: Exeggutor\n|-damage|p2a: Exeggutor|40/312\n|move|p2a: Exeggutor|Sludge Bomb|p1a: Glalie\n|-damage|p1a: Glalie|0 fnt\n|faint|p1a: Glalie\n|\n|-item|p2a: Exeggutor|Sitrus Berry|[from] ability: Harvest\n|upkeep\n|-enditem|p2a: Exeggutor|Sitrus Berry|[eat]\n|-heal|p2a: Exeggutor|118/312|[from] item: Sitrus Berry\n|\n|t:|1783572194\n|switch|p1a: Scream Tail|Scream Tail, L84|87/100\n|-activate|p1a: Scream Tail|move: Sticky Web\n|-unboost|p1a: Scream Tail|spe|1\n|turn|26\n|inactive|Time left: 300 sec this turn | 300 sec total\n|\n|t:|1783572195\n|move|p1a: Scream Tail|Protect|p1a: Scream Tail\n|-singleturn|p1a: Scream Tail|Protect\n|move|p2a: Exeggutor|Leech Seed|p1a: Scream Tail\n|-activate|p1a: Scream Tail|move: Protect\n|\n|-heal|p1a: Scream Tail|93/100|[from] item: Leftovers\n|-item|p2a: Exeggutor|Sitrus Berry|[from] ability: Harvest\n|upkeep\n|-enditem|p2a: Exeggutor|Sitrus Berry|[eat]\n|-heal|p2a: Exeggutor|196/312|[from] item: Sitrus Berry\n|turn|27\n|inactive|Time left: 300 sec this turn | 300 sec total\n|\n|t:|1783572196\n|move|p1a: Scream Tail|Dazzling Gleam|p2a: Exeggutor\n|-damage|p2a: Exeggutor|127/312\n|move|p2a: Exeggutor|Leech Seed|p1a: Scream Tail\n|-start|p1a: Scream Tail|move: Leech Seed\n|\n|-heal|p1a: Scream Tail|99/100|[from] item: Leftovers\n|-damage|p1a: Scream Tail|87/100|[from] Leech Seed|[of] p2a: Exeggutor\n|-heal|p2a: Exeggutor|168/312|[silent]\n|-item|p2a: Exeggutor|Sitrus Berry|[from] ability: Harvest\n|upkeep\n|turn|28\n|inactive|Time left: 300 sec this turn | 300 sec total\n|\n|t:|1783572197\n|move|p1a: Scream Tail|Encore|p2a: Exeggutor\n|-start|p2a: Exeggutor|Encore\n|move|p2a: Exeggutor|Leech Seed||[still]\n|-fail|p2a: Exeggutor\n|\n|-heal|p1a: Scream Tail|93/100|[from] item: Leftovers\n|-damage|p1a: Scream Tail|80/100|[from] Leech Seed|[of] p2a: Exeggutor\n|-heal|p2a: Exeggutor|209/312|[silent]\n|upkeep\n|turn|29\n|inactive|Time left: 300 sec this turn | 300 sec total\n|\n|t:|1783572198\n|switch|p2a: Tyranitar|Tyranitar, L78, M|61/284\n|-weather|Sandstorm|[from] ability: Sand Stream|[of] p2a: Tyranitar\n|move|p1a: Scream Tail|Dazzling Gleam|p2a: Tyranitar\n|-supereffective|p2a: Tyranitar\n|-damage|p2a: Tyranitar|0 fnt\n|faint|p2a: Tyranitar\n|\n|-weather|Sandstorm|[upkeep]\n|-damage|p1a: Scream Tail|74/100|[from] Sandstorm\n|-heal|p1a: Scream Tail|80/100|[from] item: Leftovers\n|upkeep\n|inactive|Time left: 300 sec this turn | 300 sec total | 5 sec grace\n|\n|t:|1783572199\n|switch|p2a: Exeggutor|Exeggutor, L89, M|209/312\n|turn|30\n|inactive|Time left: 300 sec this turn | 300 sec total\n|\n|t:|1783572200\n|-terastallize|p1a: Scream Tail|Steel\n|move|p1a: Scream Tail|Dazzling Gleam|p2a: Exeggutor\n|-damage|p2a: Exeggutor|148/312\n|-enditem|p2a: Exeggutor|Sitrus Berry|[eat]\n|-heal|p2a: Exeggutor|226/312|[from] item: Sitrus Berry\n|move|p2a: Exeggutor|Sludge Bomb|p1a: Scream Tail\n|-immune|p1a: Scream Tail\n|\n|-weather|Sandstorm|[upkeep]\n|-damage|p2a: Exeggutor|207/312|[from] Sandstorm\n|-heal|p1a: Scream Tail|87/100|[from] item: Leftovers\n|-damage|p1a: Scream Tail|74/100|[from] Leech Seed|[of] p2a: Exeggutor\n|-heal|p2a: Exeggutor|248/312|[silent]\n|upkeep\n|turn|31\n|inactive|Time left: 300 sec this turn | 300 sec total\n|\n|t:|1783572201\n|move|p1a: Scream Tail|Wish|p1a: Scream Tail\n|move|p2a: Exeggutor|Substitute|p2a: Exeggutor\n|-start|p2a: Exeggutor|Substitute\n|-damage|p2a: Exeggutor|170/312\n|\n|-weather|Sandstorm|[upkeep]\n|-damage|p2a: Exeggutor|151/312|[from] Sandstorm\n|-heal|p1a: Scream Tail|80/100|[from] item: Leftovers\n|-damage|p1a: Scream Tail|68/100|[from] Leech Seed|[of] p2a: Exeggutor\n|-heal|p2a: Exeggutor|192/312|[silent]\n|-item|p2a: Exeggutor|Sitrus Berry|[from] ability: Harvest\n|upkeep\n|turn|32\n|inactive|Time left: 300 sec this turn | 300 sec total\n|\n|t:|1783572202\n|move|p1a: Scream Tail|Dazzling Gleam|p2a: Exeggutor\n|-activate|p2a: Exeggutor|move: Substitute|[damage]\n|move|p2a: Exeggutor|Psychic|p1a: Scream Tail\n|-resisted|p1a: Scream Tail\n|-damage|p1a: Scream Tail|51/100\n|\n|-weather|Sandstorm|[upkeep]\n|-damage|p2a: Exeggutor|173/312|[from] Sandstorm\n|-heal|p1a: Scream Tail|100/100|[from] move: Wish|[wisher] Scream Tail\n|-damage|p1a: Scream Tail|88/100|[from] Leech Seed|[of] p2a: Exeggutor\n|-heal|p2a: Exeggutor|214/312|[silent]\n|upkeep\n|turn|33\n|inactive|Time left: 300 sec this turn | 300 sec total\n|\n|t:|1783572203\n|move|p1a: Scream Tail|Wish|p1a: Scream Tail\n|move|p2a: Exeggutor|Psychic|p1a: Scream Tail\n|-resisted|p1a: Scream Tail\n|-damage|p1a: Scream Tail|73/100\n|-unboost|p1a: Scream Tail|spd|1\n|\n|-weather|none\n|-heal|p1a: Scream Tail|79/100|[from] item: Leftovers\n|-damage|p1a: Scream Tail|66/100|[from] Leech Seed|[of] p2a: Exeggutor\n|-heal|p2a: Exeggutor|255/312|[silent]\n|upkeep\n|turn|34\n|inactive|Time left: 300 sec this turn | 300 sec total\n|\n|t:|1783572205\n|move|p1a: Scream Tail|Dazzling Gleam|p2a: Exeggutor\n|-end|p2a: Exeggutor|Substitute\n|move|p2a: Exeggutor|Psychic|p1a: Scream Tail\n|-resisted|p1a: Scream Tail\n|-damage|p1a: Scream Tail|41/100\n|\n|-heal|p1a: Scream Tail|91/100|[from] move: Wish|[wisher] Scream Tail\n|-heal|p1a: Scream Tail|97/100|[from] item: Leftovers\n|-damage|p1a: Scream Tail|85/100|[from] Leech Seed|[of] p2a: Exeggutor\n|-heal|p2a: Exeggutor|296/312|[silent]\n|upkeep\n|turn|35\n|inactive|Time left: 300 sec this turn | 300 sec total\n|\n|t:|1783572206\n|move|p1a: Scream Tail|Dazzling Gleam|p2a: Exeggutor\n|-damage|p2a: Exeggutor|227/312\n|move|p2a: Exeggutor|Psychic|p1a: Scream Tail\n|-resisted|p1a: Scream Tail\n|-damage|p1a: Scream Tail|60/100\n|\n|-heal|p1a: Scream Tail|67/100|[from] item: Leftovers\n|-damage|p1a: Scream Tail|54/100|[from] Leech Seed|[of] p2a: Exeggutor\n|-heal|p2a: Exeggutor|268/312|[silent]\n|upkeep\n|turn|36\n|inactive|Time left: 300 sec this turn | 300 sec total\n|\n|t:|1783572207\n|move|p1a: Scream Tail|Wish|p1a: Scream Tail\n|move|p2a: Exeggutor|Psychic|p1a: Scream Tail\n|-resisted|p1a: Scream Tail\n|-damage|p1a: Scream Tail|31/100\n|\n|-heal|p1a: Scream Tail|37/100|[from] item: Leftovers\n|-damage|p1a: Scream Tail|25/100|[from] Leech Seed|[of] p2a: Exeggutor\n|-heal|p2a: Exeggutor|309/312|[silent]\n|upkeep\n|turn|37\n|inactive|Time left: 300 sec this turn | 300 sec total\n|\n|t:|1783572208\n|move|p1a: Scream Tail|Protect|p1a: Scream Tail\n|-singleturn|p1a: Scream Tail|Protect\n|move|p2a: Exeggutor|Psychic|p1a: Scream Tail\n|-activate|p1a: Scream Tail|move: Protect\n|\n|-heal|p1a: Scream Tail|75/100|[from] move: Wish|[wisher] Scream Tail\n|-heal|p1a: Scream Tail|81/100|[from] item: Leftovers\n|-damage|p1a: Scream Tail|69/100|[from] Leech Seed|[of] p2a: Exeggutor\n|-heal|p2a: Exeggutor|312/312|[silent]\n|upkeep\n|turn|38\n|inactive|Time left: 300 sec this turn | 300 sec total\n|\n|t:|1783572209\n|move|p1a: Scream Tail|Dazzling Gleam|p2a: Exeggutor\n|-damage|p2a: Exeggutor|243/312\n|move|p2a: Exeggutor|Psychic|p1a: Scream Tail\n|-resisted|p1a: Scream Tail\n|-damage|p1a: Scream Tail|44/100\n|\n|-heal|p1a: Scream Tail|50/100|[from] item: Leftovers\n|-damage|p1a: Scream Tail|37/100|[from] Leech Seed|[of] p2a: Exeggutor\n|-heal|p2a: Exeggutor|284/312|[silent]\n|upkeep\n|turn|39\n|inactive|Time left: 300 sec this turn | 300 sec total\n|\n|t:|1783572210\n|move|p1a: Scream Tail|Wish|p1a: Scream Tail\n|move|p2a: Exeggutor|Psychic|p1a: Scream Tail\n|-resisted|p1a: Scream Tail\n|-damage|p1a: Scream Tail|14/100\n|\n|-heal|p1a: Scream Tail|20/100|[from] item: Leftovers\n|-damage|p1a: Scream Tail|8/100|[from] Leech Seed|[of] p2a: Exeggutor\n|-heal|p2a: Exeggutor|312/312|[silent]\n|upkeep\n|turn|40\n|inactive|Time left: 300 sec this turn | 300 sec total\n|\n|t:|1783572211\n|switch|p2a: Azelf|Azelf, L82|18/257\n|move|p1a: Scream Tail|Protect||[still]\n|-fail|p1a: Scream Tail\n|\n|-heal|p1a: Scream Tail|58/100|[from] move: Wish|[wisher] Scream Tail\n|-heal|p1a: Scream Tail|64/100|[from] item: Leftovers\n|-damage|p1a: Scream Tail|52/100|[from] Leech Seed|[of] p2a: Azelf\n|-heal|p2a: Azelf|59/257|[silent]\n|upkeep\n|turn|41\n|inactive|Time left: 300 sec this turn | 300 sec total\n|\n|t:|1783572212\n|-terastallize|p2a: Azelf|Fire\n|move|p2a: Azelf|Fire Blast|p1a: Scream Tail\n|-supereffective|p1a: Scream Tail\n|-damage|p1a: Scream Tail|0 fnt\n|faint|p1a: Scream Tail\n|-end|p1a: Scream Tail|Protosynthesis|[silent]\n|\n|win|p0y2791abf4", "uploadtime": 1783572212, "views": 0, "rating": 0, "private": 0, "password": null, "_winner": "p0y2791abf4", "_our_name": "p0y2791abf4"}