{"id": "battle-gen9randombattle-722", "formatid": "gen9randombattle", "format": "[Gen 9] Random Battle", "players": ["p0x72264ab", "p0y722e649"], "log": "|init|battle\n|title|p0x72264ab vs. p0y722e649\n|j|\u2606p0x72264ab\n|j|\u2606p0y722e649\n|t:|1783547498\n|gametype|singles\n|player|p1|p0x72264ab|266|\n|player|p2|p0y722e649|170|\n|gen|9\n|tier|[Gen 9] Random Battle\n|rule|Species Clause: Limit one of each Pok\u00e9mon\n|rule|HP Percentage Mod: HP is shown in percentages\n|rule|Sleep Clause Mod: Limit one foe put to sleep\n|rule|Illusion Level Mod: Illusion disguises the Pok\u00e9mon's true level\n|\n|t:|1783547498\n|teamsize|p1|6\n|teamsize|p2|6\n|start\n|switch|p1a: Diancie|Diancie, L82|100/100\n|switch|p2a: Illumise|Illumise, L91, F|266/266\n|turn|1\n|inactive|Battle timer is ON: inactive players will automatically lose when time's up. (requested by p0x72264ab)\n|inactive|Time left: 300 sec this turn | 300 sec total | 60 sec grace\n|inactive|p0y722e649 also wants the timer to be on.\n|\n|t:|1783547500\n|switch|p2a: Mudsdale|Mudsdale, L83, F|302/302\n|move|p1a: Diancie|Diamond Storm|p2a: Mudsdale\n|-resisted|p2a: Mudsdale\n|-damage|p2a: Mudsdale|258/302\n|-boost|p1a: Diancie|def|2\n|-ability|p2a: Mudsdale|Stamina|boost\n|-boost|p2a: Mudsdale|def|1\n|\n|-heal|p2a: Mudsdale|276/302|[from] item: Leftovers\n|upkeep\n|turn|2\n|inactive|Time left: 300 sec this turn | 300 sec total\n|\n|t:|1783547501\n|move|p1a: Diancie|Earth Power|p2a: Mudsdale\n|-damage|p2a: Mudsdale|208/302\n|-ability|p2a: Mudsdale|Stamina|boost\n|-boost|p2a: Mudsdale|def|1\n|move|p2a: Mudsdale|Stealth Rock|p1a: Diancie\n|-sidestart|p1: p0x72264ab|move: Stealth Rock\n|\n|-heal|p2a: Mudsdale|226/302|[from] item: Leftovers\n|upkeep\n|turn|3\n|inactive|Time left: 300 sec this turn | 300 sec total\n|\n|t:|1783547502\n|move|p1a: Diancie|Calm Mind|p1a: Diancie\n|-boost|p1a: Diancie|spa|1\n|-boost|p1a: Diancie|spd|1\n|move|p2a: Mudsdale|Heavy Slam|p1a: Diancie\n|-supereffective|p1a: Diancie\n|-damage|p1a: Diancie|39/100\n|\n|-heal|p1a: Diancie|45/100|[from] item: Leftovers\n|-heal|p2a: Mudsdale|244/302|[from] item: Leftovers\n|upkeep\n|turn|4\n|inactive|Time left: 300 sec this turn | 300 sec total\n|\n|t:|1783547503\n|-terastallize|p1a: Diancie|Water\n|move|p1a: Diancie|Draining Kiss|p2a: Mudsdale\n|-damage|p2a: Mudsdale|168/302\n|-heal|p1a: Diancie|72/100|[from] drain|[of] p2a: Mudsdale\n|-ability|p2a: Mudsdale|Stamina|boost\n|-boost|p2a: Mudsdale|def|1\n|move|p2a: Mudsdale|Heavy Slam|p1a: Diancie\n|-resisted|p1a: Diancie\n|-damage|p1a: Diancie|63/100\n|\n|-heal|p1a: Diancie|69/100|[from] item: Leftovers\n|-heal|p2a: Mudsdale|186/302|[from] item: Leftovers\n|upkeep\n|turn|5\n|inactive|Time left: 300 sec this turn | 300 sec total\n|\n|t:|1783547503\n|move|p1a: Diancie|Draining Kiss|p2a: Mudsdale\n|-damage|p2a: Mudsdale|104/302\n|-heal|p1a: Diancie|98/100|[from] drain|[of] p2a: Mudsdale\n|-ability|p2a: Mudsdale|Stamina|boost\n|-boost|p2a: Mudsdale|def|1\n|move|p2a: Mudsdale|Earthquake|p1a: Diancie\n|-damage|p1a: Diancie|77/100\n|\n|-heal|p1a: Diancie|83/100|[from] item: Leftovers\n|-heal|p2a: Mudsdale|122/302|[from] item: Leftovers\n|upkeep\n|turn|6\n|inactive|Time left: 300 sec this turn | 300 sec total\n|\n|t:|1783547504\n|move|p1a: Diancie|Draining Kiss|p2a: Mudsdale\n|-damage|p2a: Mudsdale|38/302\n|-heal|p1a: Diancie|100/100|[from] drain|[of] p2a: Mudsdale\n|-ability|p2a: Mudsdale|Stamina|boost\n|-boost|p2a: Mudsdale|def|1\n|move|p2a: Mudsdale|Stone Edge|p1a: Diancie\n|-damage|p1a: Diancie|87/100\n|\n|-heal|p1a: Diancie|93/100|[from] item: Leftovers\n|-heal|p2a: Mudsdale|56/302|[from] item: Leftovers\n|upkeep\n|turn|7\n|inactive|Time left: 300 sec this turn | 300 sec total\n|\n|t:|1783547505\n|switch|p2a: Chimecho|Chimecho, L93, F|290/290\n|move|p1a: Diancie|Earth Power|p2a: Chimecho\n|-immune|p2a: Chimecho|[from] ability: Levitate\n|\n|-heal|p1a: Diancie|99/100|[from] item: Leftovers\n|upkeep\n|turn|8\n|inactive|Time left: 300 sec this turn | 300 sec total\n|\n|t:|1783547505\n|move|p2a: Chimecho|Cosmic Power|p2a: Chimecho\n|-boost|p2a: Chimecho|def|1\n|-boost|p2a: Chimecho|spd|1\n|move|p1a: Diancie|Calm Mind|p1a: Diancie\n|-boost|p1a: Diancie|spa|1\n|-boost|p1a: Diancie|spd|1\n|\n|-heal|p1a: Diancie|100/100|[from] item: Leftovers\n|upkeep\n|turn|9\n|inactive|Time left: 300 sec this turn | 300 sec total\n|\n|t:|1783547506\n|move|p2a: Chimecho|Cosmic Power|p2a: Chimecho\n|-boost|p2a: Chimecho|def|1\n|-boost|p2a: Chimecho|spd|1\n|move|p1a: Diancie|Calm Mind|p1a: Diancie\n|-boost|p1a: Diancie|spa|1\n|-boost|p1a: Diancie|spd|1\n|\n|upkeep\n|turn|10\n|inactive|Time left: 300 sec this turn | 300 sec total\n|\n|t:|1783547507\n|move|p2a: Chimecho|Cosmic Power|p2a: Chimecho\n|-boost|p2a: Chimecho|def|1\n|-boost|p2a: Chimecho|spd|1\n|move|p1a: Diancie|Calm Mind|p1a: Diancie\n|-boost|p1a: Diancie|spa|1\n|-boost|p1a: Diancie|spd|1\n|\n|upkeep\n|turn|11\n|inactive|Time left: 300 sec this turn | 300 sec total\n|\n|t:|1783547507\n|move|p2a: Chimecho|Stored Power|p1a: Diancie\n|-damage|p1a: Diancie|81/100\n|move|p1a: Diancie|Draining Kiss|p2a: Chimecho\n|-damage|p2a: Chimecho|233/290\n|-heal|p1a: Diancie|100/100|[from] drain|[of] p2a: Chimecho\n|\n|-heal|p2a: Chimecho|251/290|[from] item: Leftovers\n|upkeep\n|turn|12\n|inactive|Time left: 300 sec this turn | 300 sec total\n|\n|t:|1783547508\n|move|p2a: Chimecho|Cosmic Power|p2a: Chimecho\n|-boost|p2a: Chimecho|def|1\n|-boost|p2a: Chimecho|spd|1\n|move|p1a: Diancie|Draining Kiss|p2a: Chimecho\n|-damage|p2a: Chimecho|203/290\n|\n|-heal|p2a: Chimecho|221/290|[from] item: Leftovers\n|upkeep\n|turn|13\n|inactive|Time left: 300 sec this turn | 300 sec total\n|\n|t:|1783547509\n|move|p2a: Chimecho|Stored Power|p1a: Diancie\n|-damage|p1a: Diancie|75/100\n|move|p1a: Diancie|Diamond Storm|p2a: Chimecho\n|-damage|p2a: Chimecho|185/290\n|-boost|p1a: Diancie|def|2\n|\n|-heal|p2a: Chimecho|203/290|[from] item: Leftovers\n|-heal|p1a: Diancie|82/100|[from] item: Leftovers\n|upkeep\n|turn|14\n|inactive|Time left: 300 sec this turn | 300 sec total\n|\n|t:|1783547510\n|move|p2a: Chimecho|Stored Power|p1a: Diancie\n|-damage|p1a: Diancie|57/100\n|move|p1a: Diancie|Draining Kiss|p2a: Chimecho\n|-damage|p2a: Chimecho|158/290\n|-heal|p1a: Diancie|73/100|[from] drain|[of] p2a: Chimecho\n|\n|-heal|p2a: Chimecho|176/290|[from] item: Leftovers\n|-heal|p1a: Diancie|79/100|[from] item: Leftovers\n|upkeep\n|turn|15\n|inactive|Time left: 300 sec this turn | 300 sec total\n|\n|t:|1783547511\n|move|p2a: Chimecho|Recover|p2a: Chimecho\n|-heal|p2a: Chimecho|290/290\n|move|p1a: Diancie|Draining Kiss|p2a: Chimecho\n|-damage|p2a: Chimecho|247/290\n|-heal|p1a: Diancie|94/100|[from] drain|[of] p2a: Chimecho\n|\n|-heal|p2a: Chimecho|265/290|[from] item: Leftovers\n|-heal|p1a: Diancie|99/100|[from] item: Leftovers\n|upkeep\n|turn|16\n|inactive|Time left: 300 sec this turn | 300 sec total\n|\n|t:|1783547513\n|move|p2a: Chimecho|Stored Power|p1a: Diancie\n|-damage|p1a: Diancie|75/100\n|move|p1a: Diancie|Draining Kiss|p2a: Chimecho\n|-damage|p2a: Chimecho|216/290\n|-heal|p1a: Diancie|92/100|[from] drain|[of] p2a: Chimecho\n|\n|-heal|p2a: Chimecho|234/290|[from] item: Leftovers\n|-heal|p1a: Diancie|98/100|[from] item: Leftovers\n|upkeep\n|turn|17\n|inactive|Time left: 300 sec this turn | 300 sec total\n|\n|t:|1783547514\n|move|p2a: Chimecho|Stored Power|p1a: Diancie\n|-damage|p1a: Diancie|73/100\n|move|p1a: Diancie|Draining Kiss|p2a: Chimecho\n|-damage|p2a: Chimecho|183/290\n|-heal|p1a: Diancie|91/100|[from] drain|[of] p2a: Chimecho\n|\n|-heal|p2a: Chimecho|201/290|[from] item: Leftovers\n|-heal|p1a: Diancie|97/100|[from] item: Leftovers\n|upkeep\n|turn|18\n|inactive|Time left: 300 sec this turn | 300 sec total\n|\n|t:|1783547515\n|move|p2a: Chimecho|Stored Power|p1a: Diancie\n|-damage|p1a: Diancie|73/100\n|move|p1a: Diancie|Draining Kiss|p2a: Chimecho\n|-damage|p2a: Chimecho|152/290\n|-heal|p1a: Diancie|90/100|[from] drain|[of] p2a: Chimecho\n|\n|-heal|p2a: Chimecho|170/290|[from] item: Leftovers\n|-heal|p1a: Diancie|96/100|[from] item: Leftovers\n|upkeep\n|turn|19\n|inactive|Time left: 300 sec this turn | 300 sec total\n|\n|t:|1783547517\n|move|p2a: Chimecho|Recover|p2a: Chimecho\n|-heal|p2a: Chimecho|290/290\n|move|p1a: Diancie|Draining Kiss|p2a: Chimecho\n|-crit|p2a: Chimecho\n|-damage|p2a: Chimecho|76/290\n|-heal|p1a: Diancie|100/100|[from] drain|[of] p2a: Chimecho\n|\n|-heal|p2a: Chimecho|94/290|[from] item: Leftovers\n|upkeep\n|turn|20\n|inactive|Time left: 300 sec this turn | 300 sec total\n|\n|t:|1783547518\n|move|p2a: Chimecho|Recover|p2a: Chimecho\n|-heal|p2a: Chimecho|239/290\n|move|p1a: Diancie|Draining Kiss|p2a: Chimecho\n|-damage|p2a: Chimecho|196/290\n|\n|-heal|p2a: Chimecho|214/290|[from] item: Leftovers\n|upkeep\n|turn|21\n|inactive|Time left: 300 sec this turn | 300 sec total\n|\n|t:|1783547520\n|move|p2a: Chimecho|Recover|p2a: Chimecho\n|-heal|p2a: Chimecho|290/290\n|move|p1a: Diancie|Draining Kiss|p2a: Chimecho\n|-damage|p2a: Chimecho|244/290\n|\n|-heal|p2a: Chimecho|262/290|[from] item: Leftovers\n|upkeep\n|turn|22\n|inactive|Time left: 300 sec this turn | 300 sec total\n|\n|t:|1783547521\n|move|p2a: Chimecho|Stored Power|p1a: Diancie\n|-damage|p1a: Diancie|78/100\n|move|p1a: Diancie|Draining Kiss|p2a: Chimecho\n|-damage|p2a: Chimecho|216/290\n|-heal|p1a: Diancie|94/100|[from] drain|[of] p2a: Chimecho\n|\n|-heal|p2a: Chimecho|234/290|[from] item: Leftovers\n|-heal|p1a: Diancie|99/100|[from] item: Leftovers\n|upkeep\n|turn|23\n|inactive|Time left: 300 sec this turn | 300 sec total\n|\n|t:|1783547523\n|move|p2a: Chimecho|Stored Power|p1a: Diancie\n|-damage|p1a: Diancie|78/100\n|move|p1a: Diancie|Draining Kiss|p2a: Chimecho\n|-damage|p2a: Chimecho|192/290\n|-heal|p1a: Diancie|93/100|[from] drain|[of] p2a: Chimecho\n|\n|-heal|p2a: Chimecho|210/290|[from] item: Leftovers\n|-heal|p1a: Diancie|99/100|[from] item: Leftovers\n|upkeep\n|turn|24\n|inactive|Time left: 300 sec this turn | 300 sec total\n|\n|t:|1783547524\n|move|p2a: Chimecho|Stored Power|p1a: Diancie\n|-damage|p1a: Diancie|76/100\n|move|p1a: Diancie|Draining Kiss|p2a: Chimecho\n|-damage|p2a: Chimecho|165/290\n|-heal|p1a: Diancie|92/100|[from] drain|[of] p2a: Chimecho\n|\n|-heal|p2a: Chimecho|183/290|[from] item: Leftovers\n|-heal|p1a: Diancie|98/100|[from] item: Leftovers\n|upkeep\n|turn|25\n|inactive|Time left: 300 sec this turn | 300 sec total\n|\n|t:|1783547526\n|move|p2a: Chimecho|Stored Power|p1a: Diancie\n|-damage|p1a: Diancie|72/100\n|move|p1a: Diancie|Earth Power|p2a: Chimecho\n|-immune|p2a: Chimecho|[from] ability: Levitate\n|\n|-heal|p2a: Chimecho|201/290|[from] item: Leftovers\n|-heal|p1a: Diancie|78/100|[from] item: Leftovers\n|upkeep\n|turn|26\n|inactive|Time left: 300 sec this turn | 300 sec total\n|\n|t:|1783547527\n|move|p2a: Chimecho|Stored Power|p1a: Diancie\n|-damage|p1a: Diancie|56/100\n|move|p1a: Diancie|Diamond Storm|p2a: Chimecho\n|-damage|p2a: Chimecho|165/290\n|-boost|p1a: Diancie|def|2\n|\n|-heal|p2a: Chimecho|183/290|[from] item: Leftovers\n|-heal|p1a: Diancie|62/100|[from] item: Leftovers\n|upkeep\n|turn|27\n|inactive|Time left: 300 sec this turn | 300 sec total\n|\n|t:|1783547529\n|move|p2a: Chimecho|Stored Power|p1a: Diancie\n|-damage|p1a: Diancie|38/100\n|move|p1a: Diancie|Calm Mind|p1a: Diancie\n|-boost|p1a: Diancie|spa|1\n|-boost|p1a: Diancie|spd|1\n|\n|-heal|p2a: Chimecho|201/290|[from] item: Leftovers\n|-heal|p1a: Diancie|44/100|[from] item: Leftovers\n|upkeep\n|turn|28\n|inactive|Time left: 300 sec this turn | 300 sec total\n|\n|t:|1783547530\n|move|p2a: Chimecho|Stored Power|p1a: Diancie\n|-damage|p1a: Diancie|24/100\n|move|p1a: Diancie|Diamond Storm|p2a: Chimecho\n|-crit|p2a: Chimecho\n|-damage|p2a: Chimecho|47/290\n|\n|-heal|p2a: Chimecho|65/290|[from] item: Leftovers\n|-heal|p1a: Diancie|30/100|[from] item: Leftovers\n|upkeep\n|turn|29\n|inactive|Time left: 300 sec this turn | 300 sec total\n|\n|t:|1783547532\n|move|p2a: Chimecho|Stored Power|p1a: Diancie\n|-damage|p1a: Diancie|9/100\n|move|p1a: Diancie|Diamond Storm|p2a: Chimecho\n|-damage|p2a: Chimecho|32/290\n|\n|-heal|p2a: Chimecho|50/290|[from] item: Leftovers\n|-heal|p1a: Diancie|15/100|[from] item: Leftovers\n|upkeep\n|turn|30\n|inactive|Time left: 300 sec this turn | 300 sec total\n|\n|t:|1783547533\n|move|p2a: Chimecho|Stored Power|p1a: Diancie\n|-damage|p1a: Diancie|0 fnt\n|faint|p1a: Diancie\n|\n|-heal|p2a: Chimecho|68/290|[from] item: Leftovers\n|upkeep\n|\n|t:|1783547535\n|switch|p1a: Sylveon|Sylveon, L85, F|100/100\n|-damage|p1a: Sylveon|88/100|[from] Stealth Rock\n|turn|31\n|inactive|Time left: 300 sec this turn | 300 sec total\n|\n|t:|1783547536\n|move|p2a: Chimecho|Recover|p2a: Chimecho\n|-heal|p2a: Chimecho|213/290\n|move|p1a: Sylveon|Calm Mind|p1a: Sylveon\n|-boost|p1a: Sylveon|spa|1\n|-boost|p1a: Sylveon|spd|1\n|\n|-heal|p2a: Chimecho|231/290|[from] item: Leftovers\n|-heal|p1a: Sylveon|94/100|[from] item: Leftovers\n|upkeep\n|turn|32\n|inactive|Time left: 300 sec this turn | 300 sec total\n|\n|t:|1783547537\n|move|p2a: Chimecho|Dazzling Gleam|p1a: Sylveon\n|-damage|p1a: Sylveon|83/100\n|move|p1a: Sylveon|Calm Mind|p1a: Sylveon\n|-boost|p1a: Sylveon|spa|1\n|-boost|p1a: Sylveon|spd|1\n|\n|-heal|p2a: Chimecho|249/290|[from] item: Leftovers\n|-heal|p1a: Sylveon|89/100|[from] item: Leftovers\n|upkeep\n|turn|33\n|inactive|Time left: 300 sec this turn | 300 sec total\n|\n|t:|1783547539\n|move|p2a: Chimecho|Dazzling Gleam|p1a: Sylveon\n|-damage|p1a: Sylveon|81/100\n|move|p1a: Sylveon|Hyper Voice|p2a: Chimecho\n|-damage|p2a: Chimecho|174/290\n|\n|-heal|p2a: Chimecho|192/290|[from] item: Leftovers\n|-heal|p1a: Sylveon|87/100|[from] item: Leftovers\n|upkeep\n|turn|34\n|inactive|Time left: 300 sec this turn | 300 sec total\n|\n|t:|1783547540\n|move|p2a: Chimecho|Recover|p2a: Chimecho\n|-heal|p2a: Chimecho|290/290\n|move|p1a: Sylveon|Calm Mind|p1a: Sylveon\n|-boost|p1a: Sylveon|spa|1\n|-boost|p1a: Sylveon|spd|1\n|\n|-heal|p1a: Sylveon|93/100|[from] item: Leftovers\n|upkeep\n|turn|35\n|inactive|Time left: 300 sec this turn | 300 sec total\n|\n|t:|1783547541\n|move|p2a: Chimecho|Cosmic Power|p2a: Chimecho\n|-boost|p2a: Chimecho|def|1\n|-boost|p2a: Chimecho|spd|1\n|move|p1a: Sylveon|Hyper Voice|p2a: Chimecho\n|-damage|p2a: Chimecho|214/290\n|\n|-heal|p2a: Chimecho|232/290|[from] item: Leftovers\n|-heal|p1a: Sylveon|99/100|[from] item: Leftovers\n|upkeep\n|turn|36\n|inactive|Time left: 300 sec this turn | 300 sec total\n|\n|t:|1783547542\n|move|p2a: Chimecho|Recover|p2a: Chimecho\n|-heal|p2a: Chimecho|290/290\n|move|p1a: Sylveon|Hyper Voice|p2a: Chimecho\n|-damage|p2a: Chimecho|212/290\n|\n|-heal|p2a: Chimecho|230/290|[from] item: Leftovers\n|-heal|p1a: Sylveon|100/100|[from] item: Leftovers\n|upkeep\n|turn|37\n|inactive|Time left: 300 sec this turn | 300 sec total\n|\n|t:|1783547543\n|move|p2a: Chimecho|Cosmic Power|p2a: Chimecho\n|-boost|p2a: Chimecho|def|1\n|-boost|p2a: Chimecho|spd|1\n|move|p1a: Sylveon|Hyper Voice|p2a: Chimecho\n|-damage|p2a: Chimecho|155/290\n|\n|-heal|p2a: Chimecho|173/290|[from] item: Leftovers\n|upkeep\n|turn|38\n|inactive|Time left: 300 sec this turn | 300 sec total\n|\n|t:|1783547545\n|move|p2a: Chimecho|Stored Power|p1a: Sylveon\n|-damage|p1a: Sylveon|69/100\n|move|p1a: Sylveon|Hyper Voice|p2a: Chimecho\n|-damage|p2a: Chimecho|100/290\n|\n|-heal|p2a: Chimecho|118/290|[from] item: Leftovers\n|-heal|p1a: Sylveon|75/100|[from] item: Leftovers\n|upkeep\n|turn|39\n|inactive|Time left: 300 sec this turn | 300 sec total\n|\n|t:|1783547546\n|move|p2a: Chimecho|Recover|p2a: Chimecho\n|-heal|p2a: Chimecho|263/290\n|move|p1a: Sylveon|Hyper Voice|p2a: Chimecho\n|-damage|p2a: Chimecho|185/290\n|\n|-heal|p2a: Chimecho|203/290|[from] item: Leftovers\n|-heal|p1a: Sylveon|81/100|[from] item: Leftovers\n|upkeep\n|turn|40\n|inactive|Time left: 300 sec this turn | 300 sec total\n|\n|t:|1783547547\n|move|p2a: Chimecho|Dazzling Gleam|p1a: Sylveon\n|-damage|p1a: Sylveon|74/100\n|move|p1a: Sylveon|Hyper Voice|p2a: Chimecho\n|-damage|p2a: Chimecho|133/290\n|\n|-heal|p2a: Chimecho|151/290|[from] item: Leftovers\n|-heal|p1a: Sylveon|80/100|[from] item: Leftovers\n|upkeep\n|turn|41\n|inactive|Time left: 300 sec this turn | 300 sec total\n|\n|t:|1783547549\n|move|p2a: Chimecho|Dazzling Gleam|p1a: Sylveon\n|-damage|p1a: Sylveon|73/100\n|move|p1a: Sylveon|Hyper Voice|p2a: Chimecho\n|-damage|p2a: Chimecho|73/290\n|\n|-heal|p2a: Chimecho|91/290|[from] item: Leftovers\n|-heal|p1a: Sylveon|79/100|[from] item: Leftovers\n|upkeep\n|turn|42\n|inactive|Time left: 300 sec this turn | 300 sec total\n|\n|t:|1783547550\n|move|p2a: Chimecho|Cosmic Power|p2a: Chimecho\n|-boost|p2a: Chimecho|def|0\n|-boost|p2a: Chimecho|spd|0\n|move|p1a: Sylveon|Hyper Voice|p2a: Chimecho\n|-damage|p2a: Chimecho|24/290\n|\n|-heal|p2a: Chimecho|42/290|[from] item: Leftovers\n|-heal|p1a: Sylveon|85/100|[from] item: Leftovers\n|upkeep\n|turn|43\n|inactive|Time left: 300 sec this turn | 300 sec total\n|\n|t:|1783547552\n|move|p2a: Chimecho|Dazzling Gleam|p1a: Sylveon\n|-damage|p1a: Sylveon|78/100\n|move|p1a: Sylveon|Hyper Voice|p2a: Chimecho\n|-damage|p2a: Chimecho|0 fnt\n|faint|p2a: Chimecho\n|\n|-heal|p1a: Sylveon|84/100|[from] item: Leftovers\n|upkeep\n|inactive|Time left: 300 sec this turn | 300 sec total | 5 sec grace\n|\n|t:|1783547553\n|switch|p2a: Perrserker|Perrserker, L89, M|269/269\n|turn|44\n|inactive|Time left: 300 sec this turn | 300 sec total\n|\n|t:|1783547554\n|move|p1a: Sylveon|Protect|p1a: Sylveon\n|-singleturn|p1a: Sylveon|Protect\n|move|p2a: Perrserker|Iron Head|p1a: Sylveon\n|-activate|p1a: Sylveon|move: Protect\n|\n|-heal|p1a: Sylveon|90/100|[from] item: Leftovers\n|upkeep\n|turn|45\n|inactive|Time left: 300 sec this turn | 300 sec total\n|\n|t:|1783547555\n|move|p1a: Sylveon|Hyper Voice|p2a: Perrserker\n|-resisted|p2a: Perrserker\n|-crit|p2a: Perrserker\n|-damage|p2a: Perrserker|0 fnt\n|faint|p2a: Perrserker\n|\n|-heal|p1a: Sylveon|96/100|[from] item: Leftovers\n|upkeep\n|inactive|Time left: 300 sec this turn | 300 sec total | 5 sec grace\n|\n|t:|1783547556\n|switch|p2a: Mudsdale|Mudsdale, L83, F|56/302\n|turn|46\n|inactive|Time left: 300 sec this turn | 300 sec total\n|\n|t:|1783547557\n|move|p1a: Sylveon|Hyper Voice|p2a: Mudsdale\n|-damage|p2a: Mudsdale|0 fnt\n|faint|p2a: Mudsdale\n|\n|-heal|p1a: Sylveon|100/100|[from] item: Leftovers\n|upkeep\n|inactive|Time left: 300 sec this turn | 300 sec total | 5 sec grace\n|\n|t:|1783547558\n|switch|p2a: Uxie|Uxie, L83|260/260\n|turn|47\n|inactive|Time left: 300 sec this turn | 300 sec total\n|\n|t:|1783547559\n|move|p2a: Uxie|Yawn|p1a: Sylveon\n|-start|p1a: Sylveon|move: Yawn|[of] p2a: Uxie\n|move|p1a: Sylveon|Hyper Voice|p2a: Uxie\n|-damage|p2a: Uxie|16/260\n|\n|-heal|p2a: Uxie|32/260|[from] item: Leftovers\n|upkeep\n|turn|48\n|inactive|Time left: 300 sec this turn | 300 sec total\n|\n|t:|1783547560\n|move|p2a: Uxie|Knock Off|p1a: Sylveon\n|-resisted|p1a: Sylveon\n|-damage|p1a: Sylveon|90/100\n|-enditem|p1a: Sylveon|Leftovers|[from] move: Knock Off|[of] p2a: Uxie\n|move|p1a: Sylveon|Hyper Voice|p2a: Uxie\n|-damage|p2a: Uxie|0 fnt\n|faint|p2a: Uxie\n|\n|-end|p1a: Sylveon|move: Yawn|[silent]\n|-status|p1a: Sylveon|slp\n|upkeep\n|inactive|Time left: 300 sec this turn | 300 sec total | 5 sec grace\n|\n|t:|1783547560\n|switch|p2a: Plusle|Plusle, L95, M|268/268\n|turn|49\n|inactive|Time left: 300 sec this turn | 300 sec total\n|\n|t:|1783547561\n|cant|p1a: Sylveon|slp\n|move|p2a: Plusle|Encore|p1a: Sylveon\n|-start|p1a: Sylveon|Encore\n|\n|upkeep\n|turn|50\n|inactive|Time left: 300 sec this turn | 300 sec total\n|\n|t:|1783547562\n|move|p2a: Plusle|Thunderbolt|p1a: Sylveon\n|-damage|p1a: Sylveon|75/100 slp\n|-damage|p2a: Plusle|242/268|[from] item: Life Orb\n|-curestatus|p1a: Sylveon|slp|[msg]\n|move|p1a: Sylveon|Hyper Voice|p2a: Plusle\n|-damage|p2a: Plusle|0 fnt\n|faint|p2a: Plusle\n|\n|upkeep\n|inactive|Time left: 300 sec this turn | 300 sec total | 5 sec grace\n|\n|t:|1783547563\n|switch|p2a: Illumise|Illumise, L91, F|266/266\n|turn|51\n|inactive|Time left: 300 sec this turn | 300 sec total\n|\n|t:|1783547563\n|move|p2a: Illumise|Thunder Wave|p1a: Sylveon\n|-status|p1a: Sylveon|par\n|cant|p1a: Sylveon|par\n|\n|upkeep\n|turn|52\n|inactive|Time left: 300 sec this turn | 300 sec total\n|\n|t:|1783547564\n|move|p2a: Illumise|Thunder Wave|p1a: Sylveon\n|-fail|p1a: Sylveon|par\n|move|p1a: Sylveon|Hyper Voice|p2a: Illumise\n|-damage|p2a: Illumise|0 fnt\n|faint|p2a: Illumise\n|\n|win|p0x72264ab", "uploadtime": 1783547564, "views": 0, "rating": 0, "private": 0, "password": null, "_winner": "p0x72264ab", "_our_name": "p0y722e649"}