{"id": "battle-gen9randombattle-17", "formatid": "gen9randombattle", "format": "[Gen 9] Random Battle", "players": ["p0x0177469", "p0y017ecf4"], "log": "|init|battle\n|title|p0x0177469 vs. p0y017ecf4\n|j|\u2606p0x0177469\n|j|\u2606p0y017ecf4\n|t:|1783533446\n|gametype|singles\n|player|p1|p0x0177469|169|\n|player|p2|p0y017ecf4|2|\n|gen|9\n|tier|[Gen 9] Random Battle\n|rule|Species Clause: Limit one of each Pok\u00e9mon\n|rule|HP Percentage Mod: HP is shown in percentages\n|rule|Sleep Clause Mod: Limit one foe put to sleep\n|rule|Illusion Level Mod: Illusion disguises the Pok\u00e9mon's true level\n|\n|t:|1783533446\n|teamsize|p1|6\n|teamsize|p2|6\n|start\n|switch|p1a: Wyrdeer|Wyrdeer, L87, F|100/100\n|switch|p2a: Swanna|Swanna, L89, M|278/278\n|-ability|p1a: Wyrdeer|Intimidate|boost\n|-unboost|p2a: Swanna|atk|1\n|turn|1\n|inactive|Battle timer is ON: inactive players will automatically lose when time's up. (requested by p0x0177469)\n|inactive|Time left: 300 sec this turn | 300 sec total | 60 sec grace\n|inactive|p0y017ecf4 also wants the timer to be on.\n|\n|t:|1783533448\n|switch|p2a: Rhyperior|Rhyperior, L82, M|323/323\n|move|p1a: Wyrdeer|Body Slam|p2a: Rhyperior\n|-resisted|p2a: Rhyperior\n|-damage|p2a: Rhyperior|287/323\n|\n|upkeep\n|turn|2\n|inactive|Time left: 300 sec this turn | 300 sec total\n|\n|t:|1783533450\n|switch|p1a: Eelektross|Eelektross, L87, M|100/100\n|move|p2a: Rhyperior|Earthquake|p1a: Eelektross\n|-immune|p1a: Eelektross|[from] ability: Levitate\n|\n|upkeep\n|turn|3\n|inactive|Time left: 300 sec this turn | 300 sec total\n|\n|t:|1783533451\n|move|p1a: Eelektross|Coil|p1a: Eelektross\n|-boost|p1a: Eelektross|atk|1\n|-boost|p1a: Eelektross|def|1\n|-boost|p1a: Eelektross|accuracy|1\n|move|p2a: Rhyperior|Earthquake|p1a: Eelektross\n|-immune|p1a: Eelektross|[from] ability: Levitate\n|\n|upkeep\n|turn|4\n|inactive|Time left: 300 sec this turn | 300 sec total\n|\n|t:|1783533452\n|move|p1a: Eelektross|Coil|p1a: Eelektross\n|-boost|p1a: Eelektross|atk|1\n|-boost|p1a: Eelektross|def|1\n|-boost|p1a: Eelektross|accuracy|1\n|move|p2a: Rhyperior|Earthquake|p1a: Eelektross\n|-immune|p1a: Eelektross|[from] ability: Levitate\n|\n|upkeep\n|turn|5\n|inactive|Time left: 300 sec this turn | 300 sec total\n|\n|t:|1783533453\n|move|p1a: Eelektross|Drain Punch|p2a: Rhyperior\n|-supereffective|p2a: Rhyperior\n|-damage|p2a: Rhyperior|130/323\n|move|p2a: Rhyperior|Earthquake|p1a: Eelektross\n|-immune|p1a: Eelektross|[from] ability: Levitate\n|\n|upkeep\n|turn|6\n|inactive|Time left: 300 sec this turn | 300 sec total\n|\n|t:|1783533454\n|move|p1a: Eelektross|Drain Punch|p2a: Rhyperior\n|-supereffective|p2a: Rhyperior\n|-crit|p2a: Rhyperior\n|-damage|p2a: Rhyperior|0 fnt\n|faint|p2a: Rhyperior\n|\n|upkeep\n|inactive|Time left: 300 sec this turn | 300 sec total | 5 sec grace\n|\n|t:|1783533455\n|switch|p2a: Chandelure|Chandelure, L83, F|235/235\n|turn|7\n|inactive|Time left: 300 sec this turn | 300 sec total\n|\n|t:|1783533456\n|-terastallize|p2a: Chandelure|Grass\n|move|p2a: Chandelure|Fire Blast|p1a: Eelektross\n|-damage|p1a: Eelektross|44/100\n|move|p1a: Eelektross|Supercell Slam|p2a: Chandelure\n|-resisted|p2a: Chandelure\n|-damage|p2a: Chandelure|118/235\n|\n|-heal|p1a: Eelektross|50/100|[from] item: Leftovers\n|upkeep\n|turn|8\n|inactive|Time left: 300 sec this turn | 300 sec total\n|\n|t:|1783533458\n|move|p2a: Chandelure|Fire Blast|p1a: Eelektross\n|-damage|p1a: Eelektross|0 fnt\n|faint|p1a: Eelektross\n|\n|upkeep\n|\n|t:|1783533459\n|switch|p1a: Hitmonlee|Hitmonlee, L85, M|100/100\n|turn|9\n|inactive|Time left: 300 sec this turn | 300 sec total\n|\n|t:|1783533460\n|switch|p2a: Swanna|Swanna, L89, M|278/278\n|move|p1a: Hitmonlee|Knock Off|p2a: Swanna\n|-damage|p2a: Swanna|123/278\n|-enditem|p2a: Swanna|Heavy-Duty Boots|[from] move: Knock Off|[of] p1a: Hitmonlee\n|\n|upkeep\n|turn|10\n|inactive|Time left: 300 sec this turn | 300 sec total\n|\n|t:|1783533461\n|switch|p1a: Wyrdeer|Wyrdeer, L87, F|100/100\n|-ability|p1a: Wyrdeer|Intimidate|boost\n|-unboost|p2a: Swanna|atk|1\n|move|p2a: Swanna|Brave Bird|p1a: Wyrdeer\n|-damage|p1a: Wyrdeer|71/100\n|-damage|p2a: Swanna|92/278|[from] Recoil\n|\n|upkeep\n|turn|11\n|inactive|Time left: 300 sec this turn | 300 sec total\n|\n|t:|1783533462\n|move|p2a: Swanna|Roost|p2a: Swanna\n|-heal|p2a: Swanna|231/278\n|-singleturn|p2a: Swanna|move: Roost\n|move|p1a: Wyrdeer|Body Slam|p2a: Swanna\n|-damage|p2a: Swanna|117/278\n|-status|p2a: Swanna|par\n|\n|upkeep\n|turn|12\n|inactive|Time left: 300 sec this turn | 300 sec total\n|\n|t:|1783533463\n|switch|p2a: Polteageist|Polteageist-Antique, L78|222/222\n|move|p1a: Wyrdeer|Body Slam|p2a: Polteageist\n|-immune|p2a: Polteageist\n|\n|upkeep\n|turn|13\n|inactive|Time left: 300 sec this turn | 300 sec total\n|\n|t:|1783533465\n|move|p1a: Wyrdeer|Psychic Noise|p2a: Polteageist\n|-damage|p2a: Polteageist|140/222\n|-start|p2a: Polteageist|move: Heal Block\n|move|p2a: Polteageist|Shell Smash|p2a: Polteageist\n|-unboost|p2a: Polteageist|def|1\n|-unboost|p2a: Polteageist|spd|1\n|-boost|p2a: Polteageist|atk|2\n|-boost|p2a: Polteageist|spa|2\n|-boost|p2a: Polteageist|spe|2\n|-enditem|p2a: Polteageist|White Herb\n|-clearnegativeboost|p2a: Polteageist|[silent]\n|\n|upkeep\n|turn|14\n|inactive|Time left: 300 sec this turn | 300 sec total\n|\n|t:|1783533466\n|move|p2a: Polteageist|Stored Power|p1a: Wyrdeer\n|-resisted|p1a: Wyrdeer\n|-damage|p1a: Wyrdeer|47/100\n|move|p1a: Wyrdeer|Earthquake|p2a: Polteageist\n|-damage|p2a: Polteageist|41/222\n|\n|-end|p2a: Polteageist|move: Heal Block\n|upkeep\n|turn|15\n|inactive|Time left: 300 sec this turn | 300 sec total\n|\n|t:|1783533467\n|move|p2a: Polteageist|Strength Sap|p1a: Wyrdeer\n|-unboost|p1a: Wyrdeer|atk|1\n|-heal|p2a: Polteageist|222/222\n|move|p1a: Wyrdeer|Psychic Noise|p2a: Polteageist\n|-damage|p2a: Polteageist|146/222\n|-start|p2a: Polteageist|move: Heal Block\n|\n|upkeep\n|turn|16\n|inactive|Time left: 300 sec this turn | 300 sec total\n|\n|t:|1783533468\n|move|p2a: Polteageist|Stored Power|p1a: Wyrdeer\n|-resisted|p1a: Wyrdeer\n|-damage|p1a: Wyrdeer|20/100\n|move|p1a: Wyrdeer|Psychic Noise|p2a: Polteageist\n|-damage|p2a: Polteageist|68/222\n|\n|-end|p2a: Polteageist|move: Heal Block\n|upkeep\n|turn|17\n|inactive|Time left: 300 sec this turn | 300 sec total\n|\n|t:|1783533469\n|switch|p1a: Sawsbuck|Sawsbuck, L88, F|100/100\n|move|p2a: Polteageist|Strength Sap|p1a: Sawsbuck\n|-ability|p1a: Sawsbuck|Sap Sipper|boost\n|-boost|p1a: Sawsbuck|atk|1\n|\n|upkeep\n|turn|18\n|inactive|Time left: 300 sec this turn | 300 sec total\n|\n|t:|1783533470\n|move|p2a: Polteageist|Stored Power|p1a: Sawsbuck\n|-damage|p1a: Sawsbuck|19/100\n|move|p1a: Sawsbuck|Horn Leech|p2a: Polteageist\n|-damage|p2a: Polteageist|0 fnt\n|-heal|p1a: Sawsbuck|31/100|[from] drain|[of] p2a: Polteageist\n|-start|p1a: Sawsbuck|Disable|Horn Leech|[from] ability: Cursed Body|[of] p2a: Polteageist\n|faint|p2a: Polteageist\n|-damage|p1a: Sawsbuck|21/100|[from] item: Life Orb\n|\n|upkeep\n|inactive|Time left: 300 sec this turn | 300 sec total | 5 sec grace\n|\n|t:|1783533471\n|switch|p2a: Chandelure|Chandelure, L83, F, tera:Grass|118/235\n|turn|19\n|inactive|Time left: 300 sec this turn | 300 sec total\n|\n|t:|1783533472\n|move|p1a: Sawsbuck|Double-Edge|p2a: Chandelure\n|-damage|p2a: Chandelure|0 fnt\n|faint|p2a: Chandelure\n|-damage|p1a: Sawsbuck|7/100|[from] Recoil\n|-damage|p1a: Sawsbuck|0 fnt|[from] item: Life Orb\n|faint|p1a: Sawsbuck\n|\n|upkeep\n|inactive|Time left: 300 sec this turn | 300 sec total | 5 sec grace\n|\n|t:|1783533473\n|switch|p1a: Hitmonlee|Hitmonlee, L85, M|100/100\n|switch|p2a: Swanna|Swanna, L89, M|117/278 par\n|turn|20\n|inactive|Time left: 300 sec this turn | 300 sec total\n|\n|t:|1783533474\n|move|p1a: Hitmonlee|High Jump Kick|p2a: Swanna\n|-resisted|p2a: Swanna\n|-damage|p2a: Swanna|0 fnt\n|faint|p2a: Swanna\n|\n|upkeep\n|inactive|Time left: 300 sec this turn | 300 sec total | 5 sec grace\n|\n|t:|1783533475\n|switch|p2a: Klawf|Klawf, L90, M|272/272\n|turn|21\n|inactive|Time left: 300 sec this turn | 300 sec total\n|\n|t:|1783533476\n|move|p1a: Hitmonlee|High Jump Kick|p2a: Klawf\n|-supereffective|p2a: Klawf\n|-damage|p2a: Klawf|0 fnt\n|faint|p2a: Klawf\n|\n|upkeep\n|inactive|Time left: 300 sec this turn | 300 sec total | 5 sec grace\n|\n|t:|1783533477\n|switch|p2a: Frosmoth|Frosmoth, L82, F|249/249\n|turn|22\n|inactive|Time left: 300 sec this turn | 300 sec total\n|\n|t:|1783533478\n|-terastallize|p1a: Hitmonlee|Fighting\n|move|p1a: Hitmonlee|High Jump Kick|p2a: Frosmoth\n|-crit|p2a: Frosmoth\n|-damage|p2a: Frosmoth|0 fnt\n|faint|p2a: Frosmoth\n|\n|win|p0x0177469", "uploadtime": 1783533478, "views": 0, "rating": 0, "private": 0, "password": null, "_winner": "p0x0177469", "_our_name": "p0y017ecf4"}