{"id": "battle-gen9randombattle-301", "formatid": "gen9randombattle", "format": "[Gen 9] Random Battle", "players": ["p0x301b18d", "p0y3010fac"], "log": "|init|battle\n|title|p0x301b18d vs. p0y3010fac\n|j|\u2606p0x301b18d\n|j|\u2606p0y3010fac\n|t:|1783543079\n|gametype|singles\n|player|p1|p0x301b18d|170|\n|player|p2|p0y3010fac|266|\n|gen|9\n|tier|[Gen 9] Random Battle\n|rule|Species Clause: Limit one of each Pok\u00e9mon\n|rule|HP Percentage Mod: HP is shown in percentages\n|rule|Sleep Clause Mod: Limit one foe put to sleep\n|rule|Illusion Level Mod: Illusion disguises the Pok\u00e9mon's true level\n|\n|t:|1783543079\n|teamsize|p1|6\n|teamsize|p2|6\n|start\n|switch|p1a: Vileplume|Vileplume, L85, M|266/266\n|switch|p2a: Yanmega|Yanmega, L82, M|100/100\n|turn|1\n|inactive|Battle timer is ON: inactive players will automatically lose when time's up. (requested by p0y3010fac)\n|inactive|Time left: 300 sec this turn | 300 sec total | 60 sec grace\n|inactive|p0x301b18d also wants the timer to be on.\n|\n|t:|1783543081\n|move|p2a: Yanmega|Air Slash|p1a: Vileplume\n|-supereffective|p1a: Vileplume\n|-damage|p1a: Vileplume|14/266\n|cant|p1a: Vileplume|flinch\n|\n|-heal|p1a: Vileplume|30/266|[from] item: Leftovers\n|upkeep\n|turn|2\n|inactive|Time left: 300 sec this turn | 300 sec total\n|\n|t:|1783543083\n|switch|p1a: Munkidori|Munkidori, L79, M|269/269\n|move|p2a: Yanmega|Air Slash|p1a: Munkidori\n|-damage|p1a: Munkidori|179/269\n|\n|upkeep\n|turn|3\n|inactive|Time left: 300 sec this turn | 300 sec total\n|\n|t:|1783543084\n|move|p1a: Munkidori|Psychic Noise|p2a: Yanmega\n|-damage|p2a: Yanmega|55/100\n|-start|p2a: Yanmega|move: Heal Block\n|move|p2a: Yanmega|Air Slash|p1a: Munkidori\n|-damage|p1a: Munkidori|83/269\n|\n|upkeep\n|turn|4\n|inactive|Time left: 300 sec this turn | 300 sec total\n|\n|t:|1783543085\n|move|p1a: Munkidori|Sludge Wave|p2a: Yanmega\n|-damage|p2a: Yanmega|0 fnt\n|faint|p2a: Yanmega\n|\n|upkeep\n|\n|t:|1783543086\n|switch|p2a: Furret|Furret, L94, M|100/100\n|-item|p1a: Munkidori|Assault Vest|[from] ability: Frisk|[of] p2a: Furret\n|turn|5\n|inactive|Time left: 300 sec this turn | 300 sec total\n|\n|t:|1783543088\n|switch|p1a: Gurdurr|Gurdurr, L85, F|283/283\n|move|p2a: Furret|Double-Edge|p1a: Gurdurr\n|-damage|p1a: Gurdurr|156/283\n|-damage|p2a: Furret|87/100|[from] Recoil\n|\n|upkeep\n|turn|6\n|inactive|Time left: 300 sec this turn | 300 sec total\n|\n|t:|1783543089\n|switch|p2a: Gardevoir|Gardevoir, L83, M|100/100\n|-ability|p2a: Gardevoir|Guts|Trace|[from] ability: Trace|[of] p1a: Gurdurr\n|move|p1a: Gurdurr|Drain Punch|p2a: Gardevoir\n|-resisted|p2a: Gardevoir\n|-damage|p2a: Gardevoir|89/100\n|-heal|p1a: Gurdurr|170/283|[from] drain|[of] p2a: Gardevoir\n|\n|upkeep\n|turn|7\n|inactive|Time left: 300 sec this turn | 300 sec total\n|\n|t:|1783543090\n|switch|p1a: Munkidori|Munkidori, L79, M|83/269\n|move|p2a: Gardevoir|Moonblast|p1a: Munkidori\n|-resisted|p1a: Munkidori\n|-damage|p1a: Munkidori|41/269\n|-unboost|p1a: Munkidori|spa|1\n|\n|upkeep\n|turn|8\n|inactive|Time left: 300 sec this turn | 300 sec total\n|\n|t:|1783543092\n|move|p1a: Munkidori|Fake Out|p2a: Gardevoir\n|-damage|p2a: Gardevoir|78/100\n|cant|p2a: Gardevoir|flinch\n|\n|upkeep\n|turn|9\n|inactive|Time left: 300 sec this turn | 300 sec total\n|\n|t:|1783543093\n|move|p2a: Gardevoir|Moonblast|p1a: Munkidori\n|-resisted|p1a: Munkidori\n|-crit|p1a: Munkidori\n|-damage|p1a: Munkidori|0 fnt\n|faint|p1a: Munkidori\n|\n|upkeep\n|inactive|Time left: 300 sec this turn | 300 sec total | 5 sec grace\n|\n|t:|1783543094\n|switch|p1a: Maushold|Maushold, L76|238/238\n|turn|10\n|inactive|Time left: 300 sec this turn | 300 sec total\n|\n|t:|1783543095\n|move|p2a: Gardevoir|Moonblast|p1a: Maushold\n|-damage|p1a: Maushold|75/238\n|move|p1a: Maushold|Population Bomb|p2a: Gardevoir\n|-crit|p2a: Gardevoir\n|-damage|p2a: Gardevoir|62/100\n|-damage|p2a: Gardevoir|52/100\n|-damage|p2a: Gardevoir|40/100\n|-damage|p2a: Gardevoir|29/100\n|-damage|p2a: Gardevoir|19/100\n|-damage|p2a: Gardevoir|8/100\n|-damage|p2a: Gardevoir|0 fnt\n|faint|p2a: Gardevoir\n|-hitcount|p2: Gardevoir|7\n|\n|upkeep\n|\n|t:|1783543096\n|switch|p2a: Furret|Furret, L94, M|87/100\n|-item|p1a: Maushold|Wide Lens|[from] ability: Frisk|[of] p2a: Furret\n|turn|11\n|inactive|Time left: 300 sec this turn | 300 sec total\n|\n|t:|1783543097\n|switch|p1a: Gurdurr|Gurdurr, L85, F|170/283\n|move|p2a: Furret|Double-Edge|p1a: Gurdurr\n|-damage|p1a: Gurdurr|38/283\n|-damage|p2a: Furret|73/100|[from] Recoil\n|\n|upkeep\n|turn|12\n|inactive|Time left: 300 sec this turn | 300 sec total\n|\n|t:|1783543098\n|move|p1a: Gurdurr|Mach Punch|p2a: Furret\n|-supereffective|p2a: Furret\n|-damage|p2a: Furret|36/100\n|move|p2a: Furret|Double-Edge|p1a: Gurdurr\n|-damage|p1a: Gurdurr|0 fnt\n|faint|p1a: Gurdurr\n|-damage|p2a: Furret|32/100|[from] Recoil\n|\n|upkeep\n|inactive|Time left: 300 sec this turn | 300 sec total | 5 sec grace\n|\n|t:|1783543099\n|switch|p1a: Sandaconda|Sandaconda, L84, M|258/258\n|turn|13\n|inactive|Time left: 300 sec this turn | 300 sec total\n|\n|t:|1783543100\n|move|p2a: Furret|Double-Edge|p1a: Sandaconda\n|-damage|p1a: Sandaconda|120/258\n|-damage|p2a: Furret|17/100|[from] Recoil\n|move|p1a: Sandaconda|Coil|p1a: Sandaconda\n|-boost|p1a: Sandaconda|atk|1\n|-boost|p1a: Sandaconda|def|1\n|-boost|p1a: Sandaconda|accuracy|1\n|\n|-heal|p1a: Sandaconda|136/258|[from] item: Leftovers\n|upkeep\n|turn|14\n|inactive|Time left: 300 sec this turn | 300 sec total\n|\n|t:|1783543101\n|move|p2a: Furret|Double-Edge|p1a: Sandaconda\n|-damage|p1a: Sandaconda|28/258\n|-damage|p2a: Furret|6/100|[from] Recoil\n|move|p1a: Sandaconda|Earthquake|p2a: Furret\n|-damage|p2a: Furret|0 fnt\n|faint|p2a: Furret\n|\n|-heal|p1a: Sandaconda|44/258|[from] item: Leftovers\n|upkeep\n|\n|t:|1783543102\n|switch|p2a: Milotic|Milotic, L83, F|100/100\n|turn|15\n|inactive|Time left: 300 sec this turn | 300 sec total\n|\n|t:|1783543103\n|switch|p1a: Vileplume|Vileplume, L85, M|30/266\n|move|p2a: Milotic|Scald|p1a: Vileplume\n|-resisted|p1a: Vileplume\n|-damage|p1a: Vileplume|0 fnt\n|faint|p1a: Vileplume\n|\n|upkeep\n|inactive|Time left: 300 sec this turn | 300 sec total | 5 sec grace\n|\n|t:|1783543104\n|switch|p1a: Persian|Persian-Alola, L86, M|252/252\n|turn|16\n|inactive|Time left: 300 sec this turn | 300 sec total\n|\n|t:|1783543105\n|move|p1a: Persian|Nasty Plot|p1a: Persian\n|-boost|p1a: Persian|spa|2\n|move|p2a: Milotic|Scald|p1a: Persian\n|-crit|p1a: Persian\n|-damage|p1a: Persian|92/252\n|-status|p1a: Persian|brn\n|\n|-damage|p1a: Persian|77/252 brn|[from] brn\n|upkeep\n|turn|17\n|inactive|Time left: 300 sec this turn | 300 sec total\n|\n|t:|1783543106\n|move|p1a: Persian|Dark Pulse|p2a: Milotic\n|-damage|p2a: Milotic|52/100\n|-damage|p1a: Persian|52/252 brn|[from] item: Life Orb\n|move|p2a: Milotic|Scald|p1a: Persian\n|-damage|p1a: Persian|0 fnt\n|faint|p1a: Persian\n|\n|-heal|p2a: Milotic|58/100|[from] item: Leftovers\n|upkeep\n|inactive|Time left: 300 sec this turn | 300 sec total | 5 sec grace\n|\n|t:|1783543107\n|switch|p1a: Maushold|Maushold, L76|75/238\n|turn|18\n|inactive|Time left: 300 sec this turn | 300 sec total\n|\n|t:|1783543108\n|switch|p2a: Dialga|Dialga, L73|100/100\n|-ability|p2a: Dialga|Pressure\n|move|p1a: Maushold|Population Bomb|p2a: Dialga\n|-resisted|p2a: Dialga\n|-damage|p2a: Dialga|97/100\n|-resisted|p2a: Dialga\n|-damage|p2a: Dialga|93/100\n|-resisted|p2a: Dialga\n|-damage|p2a: Dialga|90/100\n|-resisted|p2a: Dialga\n|-damage|p2a: Dialga|85/100\n|-resisted|p2a: Dialga\n|-damage|p2a: Dialga|82/100\n|-resisted|p2a: Dialga\n|-damage|p2a: Dialga|79/100\n|-resisted|p2a: Dialga\n|-damage|p2a: Dialga|75/100\n|-resisted|p2a: Dialga\n|-damage|p2a: Dialga|72/100\n|-resisted|p2a: Dialga\n|-damage|p2a: Dialga|69/100\n|-resisted|p2a: Dialga\n|-damage|p2a: Dialga|64/100\n|-hitcount|p2a: Dialga|10\n|\n|-heal|p2a: Dialga|70/100|[from] item: Leftovers\n|upkeep\n|turn|19\n|inactive|Time left: 300 sec this turn | 300 sec total\n|\n|t:|1783543109\n|move|p1a: Maushold|Bite|p2a: Dialga\n|-damage|p2a: Dialga|56/100\n|move|p2a: Dialga|Heavy Slam|p1a: Maushold\n|-damage|p1a: Maushold|0 fnt\n|faint|p1a: Maushold\n|\n|-heal|p2a: Dialga|62/100|[from] item: Leftovers\n|upkeep\n|inactive|Time left: 300 sec this turn | 300 sec total | 5 sec grace\n|\n|t:|1783543110\n|switch|p1a: Sandaconda|Sandaconda, L84, M|44/258\n|turn|20\n|inactive|Time left: 300 sec this turn | 300 sec total\n|\n|t:|1783543110\n|-terastallize|p2a: Dialga|Dragon\n|-terastallize|p1a: Sandaconda|Steel\n|move|p2a: Dialga|Heavy Slam|p1a: Sandaconda\n|-resisted|p1a: Sandaconda\n|-damage|p1a: Sandaconda|0 fnt\n|faint|p1a: Sandaconda\n|\n|win|p0y3010fac", "uploadtime": 1783543110, "views": 0, "rating": 0, "private": 0, "password": null, "_winner": "p0y3010fac", "_our_name": "p0x301b18d"}