{"id": "battle-gen9randombattle-49", "formatid": "gen9randombattle", "format": "[Gen 9] Random Battle", "players": ["p0x0491eda", "p0y049b2ce"], "log": "|init|battle\n|title|p0x0491eda vs. p0y049b2ce\n|j|\u2606p0x0491eda\n|j|\u2606p0y049b2ce\n|t:|1783539751\n|gametype|singles\n|player|p1|p0x0491eda|265|\n|player|p2|p0y049b2ce|2|\n|gen|9\n|tier|[Gen 9] Random Battle\n|rule|Species Clause: Limit one of each Pok\u00e9mon\n|rule|HP Percentage Mod: HP is shown in percentages\n|rule|Sleep Clause Mod: Limit one foe put to sleep\n|rule|Illusion Level Mod: Illusion disguises the Pok\u00e9mon's true level\n|\n|t:|1783539751\n|teamsize|p1|6\n|teamsize|p2|6\n|start\n|switch|p1a: Rhydon|Rhydon, L85, M|317/317\n|switch|p2a: Ursaluna|Ursaluna, L79, M|100/100\n|turn|1\n|inactive|Battle timer is ON: inactive players will automatically lose when time's up. (requested by p0y049b2ce)\n|inactive|Time left: 300 sec this turn | 300 sec total | 60 sec grace\n|inactive|p0x0491eda also wants the timer to be on.\n|\n|t:|1783539753\n|move|p2a: Ursaluna|Trailblaze|p1a: Rhydon\n|-supereffective|p1a: Rhydon\n|-damage|p1a: Rhydon|233/317\n|-boost|p2a: Ursaluna|spe|1\n|move|p1a: Rhydon|Stealth Rock|p2a: Ursaluna\n|-sidestart|p2: p0y049b2ce|move: Stealth Rock\n|\n|-status|p2a: Ursaluna|brn|[from] item: Flame Orb\n|upkeep\n|turn|2\n|inactive|Time left: 300 sec this turn | 300 sec total\n|\n|t:|1783539754\n|switch|p1a: Hydrapple|Hydrapple, L83, F|312/312\n|move|p2a: Ursaluna|Headlong Rush|p1a: Hydrapple\n|-resisted|p1a: Hydrapple\n|-damage|p1a: Hydrapple|216/312\n|-unboost|p2a: Ursaluna|def|1\n|-unboost|p2a: Ursaluna|spd|1\n|\n|-damage|p2a: Ursaluna|95/100 brn|[from] brn\n|upkeep\n|turn|3\n|inactive|Time left: 300 sec this turn | 300 sec total\n|\n|t:|1783539755\n|move|p2a: Ursaluna|Facade|p1a: Hydrapple\n|-damage|p1a: Hydrapple|0 fnt\n|faint|p1a: Hydrapple\n|\n|-damage|p2a: Ursaluna|89/100 brn|[from] brn\n|upkeep\n|inactive|Time left: 300 sec this turn | 300 sec total | 5 sec grace\n|\n|t:|1783539756\n|switch|p1a: Flutter Mane|Flutter Mane, L74|203/203\n|turn|4\n|inactive|Time left: 300 sec this turn | 300 sec total\n|\n|t:|1783539757\n|-terastallize|p1a: Flutter Mane|Fairy\n|move|p1a: Flutter Mane|Moonblast|p2a: Ursaluna\n|-damage|p2a: Ursaluna|0 fnt\n|faint|p2a: Ursaluna\n|\n|upkeep\n|\n|t:|1783539759\n|switch|p2a: Charizard|Charizard, L85, M|100/100\n|turn|5\n|inactive|Time left: 300 sec this turn | 300 sec total\n|\n|t:|1783539760\n|move|p1a: Flutter Mane|Moonblast|p2a: Charizard\n|-resisted|p2a: Charizard\n|-damage|p2a: Charizard|63/100\n|-unboost|p2a: Charizard|spa|1\n|move|p2a: Charizard|Dragon Dance|p2a: Charizard\n|-boost|p2a: Charizard|atk|1\n|-boost|p2a: Charizard|spe|1\n|\n|upkeep\n|turn|6\n|inactive|Time left: 300 sec this turn | 300 sec total\n|\n|t:|1783539761\n|-end|p1a: Flutter Mane|Protosynthesis|[silent]\n|switch|p1a: Rhydon|Rhydon, L85, M|233/317\n|move|p2a: Charizard|Flare Blitz|p1a: Rhydon\n|-resisted|p1a: Rhydon\n|-crit|p1a: Rhydon\n|-damage|p1a: Rhydon|161/317\n|-damage|p2a: Charizard|54/100|[from] Recoil\n|\n|upkeep\n|turn|7\n|inactive|Time left: 300 sec this turn | 300 sec total\n|\n|t:|1783539762\n|move|p2a: Charizard|Earthquake|p1a: Rhydon\n|-supereffective|p1a: Rhydon\n|-damage|p1a: Rhydon|55/317\n|move|p1a: Rhydon|Stone Edge|p2a: Charizard\n|-supereffective|p2a: Charizard\n|-damage|p2a: Charizard|0 fnt\n|faint|p2a: Charizard\n|\n|upkeep\n|\n|t:|1783539763\n|switch|p2a: Veluza|Veluza, L85, F|100/100\n|-damage|p2a: Veluza|88/100|[from] Stealth Rock\n|turn|8\n|inactive|Time left: 300 sec this turn | 300 sec total\n|\n|t:|1783539764\n|move|p2a: Veluza|Aqua Cutter|p1a: Rhydon\n|-supereffective|p1a: Rhydon\n|-damage|p1a: Rhydon|0 fnt\n|faint|p1a: Rhydon\n|\n|upkeep\n|inactive|Time left: 300 sec this turn | 300 sec total | 5 sec grace\n|\n|t:|1783539765\n|switch|p1a: Flutter Mane|Flutter Mane, L74, tera:Fairy|203/203\n|turn|9\n|inactive|Time left: 300 sec this turn | 300 sec total\n|\n|t:|1783539766\n|move|p1a: Flutter Mane|Moonblast|p2a: Veluza\n|-damage|p2a: Veluza|5/100\n|move|p2a: Veluza|Aqua Cutter|p1a: Flutter Mane\n|-damage|p1a: Flutter Mane|0 fnt\n|faint|p1a: Flutter Mane\n|-end|p1a: Flutter Mane|Protosynthesis|[silent]\n|\n|upkeep\n|inactive|Time left: 300 sec this turn | 300 sec total | 5 sec grace\n|\n|t:|1783539767\n|switch|p1a: Forretress|Forretress, L84, F|263/263\n|turn|10\n|inactive|Time left: 300 sec this turn | 300 sec total\n|\n|t:|1783539768\n|move|p2a: Veluza|Aqua Cutter|p1a: Forretress\n|-crit|p1a: Forretress\n|-damage|p1a: Forretress|70/263\n|move|p1a: Forretress|Rapid Spin|p2a: Veluza\n|-damage|p2a: Veluza|0 fnt\n|-boost|p1a: Forretress|spe|1\n|faint|p2a: Veluza\n|\n|-heal|p1a: Forretress|86/263|[from] item: Leftovers\n|upkeep\n|\n|t:|1783539769\n|switch|p2a: Flygon|Flygon, L82, M|100/100\n|-damage|p2a: Flygon|94/100|[from] Stealth Rock\n|turn|11\n|inactive|Time left: 300 sec this turn | 300 sec total\n|\n|t:|1783539770\n|move|p2a: Flygon|Outrage|p1a: Forretress\n|-resisted|p1a: Forretress\n|-crit|p1a: Forretress\n|-damage|p1a: Forretress|0 fnt\n|faint|p1a: Forretress\n|\n|upkeep\n|inactive|Time left: 300 sec this turn | 300 sec total | 5 sec grace\n|\n|t:|1783539771\n|switch|p1a: Copperajah|Copperajah, L86, F|350/350\n|turn|12\n|inactive|Time left: 300 sec this turn | 300 sec total\n|\n|t:|1783539772\n|move|p2a: Flygon|Outrage|p1a: Copperajah|[from] lockedmove\n|-resisted|p1a: Copperajah\n|-damage|p1a: Copperajah|244/350\n|-start|p2a: Flygon|confusion|[fatigue]\n|move|p1a: Copperajah|Iron Head|p2a: Flygon\n|-damage|p2a: Flygon|12/100\n|\n|upkeep\n|turn|13\n|inactive|Time left: 300 sec this turn | 300 sec total\n|\n|t:|1783539773\n|-activate|p2a: Flygon|confusion\n|move|p2a: Flygon|Outrage|p1a: Copperajah\n|-resisted|p1a: Copperajah\n|-damage|p1a: Copperajah|145/350\n|move|p1a: Copperajah|Play Rough|p2a: Flygon\n|-supereffective|p2a: Flygon\n|-damage|p2a: Flygon|0 fnt\n|faint|p2a: Flygon\n|\n|upkeep\n|\n|t:|1783539774\n|switch|p2a: Rabsca|Rabsca, L91, M|100/100\n|turn|14\n|inactive|Time left: 300 sec this turn | 300 sec total\n|\n|t:|1783539775\n|move|p2a: Rabsca|Earth Power|p1a: Copperajah\n|-supereffective|p1a: Copperajah\n|-damage|p1a: Copperajah|0 fnt\n|faint|p1a: Copperajah\n|\n|upkeep\n|inactive|Time left: 300 sec this turn | 300 sec total | 5 sec grace\n|\n|t:|1783539776\n|switch|p1a: Sunflora|Sunflora, M|312/312\n|turn|15\n|inactive|Time left: 300 sec this turn | 300 sec total\n|\n|t:|1783539776\n|-terastallize|p2a: Rabsca|Steel\n|move|p2a: Rabsca|Bug Buzz|p1a: Sunflora\n|-supereffective|p1a: Sunflora\n|-damage|p1a: Sunflora|102/312\n|move|p1a: Sunflora|Sunny Day|p1a: Sunflora\n|-weather|SunnyDay\n|\n|-weather|SunnyDay|[upkeep]\n|upkeep\n|turn|16\n|inactive|Time left: 300 sec this turn | 300 sec total\n|\n|t:|1783539777\n|move|p1a: Sunflora|Weather Ball|p2a: Rabsca\n|-supereffective|p2a: Rabsca\n|-damage|p2a: Rabsca|0 fnt\n|faint|p2a: Rabsca\n|-damage|p1a: Sunflora|71/312|[from] item: Life Orb\n|\n|-weather|SunnyDay|[upkeep]\n|upkeep\n|\n|t:|1783539778\n|switch|p2a: Grafaiai|Grafaiai, L86, F|100/100\n|-damage|p2a: Grafaiai|88/100|[from] Stealth Rock\n|turn|17\n|inactive|Time left: 300 sec this turn | 300 sec total\n|\n|t:|1783539779\n|move|p2a: Grafaiai|U-turn|p1a: Sunflora\n|-supereffective|p1a: Sunflora\n|-damage|p1a: Sunflora|0 fnt\n|faint|p1a: Sunflora\n|\n|win|p0y049b2ce", "uploadtime": 1783539779, "views": 0, "rating": 0, "private": 0, "password": null, "_winner": "p0y049b2ce", "_our_name": "p0x0491eda"}