{"id": "battle-gen9randombattle-812", "formatid": "gen9randombattle", "format": "[Gen 9] Random Battle", "players": ["p0x812ab2c", "p0y8126de5"], "log": "|init|battle\n|title|p0x812ab2c vs. p0y8126de5\n|j|\u2606p0x812ab2c\n|j|\u2606p0y8126de5\n|t:|1783549323\n|gametype|singles\n|player|p1|p0x812ab2c|169|\n|player|p2|p0y8126de5|265|\n|gen|9\n|tier|[Gen 9] Random Battle\n|rule|Species Clause: Limit one of each Pok\u00e9mon\n|rule|HP Percentage Mod: HP is shown in percentages\n|rule|Sleep Clause Mod: Limit one foe put to sleep\n|rule|Illusion Level Mod: Illusion disguises the Pok\u00e9mon's true level\n|\n|t:|1783549323\n|teamsize|p1|6\n|teamsize|p2|6\n|start\n|switch|p1a: Kleavor|Kleavor, L78, M|100/100\n|switch|p2a: Malamar|Malamar, L82, F|275/275\n|turn|1\n|inactive|Battle timer is ON: inactive players will automatically lose when time's up. (requested by p0x812ab2c)\n|inactive|Time left: 300 sec this turn | 300 sec total | 60 sec grace\n|inactive|p0y8126de5 also wants the timer to be on.\n|\n|t:|1783549324\n|-terastallize|p2a: Malamar|Fighting\n|move|p1a: Kleavor|X-Scissor|p2a: Malamar\n|-resisted|p2a: Malamar\n|-damage|p2a: Malamar|196/275\n|move|p2a: Malamar|Superpower|p1a: Kleavor\n|-damage|p1a: Kleavor|51/100\n|-boost|p2a: Malamar|atk|1\n|-boost|p2a: Malamar|def|1\n|\n|-heal|p2a: Malamar|213/275|[from] item: Leftovers\n|upkeep\n|turn|2\n|inactive|Time left: 300 sec this turn | 300 sec total\n|\n|t:|1783549325\n|move|p1a: Kleavor|Stone Axe|p2a: Malamar\n|-resisted|p2a: Malamar\n|-damage|p2a: Malamar|175/275\n|-sidestart|p2: p0y8126de5|move: Stealth Rock\n|move|p2a: Malamar|Superpower|p1a: Kleavor\n|-damage|p1a: Kleavor|0 fnt\n|-boost|p2a: Malamar|atk|1\n|-boost|p2a: Malamar|def|1\n|faint|p1a: Kleavor\n|\n|-heal|p2a: Malamar|192/275|[from] item: Leftovers\n|upkeep\n|\n|t:|1783549326\n|switch|p1a: Grumpig|Grumpig, L92, F|100/100\n|turn|3\n|inactive|Time left: 300 sec this turn | 300 sec total\n|\n|t:|1783549327\n|move|p1a: Grumpig|Psychic|p2a: Malamar\n|-supereffective|p2a: Malamar\n|-damage|p2a: Malamar|0 fnt\n|faint|p2a: Malamar\n|\n|upkeep\n|inactive|Time left: 300 sec this turn | 300 sec total | 5 sec grace\n|\n|t:|1783549328\n|switch|p2a: Noctowl|Noctowl, L95, M|344/344\n|turn|4\n|inactive|Time left: 300 sec this turn | 300 sec total\n|\n|t:|1783549330\n|switch|p1a: Ursaluna|Ursaluna, L79, F|100/100\n|move|p2a: Noctowl|Nasty Plot|p2a: Noctowl\n|-boost|p2a: Noctowl|spa|2\n|\n|-status|p1a: Ursaluna|brn|[from] item: Flame Orb\n|upkeep\n|turn|5\n|inactive|Time left: 300 sec this turn | 300 sec total\n|\n|t:|1783549331\n|move|p2a: Noctowl|Hurricane|p1a: Ursaluna\n|-damage|p1a: Ursaluna|7/100 brn\n|move|p1a: Ursaluna|Facade|p2a: Noctowl\n|-damage|p2a: Noctowl|11/344\n|\n|-damage|p1a: Ursaluna|1/100 brn|[from] brn\n|upkeep\n|turn|6\n|inactive|Time left: 300 sec this turn | 300 sec total\n|\n|t:|1783549332\n|switch|p1a: Terrakion|Terrakion, L79|100/100\n|move|p2a: Noctowl|Hyper Voice|p1a: Terrakion\n|-resisted|p1a: Terrakion\n|-damage|p1a: Terrakion|13/100\n|\n|upkeep\n|turn|7\n|inactive|Time left: 300 sec this turn | 300 sec total\n|\n|t:|1783549333\n|move|p1a: Terrakion|Close Combat|p2a: Noctowl\n|-damage|p2a: Noctowl|0 fnt\n|-unboost|p1a: Terrakion|def|1\n|-unboost|p1a: Terrakion|spd|1\n|faint|p2a: Noctowl\n|\n|upkeep\n|inactive|Time left: 300 sec this turn | 300 sec total | 5 sec grace\n|\n|t:|1783549334\n|switch|p2a: Indeedee|Indeedee, L84, M|238/238\n|-damage|p2a: Indeedee|209/238|[from] Stealth Rock\n|-fieldstart|move: Psychic Terrain|[from] ability: Psychic Surge|[of] p2a: Indeedee\n|turn|8\n|inactive|Time left: 300 sec this turn | 300 sec total\n|\n|t:|1783549335\n|move|p2a: Indeedee|Expanding Force|p1a: Terrakion\n|-supereffective|p1a: Terrakion\n|-damage|p1a: Terrakion|0 fnt\n|faint|p1a: Terrakion\n|\n|upkeep\n|\n|t:|1783549336\n|switch|p1a: Grumpig|Grumpig, L92, F|100/100\n|turn|9\n|inactive|Time left: 300 sec this turn | 300 sec total\n|\n|t:|1783549337\n|move|p2a: Indeedee|Expanding Force|p1a: Grumpig\n|-resisted|p1a: Grumpig\n|-damage|p1a: Grumpig|77/100\n|move|p1a: Grumpig|Psychic|p2a: Indeedee\n|-resisted|p2a: Indeedee\n|-damage|p2a: Indeedee|146/238\n|\n|upkeep\n|turn|10\n|inactive|Time left: 300 sec this turn | 300 sec total\n|\n|t:|1783549338\n|move|p2a: Indeedee|Expanding Force|p1a: Grumpig\n|-resisted|p1a: Grumpig\n|-damage|p1a: Grumpig|53/100\n|move|p1a: Grumpig|Psychic|p2a: Indeedee\n|-resisted|p2a: Indeedee\n|-damage|p2a: Indeedee|77/238\n|\n|upkeep\n|turn|11\n|inactive|Time left: 300 sec this turn | 300 sec total\n|\n|t:|1783549340\n|move|p2a: Indeedee|Expanding Force|p1a: Grumpig\n|-resisted|p1a: Grumpig\n|-damage|p1a: Grumpig|30/100\n|move|p1a: Grumpig|Psychic|p2a: Indeedee\n|-resisted|p2a: Indeedee\n|-damage|p2a: Indeedee|11/238\n|\n|upkeep\n|turn|12\n|inactive|Time left: 300 sec this turn | 300 sec total\n|\n|t:|1783549341\n|move|p2a: Indeedee|Expanding Force|p1a: Grumpig\n|-resisted|p1a: Grumpig\n|-damage|p1a: Grumpig|9/100\n|move|p1a: Grumpig|Psychic|p2a: Indeedee\n|-resisted|p2a: Indeedee\n|-damage|p2a: Indeedee|0 fnt\n|faint|p2a: Indeedee\n|\n|-fieldend|move: Psychic Terrain\n|upkeep\n|inactive|Time left: 300 sec this turn | 300 sec total | 5 sec grace\n|\n|t:|1783549342\n|switch|p2a: Rhyperior|Rhyperior, L82, F|323/323\n|-damage|p2a: Rhyperior|303/323|[from] Stealth Rock\n|turn|13\n|inactive|Time left: 300 sec this turn | 300 sec total\n|\n|t:|1783549343\n|move|p1a: Grumpig|Psychic|p2a: Rhyperior\n|-damage|p2a: Rhyperior|198/323\n|move|p2a: Rhyperior|Dragon Tail|p1a: Grumpig\n|-damage|p1a: Grumpig|0 fnt\n|faint|p1a: Grumpig\n|\n|upkeep\n|\n|t:|1783549344\n|switch|p1a: Seviper|Seviper, L93, F|100/100\n|turn|14\n|inactive|Time left: 300 sec this turn | 300 sec total\n|\n|t:|1783549345\n|move|p1a: Seviper|Giga Drain|p2a: Rhyperior\n|-supereffective|p2a: Rhyperior\n|-damage|p2a: Rhyperior|0 fnt\n|faint|p2a: Rhyperior\n|-damage|p1a: Seviper|91/100|[from] item: Life Orb\n|\n|upkeep\n|inactive|Time left: 300 sec this turn | 300 sec total | 5 sec grace\n|\n|t:|1783549346\n|switch|p2a: Scovillain|Scovillain, L91, M|266/266\n|-damage|p2a: Scovillain|200/266|[from] Stealth Rock\n|turn|15\n|inactive|Time left: 300 sec this turn | 300 sec total\n|\n|t:|1783549347\n|move|p2a: Scovillain|Overheat|p1a: Seviper\n|-damage|p1a: Seviper|0 fnt\n|-unboost|p2a: Scovillain|spa|2\n|faint|p1a: Seviper\n|\n|upkeep\n|\n|t:|1783549348\n|switch|p1a: Pachirisu|Pachirisu, L96, M|100/100\n|turn|16\n|inactive|Time left: 300 sec this turn | 300 sec total\n|\n|t:|1783549349\n|switch|p2a: Thundurus|Thundurus-Therian, L80, M|258/258\n|-damage|p2a: Thundurus|194/258|[from] Stealth Rock\n|move|p1a: Pachirisu|Super Fang|p2a: Thundurus|[miss]\n|-miss|p1a: Pachirisu|p2a: Thundurus\n|\n|upkeep\n|turn|17\n|inactive|Time left: 300 sec this turn | 300 sec total\n|\n|t:|1783549350\n|move|p1a: Pachirisu|Super Fang|p2a: Thundurus\n|-damage|p2a: Thundurus|97/258\n|move|p2a: Thundurus|Sludge Wave|p1a: Pachirisu\n|-damage|p1a: Pachirisu|62/100\n|\n|upkeep\n|turn|18\n|inactive|Time left: 300 sec this turn | 300 sec total\n|\n|t:|1783549352\n|-terastallize|p1a: Pachirisu|Flying\n|move|p1a: Pachirisu|Discharge|p2a: Thundurus\n|-heal|p2a: Thundurus|161/258|[from] ability: Volt Absorb|[of] p1a: Pachirisu\n|move|p2a: Thundurus|Sludge Wave|p1a: Pachirisu\n|-damage|p1a: Pachirisu|19/100\n|\n|upkeep\n|turn|19\n|inactive|Time left: 300 sec this turn | 300 sec total\n|\n|t:|1783549353\n|move|p1a: Pachirisu|U-turn|p2a: Thundurus\n|-resisted|p2a: Thundurus\n|-damage|p2a: Thundurus|139/258\n|\n|t:|1783549354\n|switch|p1a: Ursaluna|Ursaluna, L79, F|1/100 brn|[from] U-turn\n|move|p2a: Thundurus|Sludge Wave|p1a: Ursaluna\n|-resisted|p1a: Ursaluna\n|-damage|p1a: Ursaluna|0 fnt\n|faint|p1a: Ursaluna\n|\n|upkeep\n|\n|t:|1783549355\n|switch|p1a: Pachirisu|Pachirisu, L96, M, tera:Flying|19/100\n|turn|20\n|inactive|Time left: 300 sec this turn | 300 sec total\n|\n|t:|1783549356\n|move|p1a: Pachirisu|Discharge|p2a: Thundurus\n|-heal|p2a: Thundurus|203/258|[from] ability: Volt Absorb|[of] p1a: Pachirisu\n|move|p2a: Thundurus|Sludge Wave|p1a: Pachirisu\n|-damage|p1a: Pachirisu|0 fnt\n|faint|p1a: Pachirisu\n|\n|win|p0y8126de5", "uploadtime": 1783549356, "views": 0, "rating": 0, "private": 0, "password": null, "_winner": "p0y8126de5", "_our_name": "p0y8126de5"}