{"id": "battle-gen9randombattle-1888", "formatid": "gen9randombattle", "format": "[Gen 9] Random Battle", "players": ["p0x1888c6ee", "p0y1888b6f0"], "log": "|init|battle\n|title|p0x1888c6ee vs. p0y1888b6f0\n|j|\u2606p0x1888c6ee\n|j|\u2606p0y1888b6f0\n|t:|1783561845\n|gametype|singles\n|player|p1|p0x1888c6ee|170|\n|player|p2|p0y1888b6f0|169|\n|gen|9\n|tier|[Gen 9] Random Battle\n|rule|Species Clause: Limit one of each Pok\u00e9mon\n|rule|HP Percentage Mod: HP is shown in percentages\n|rule|Sleep Clause Mod: Limit one foe put to sleep\n|rule|Illusion Level Mod: Illusion disguises the Pok\u00e9mon's true level\n|\n|t:|1783561845\n|teamsize|p1|6\n|teamsize|p2|6\n|start\n|switch|p1a: Snorlax|Snorlax, L82, F|397/397\n|switch|p2a: Pachirisu|Pachirisu, L96, M|100/100\n|turn|1\n|inactive|Battle timer is ON: inactive players will automatically lose when time's up. (requested by p0y1888b6f0)\n|\n|t:|1783561847\n|move|p2a: Pachirisu|Super Fang|p1a: Snorlax\n|-damage|p1a: Snorlax|199/397\n|move|p1a: Snorlax|Body Slam|p2a: Pachirisu\n|-damage|p2a: Pachirisu|64/100\n|\n|-heal|p1a: Snorlax|223/397|[from] item: Leftovers\n|upkeep\n|turn|2\n|inactive|Time left: 300 sec this turn | 300 sec total | 60 sec grace\n|inactive|p0x1888c6ee also wants the timer to be on.\n|\n|t:|1783561848\n|move|p2a: Pachirisu|Super Fang|p1a: Snorlax\n|-damage|p1a: Snorlax|112/397\n|move|p1a: Snorlax|Body Slam|p2a: Pachirisu\n|-damage|p2a: Pachirisu|27/100\n|\n|-heal|p1a: Snorlax|136/397|[from] item: Leftovers\n|upkeep\n|turn|3\n|inactive|Time left: 300 sec this turn | 300 sec total\n|\n|t:|1783561849\n|switch|p2a: Swampert|Swampert, L83, M|100/100\n|move|p1a: Snorlax|Body Slam|p2a: Swampert\n|-damage|p2a: Swampert|71/100\n|\n|-heal|p2a: Swampert|77/100|[from] item: Leftovers\n|-heal|p1a: Snorlax|160/397|[from] item: Leftovers\n|upkeep\n|turn|4\n|inactive|Time left: 300 sec this turn | 300 sec total\n|\n|t:|1783561850\n|move|p2a: Swampert|Stealth Rock|p1a: Snorlax\n|-sidestart|p1: p0x1888c6ee|move: Stealth Rock\n|move|p1a: Snorlax|Rest|p1a: Snorlax\n|-status|p1a: Snorlax|slp|[from] move: Rest\n|-heal|p1a: Snorlax|397/397 slp|[silent]\n|\n|-heal|p2a: Swampert|83/100|[from] item: Leftovers\n|upkeep\n|turn|5\n|inactive|Time left: 300 sec this turn | 300 sec total\n|\n|t:|1783561851\n|move|p2a: Swampert|Knock Off|p1a: Snorlax\n|-damage|p1a: Snorlax|294/397 slp\n|-enditem|p1a: Snorlax|Leftovers|[from] move: Knock Off|[of] p2a: Swampert\n|cant|p1a: Snorlax|slp\n|move|p1a: Snorlax|Sleep Talk|p1a: Snorlax\n|move|p1a: Snorlax|Body Slam|p2a: Swampert|[from] move: Sleep Talk\n|-damage|p2a: Swampert|53/100\n|\n|-heal|p2a: Swampert|59/100|[from] item: Leftovers\n|upkeep\n|turn|6\n|inactive|Time left: 300 sec this turn | 300 sec total\n|\n|t:|1783561852\n|move|p2a: Swampert|Earthquake|p1a: Snorlax\n|-damage|p1a: Snorlax|147/397 slp\n|cant|p1a: Snorlax|slp\n|move|p1a: Snorlax|Sleep Talk|p1a: Snorlax\n|move|p1a: Snorlax|Rest||[from] move: Sleep Talk|[still]\n|-fail|p1a: Snorlax\n|\n|-heal|p2a: Swampert|65/100|[from] item: Leftovers\n|upkeep\n|turn|7\n|inactive|Time left: 300 sec this turn | 300 sec total\n|\n|t:|1783561854\n|move|p2a: Swampert|Earthquake|p1a: Snorlax\n|-damage|p1a: Snorlax|0 fnt\n|faint|p1a: Snorlax\n|\n|-heal|p2a: Swampert|71/100|[from] item: Leftovers\n|upkeep\n|inactive|Time left: 300 sec this turn | 300 sec total | 5 sec grace\n|\n|t:|1783561855\n|switch|p1a: Gurdurr|Gurdurr, L85, M|283/283\n|-damage|p1a: Gurdurr|266/283|[from] Stealth Rock\n|turn|8\n|inactive|Time left: 300 sec this turn | 300 sec total\n|\n|t:|1783561856\n|move|p2a: Swampert|Earthquake|p1a: Gurdurr\n|-damage|p1a: Gurdurr|194/283\n|move|p1a: Gurdurr|Drain Punch|p2a: Swampert\n|-damage|p2a: Swampert|41/100\n|-heal|p1a: Gurdurr|241/283|[from] drain|[of] p2a: Swampert\n|\n|-heal|p2a: Swampert|47/100|[from] item: Leftovers\n|upkeep\n|turn|9\n|inactive|Time left: 300 sec this turn | 300 sec total\n|\n|t:|1783561857\n|move|p2a: Swampert|Knock Off|p1a: Gurdurr\n|-resisted|p1a: Gurdurr\n|-damage|p1a: Gurdurr|216/283\n|-enditem|p1a: Gurdurr|Eviolite|[from] move: Knock Off|[of] p2a: Swampert\n|move|p1a: Gurdurr|Drain Punch|p2a: Swampert\n|-damage|p2a: Swampert|19/100\n|-heal|p1a: Gurdurr|258/283|[from] drain|[of] p2a: Swampert\n|\n|-heal|p2a: Swampert|25/100|[from] item: Leftovers\n|upkeep\n|turn|10\n|inactive|Time left: 300 sec this turn | 300 sec total\n|\n|t:|1783561859\n|move|p2a: Swampert|Flip Turn|p1a: Gurdurr\n|-damage|p1a: Gurdurr|144/283\n|\n|t:|1783561860\n|switch|p2a: Dipplin|Dipplin, L88, F|100/100|[from] Flip Turn\n|move|p1a: Gurdurr|Drain Punch|p2a: Dipplin\n|-damage|p2a: Dipplin|83/100\n|-heal|p1a: Gurdurr|170/283|[from] drain|[of] p2a: Dipplin\n|\n|upkeep\n|turn|11\n|inactive|Time left: 300 sec this turn | 300 sec total\n|\n|t:|1783561861\n|move|p2a: Dipplin|Giga Drain|p1a: Gurdurr\n|-crit|p1a: Gurdurr\n|-damage|p1a: Gurdurr|0 fnt\n|-heal|p2a: Dipplin|100/100|[from] drain|[of] p1a: Gurdurr\n|faint|p1a: Gurdurr\n|\n|upkeep\n|inactive|Time left: 300 sec this turn | 300 sec total | 5 sec grace\n|\n|t:|1783561862\n|switch|p1a: Sylveon|Sylveon, L85, F|300/300\n|-damage|p1a: Sylveon|263/300|[from] Stealth Rock\n|turn|12\n|inactive|Time left: 300 sec this turn | 300 sec total\n|\n|t:|1783561863\n|switch|p2a: Swampert|Swampert, L83, M|25/100\n|move|p1a: Sylveon|Calm Mind|p1a: Sylveon\n|-boost|p1a: Sylveon|spa|1\n|-boost|p1a: Sylveon|spd|1\n|\n|-heal|p1a: Sylveon|281/300|[from] item: Leftovers\n|-heal|p2a: Swampert|31/100|[from] item: Leftovers\n|upkeep\n|turn|13\n|inactive|Time left: 300 sec this turn | 300 sec total\n|\n|t:|1783561864\n|switch|p2a: Chansey|Chansey, L85, F|100/100\n|move|p1a: Sylveon|Hyper Voice|p2a: Chansey\n|-damage|p2a: Chansey|81/100\n|\n|-heal|p1a: Sylveon|299/300|[from] item: Leftovers\n|upkeep\n|turn|14\n|inactive|Time left: 300 sec this turn | 300 sec total\n|\n|t:|1783561864\n|move|p1a: Sylveon|Calm Mind|p1a: Sylveon\n|-boost|p1a: Sylveon|spa|1\n|-boost|p1a: Sylveon|spd|1\n|move|p2a: Chansey|Soft-Boiled|p2a: Chansey\n|-heal|p2a: Chansey|100/100\n|\n|-heal|p1a: Sylveon|300/300|[from] item: Leftovers\n|upkeep\n|turn|15\n|inactive|Time left: 300 sec this turn | 300 sec total\n|\n|t:|1783561865\n|move|p1a: Sylveon|Hyper Voice|p2a: Chansey\n|-damage|p2a: Chansey|73/100\n|move|p2a: Chansey|Thunder Wave|p1a: Sylveon\n|-status|p1a: Sylveon|par\n|\n|upkeep\n|turn|16\n|inactive|Time left: 300 sec this turn | 300 sec total\n|\n|t:|1783561866\n|move|p2a: Chansey|Soft-Boiled|p2a: Chansey\n|-heal|p2a: Chansey|100/100\n|move|p1a: Sylveon|Hyper Voice|p2a: Chansey\n|-damage|p2a: Chansey|73/100\n|\n|upkeep\n|turn|17\n|inactive|Time left: 300 sec this turn | 300 sec total\n|\n|t:|1783561867\n|move|p2a: Chansey|Soft-Boiled|p2a: Chansey\n|-heal|p2a: Chansey|100/100\n|move|p1a: Sylveon|Hyper Voice|p2a: Chansey\n|-damage|p2a: Chansey|75/100\n|\n|upkeep\n|turn|18\n|inactive|Time left: 300 sec this turn | 300 sec total\n|\n|t:|1783561868\n|move|p2a: Chansey|Seismic Toss|p1a: Sylveon\n|-damage|p1a: Sylveon|215/300 par\n|cant|p1a: Sylveon|par\n|\n|-heal|p1a: Sylveon|233/300 par|[from] item: Leftovers\n|upkeep\n|turn|19\n|inactive|Time left: 300 sec this turn | 300 sec total\n|\n|t:|1783561869\n|move|p2a: Chansey|Seismic Toss|p1a: Sylveon\n|-damage|p1a: Sylveon|148/300 par\n|move|p1a: Sylveon|Hyper Voice|p2a: Chansey\n|-damage|p2a: Chansey|47/100\n|\n|-heal|p1a: Sylveon|166/300 par|[from] item: Leftovers\n|upkeep\n|turn|20\n|inactive|Time left: 300 sec this turn | 300 sec total\n|\n|t:|1783561870\n|move|p2a: Chansey|Soft-Boiled|p2a: Chansey\n|-heal|p2a: Chansey|97/100\n|move|p1a: Sylveon|Hyper Voice|p2a: Chansey\n|-damage|p2a: Chansey|70/100\n|\n|-heal|p1a: Sylveon|184/300 par|[from] item: Leftovers\n|upkeep\n|turn|21\n|inactive|Time left: 300 sec this turn | 300 sec total\n|\n|t:|1783561872\n|move|p2a: Chansey|Soft-Boiled|p2a: Chansey\n|-heal|p2a: Chansey|100/100\n|move|p1a: Sylveon|Hyper Voice|p2a: Chansey\n|-damage|p2a: Chansey|74/100\n|\n|-heal|p1a: Sylveon|202/300 par|[from] item: Leftovers\n|upkeep\n|turn|22\n|inactive|Time left: 300 sec this turn | 300 sec total\n|\n|t:|1783561873\n|move|p2a: Chansey|Seismic Toss|p1a: Sylveon\n|-damage|p1a: Sylveon|117/300 par\n|cant|p1a: Sylveon|par\n|\n|-heal|p1a: Sylveon|135/300 par|[from] item: Leftovers\n|upkeep\n|turn|23\n|inactive|Time left: 300 sec this turn | 300 sec total\n|\n|t:|1783561874\n|move|p2a: Chansey|Seismic Toss|p1a: Sylveon\n|-damage|p1a: Sylveon|50/300 par\n|move|p1a: Sylveon|Hyper Voice|p2a: Chansey\n|-damage|p2a: Chansey|47/100\n|\n|-heal|p1a: Sylveon|68/300 par|[from] item: Leftovers\n|upkeep\n|turn|24\n|inactive|Time left: 300 sec this turn | 300 sec total\n|\n|t:|1783561875\n|move|p2a: Chansey|Seismic Toss|p1a: Sylveon\n|-damage|p1a: Sylveon|0 fnt\n|faint|p1a: Sylveon\n|\n|upkeep\n|inactive|Time left: 300 sec this turn | 300 sec total | 5 sec grace\n|\n|t:|1783561876\n|switch|p1a: Samurott|Samurott-Hisui, L77, F|265/265\n|-damage|p1a: Samurott|232/265|[from] Stealth Rock\n|turn|25\n|inactive|Time left: 300 sec this turn | 300 sec total\n|\n|t:|1783561877\n|switch|p2a: Dipplin|Dipplin, L88, F|100/100\n|move|p1a: Samurott|Ceaseless Edge|p2a: Dipplin|[miss]\n|-miss|p1a: Samurott|p2a: Dipplin\n|\n|upkeep\n|turn|26\n|inactive|Time left: 300 sec this turn | 300 sec total\n|\n|t:|1783561878\n|move|p1a: Samurott|Ceaseless Edge|p2a: Dipplin\n|-damage|p2a: Dipplin|84/100\n|-sidestart|p2: p0y1888b6f0|Spikes\n|move|p2a: Dipplin|Giga Drain|p1a: Samurott\n|-supereffective|p1a: Samurott\n|-damage|p1a: Samurott|14/265\n|-heal|p2a: Dipplin|100/100|[from] drain|[of] p1a: Samurott\n|\n|upkeep\n|turn|27\n|inactive|Time left: 300 sec this turn | 300 sec total\n|\n|t:|1783561879\n|move|p1a: Samurott|Ceaseless Edge|p2a: Dipplin\n|-damage|p2a: Dipplin|81/100\n|-sidestart|p2: p0y1888b6f0|Spikes\n|move|p2a: Dipplin|Dragon Pulse|p1a: Samurott\n|-damage|p1a: Samurott|0 fnt\n|faint|p1a: Samurott\n|\n|upkeep\n|inactive|Time left: 300 sec this turn | 300 sec total | 5 sec grace\n|\n|t:|1783561879\n|switch|p1a: Pachirisu|Pachirisu, L96, M|271/271\n|turn|28\n|inactive|Time left: 300 sec this turn | 300 sec total\n|\n|t:|1783561880\n|move|p1a: Pachirisu|Super Fang|p2a: Dipplin\n|-damage|p2a: Dipplin|41/100\n|move|p2a: Dipplin|Giga Drain|p1a: Pachirisu\n|-damage|p1a: Pachirisu|193/271\n|-heal|p2a: Dipplin|55/100|[from] drain|[of] p1a: Pachirisu\n|\n|upkeep\n|turn|29\n|inactive|Time left: 300 sec this turn | 300 sec total\n|\n|t:|1783561881\n|move|p1a: Pachirisu|Super Fang|p2a: Dipplin|[miss]\n|-miss|p1a: Pachirisu|p2a: Dipplin\n|move|p2a: Dipplin|Recover|p2a: Dipplin\n|-heal|p2a: Dipplin|100/100\n|\n|upkeep\n|turn|30\n|inactive|Time left: 300 sec this turn | 300 sec total\n|\n|t:|1783561882\n|move|p1a: Pachirisu|Encore|p2a: Dipplin\n|-start|p2a: Dipplin|Encore\n|move|p2a: Dipplin|Recover||[still]\n|-fail|p2a: Dipplin|heal\n|\n|upkeep\n|turn|31\n|inactive|Time left: 300 sec this turn | 300 sec total\n|\n|t:|1783561883\n|move|p1a: Pachirisu|Super Fang|p2a: Dipplin\n|-damage|p2a: Dipplin|50/100\n|move|p2a: Dipplin|Recover|p2a: Dipplin\n|-heal|p2a: Dipplin|100/100\n|\n|upkeep\n|turn|32\n|inactive|Time left: 300 sec this turn | 300 sec total\n|\n|t:|1783561884\n|move|p1a: Pachirisu|U-turn|p2a: Dipplin\n|-supereffective|p2a: Dipplin\n|-damage|p2a: Dipplin|84/100\n|inactive|Time left: 300 sec this turn | 300 sec total | 5 sec grace\n|\n|t:|1783561885\n|switch|p1a: Ambipom|Ambipom, L84, M|263/263|[from] U-turn\n|-damage|p1a: Ambipom|231/263|[from] Stealth Rock\n|move|p2a: Dipplin|Recover|p2a: Dipplin\n|-heal|p2a: Dipplin|100/100\n|\n|-end|p2a: Dipplin|Encore\n|upkeep\n|turn|33\n|inactive|Time left: 300 sec this turn | 300 sec total\n|\n|t:|1783561886\n|move|p1a: Ambipom|Fake Out|p2a: Dipplin\n|-damage|p2a: Dipplin|85/100\n|cant|p2a: Dipplin|flinch\n|\n|upkeep\n|turn|34\n|inactive|Time left: 300 sec this turn | 300 sec total\n|\n|t:|1783561887\n|switch|p1a: Pachirisu|Pachirisu, L96, M|193/271\n|move|p2a: Dipplin|Giga Drain|p1a: Pachirisu\n|-damage|p1a: Pachirisu|121/271\n|-heal|p2a: Dipplin|97/100|[from] drain|[of] p1a: Pachirisu\n|\n|upkeep\n|turn|35\n|inactive|Time left: 300 sec this turn | 300 sec total\n|\n|t:|1783561888\n|move|p1a: Pachirisu|Super Fang|p2a: Dipplin\n|-damage|p2a: Dipplin|49/100\n|move|p2a: Dipplin|Giga Drain|p1a: Pachirisu\n|-damage|p1a: Pachirisu|42/271\n|-heal|p2a: Dipplin|63/100|[from] drain|[of] p1a: Pachirisu\n|\n|upkeep\n|turn|36\n|inactive|Time left: 300 sec this turn | 300 sec total\n|\n|t:|1783561889\n|-terastallize|p1a: Pachirisu|Flying\n|move|p1a: Pachirisu|Encore|p2a: Dipplin\n|-start|p2a: Dipplin|Encore\n|move|p2a: Dipplin|Giga Drain|p1a: Pachirisu\n|-resisted|p1a: Pachirisu\n|-damage|p1a: Pachirisu|4/271\n|-heal|p2a: Dipplin|70/100|[from] drain|[of] p1a: Pachirisu\n|\n|upkeep\n|turn|37\n|inactive|Time left: 300 sec this turn | 300 sec total\n|\n|t:|1783561890\n|move|p1a: Pachirisu|Super Fang|p2a: Dipplin\n|-damage|p2a: Dipplin|35/100\n|move|p2a: Dipplin|Giga Drain|p1a: Pachirisu\n|-resisted|p1a: Pachirisu\n|-damage|p1a: Pachirisu|0 fnt\n|-heal|p2a: Dipplin|36/100|[from] drain|[of] p1a: Pachirisu\n|faint|p1a: Pachirisu\n|\n|upkeep\n|inactive|Time left: 300 sec this turn | 300 sec total | 5 sec grace\n|\n|t:|1783561891\n|switch|p1a: Ambipom|Ambipom, L84, M|231/263\n|-damage|p1a: Ambipom|199/263|[from] Stealth Rock\n|turn|38\n|inactive|Time left: 300 sec this turn | 300 sec total\n|\n|t:|1783561892\n|move|p1a: Ambipom|Fake Out|p2a: Dipplin\n|-damage|p2a: Dipplin|21/100\n|cant|p2a: Dipplin|flinch\n|\n|-end|p2a: Dipplin|Encore\n|upkeep\n|turn|39\n|inactive|Time left: 300 sec this turn | 300 sec total\n|\n|t:|1783561892\n|-terastallize|p2a: Dipplin|Steel\n|move|p1a: Ambipom|Double-Edge|p2a: Dipplin\n|-resisted|p2a: Dipplin\n|-damage|p2a: Dipplin|8/100\n|-damage|p1a: Ambipom|186/263|[from] Recoil\n|move|p2a: Dipplin|Giga Drain|p1a: Ambipom\n|-damage|p1a: Ambipom|77/263\n|-heal|p2a: Dipplin|27/100|[from] drain|[of] p1a: Ambipom\n|\n|upkeep\n|turn|40\n|inactive|Time left: 300 sec this turn | 300 sec total\n|\n|t:|1783561893\n|move|p1a: Ambipom|Fake Out||[still]\n|-hint|Fake Out only works on your first turn out.\n|-fail|p1a: Ambipom\n|move|p2a: Dipplin|Dragon Pulse|p1a: Ambipom\n|-damage|p1a: Ambipom|0 fnt\n|faint|p1a: Ambipom\n|\n|win|p0y1888b6f0", "uploadtime": 1783561893, "views": 0, "rating": 0, "private": 0, "password": null, "_winner": "p0y1888b6f0", "_our_name": "p0x1888c6ee"}