{"id": "battle-gen9randombattle-844", "formatid": "gen9randombattle", "format": "[Gen 9] Random Battle", "players": ["p0x84404fb", "p0y844ead1"], "log": "|init|battle\n|title|p0x84404fb vs. p0y844ead1\n|j|\u2606p0x84404fb\n|j|\u2606p0y844ead1\n|t:|1783548936\n|gametype|singles\n|player|p1|p0x84404fb|170|\n|player|p2|p0y844ead1|102|\n|gen|9\n|tier|[Gen 9] Random Battle\n|rule|Species Clause: Limit one of each Pok\u00e9mon\n|rule|HP Percentage Mod: HP is shown in percentages\n|rule|Sleep Clause Mod: Limit one foe put to sleep\n|rule|Illusion Level Mod: Illusion disguises the Pok\u00e9mon's true level\n|\n|t:|1783548936\n|teamsize|p1|6\n|teamsize|p2|6\n|start\n|switch|p1a: Kricketune|Kricketune, L99, F|311/311\n|switch|p2a: Appletun|Appletun, L92, F|100/100\n|turn|1\n|inactive|Battle timer is ON: inactive players will automatically lose when time's up. (requested by p0x84404fb)\n|inactive|p0y844ead1 also wants the timer to be on.\n|\n|t:|1783548938\n|move|p1a: Kricketune|Sticky Web|p2a: Appletun\n|-sidestart|p2: p0y844ead1|move: Sticky Web\n|move|p2a: Appletun|Dragon Pulse|p1a: Kricketune\n|-damage|p1a: Kricketune|172/311\n|\n|upkeep\n|turn|2\n|inactive|Time left: 300 sec this turn | 300 sec total\n|\n|t:|1783548939\n|move|p1a: Kricketune|Pounce|p2a: Appletun\n|-supereffective|p2a: Appletun\n|-damage|p2a: Appletun|49/100\n|-unboost|p2a: Appletun|spe|1\n|move|p2a: Appletun|Dragon Pulse|p1a: Kricketune\n|-damage|p1a: Kricketune|43/311\n|\n|-heal|p2a: Appletun|56/100|[from] item: Leftovers\n|upkeep\n|turn|3\n|inactive|Time left: 300 sec this turn | 300 sec total\n|\n|t:|1783548940\n|move|p1a: Kricketune|Pounce|p2a: Appletun\n|-supereffective|p2a: Appletun\n|-damage|p2a: Appletun|0 fnt\n|faint|p2a: Appletun\n|\n|upkeep\n|\n|t:|1783548941\n|switch|p2a: Araquanid|Araquanid, L82, F|100/100\n|turn|4\n|inactive|Time left: 300 sec this turn | 300 sec total\n|\n|t:|1783548942\n|move|p1a: Kricketune|Taunt|p2a: Araquanid\n|-start|p2a: Araquanid|move: Taunt\n|cant|p2a: Araquanid|move: Taunt|Sticky Web\n|\n|upkeep\n|turn|5\n|inactive|Time left: 300 sec this turn | 300 sec total\n|\n|t:|1783548943\n|move|p1a: Kricketune|Pounce|p2a: Araquanid\n|-damage|p2a: Araquanid|59/100\n|-unboost|p2a: Araquanid|spe|1\n|move|p2a: Araquanid|Leech Life|p1a: Kricketune\n|-damage|p1a: Kricketune|0 fnt\n|-heal|p2a: Araquanid|68/100|[from] drain|[of] p1a: Kricketune\n|faint|p1a: Kricketune\n|\n|upkeep\n|inactive|Time left: 300 sec this turn | 300 sec total | 5 sec grace\n|\n|t:|1783548944\n|switch|p1a: Leafeon|Leafeon, L88, F|258/258\n|turn|6\n|inactive|Time left: 300 sec this turn | 300 sec total\n|\n|t:|1783548945\n|move|p1a: Leafeon|Swords Dance|p1a: Leafeon\n|-boost|p1a: Leafeon|atk|2\n|move|p2a: Araquanid|Leech Life|p1a: Leafeon\n|-supereffective|p1a: Leafeon\n|-damage|p1a: Leafeon|168/258\n|-heal|p2a: Araquanid|86/100|[from] drain|[of] p1a: Leafeon\n|\n|-end|p2a: Araquanid|move: Taunt\n|upkeep\n|turn|7\n|inactive|Time left: 300 sec this turn | 300 sec total\n|\n|t:|1783548946\n|-terastallize|p2a: Araquanid|Steel\n|move|p1a: Leafeon|Leaf Blade|p2a: Araquanid\n|-resisted|p2a: Araquanid\n|-damage|p2a: Araquanid|24/100\n|-damage|p1a: Leafeon|143/258|[from] item: Life Orb\n|move|p2a: Araquanid|Sticky Web|p1a: Leafeon\n|-sidestart|p1: p0x84404fb|move: Sticky Web\n|\n|upkeep\n|turn|8\n|inactive|Time left: 300 sec this turn | 300 sec total\n|\n|t:|1783548947\n|move|p1a: Leafeon|Leaf Blade|p2a: Araquanid\n|-resisted|p2a: Araquanid\n|-damage|p2a: Araquanid|0 fnt\n|faint|p2a: Araquanid\n|-damage|p1a: Leafeon|118/258|[from] item: Life Orb\n|\n|upkeep\n|\n|t:|1783548948\n|switch|p2a: Iron Bundle|Iron Bundle, L78|100/100\n|turn|9\n|inactive|Time left: 300 sec this turn | 300 sec total\n|\n|t:|1783548949\n|move|p2a: Iron Bundle|Freeze-Dry|p1a: Leafeon\n|-supereffective|p1a: Leafeon\n|-damage|p1a: Leafeon|0 fnt\n|faint|p1a: Leafeon\n|\n|upkeep\n|inactive|Time left: 300 sec this turn | 300 sec total | 5 sec grace\n|\n|t:|1783548949\n|switch|p1a: Ludicolo|Ludicolo, L90, F|235/235\n|-activate|p1a: Ludicolo|move: Sticky Web\n|-unboost|p1a: Ludicolo|spe|1\n|turn|10\n|inactive|Time left: 300 sec this turn | 300 sec total\n|\n|t:|1783548950\n|-end|p2a: Iron Bundle|Quark Drive|[silent]\n|switch|p2a: Komala|Komala, L87, F|100/100\n|-activate|p2a: Komala|move: Sticky Web\n|-unboost|p2a: Komala|spe|1\n|-ability|p2a: Komala|Comatose\n|move|p1a: Ludicolo|Dark Pulse|p2a: Komala\n|-damage|p2a: Komala|66/100\n|\n|upkeep\n|turn|11\n|inactive|Time left: 300 sec this turn | 300 sec total\n|\n|t:|1783548951\n|move|p1a: Ludicolo|Dark Pulse|p2a: Komala\n|-damage|p2a: Komala|31/100\n|move|p2a: Komala|Rapid Spin|p1a: Ludicolo\n|-damage|p1a: Ludicolo|142/235\n|-boost|p2a: Komala|spe|1\n|replace|p1a: Zoroark|Zoroark, L83, F\n|-end|p1a: Zoroark|Illusion\n|-hint|Illusion Level Mod is active, so this Pok\u00e9mon's true level was hidden.\n|-sideend|p2: p0y844ead1|Sticky Web|[from] move: Rapid Spin|[of] p2a: Komala\n|\n|upkeep\n|turn|12\n|inactive|Time left: 300 sec this turn | 300 sec total\n|\n|t:|1783548953\n|move|p2a: Komala|Body Slam|p1a: Zoroark\n|-damage|p1a: Zoroark|0 fnt\n|faint|p1a: Zoroark\n|\n|upkeep\n|inactive|Time left: 300 sec this turn | 300 sec total | 5 sec grace\n|\n|t:|1783548953\n|switch|p1a: Clodsire|Clodsire, L81, M|343/343\n|-activate|p1a: Clodsire|move: Sticky Web\n|-unboost|p1a: Clodsire|spe|1\n|turn|13\n|inactive|Time left: 300 sec this turn | 300 sec total\n|\n|t:|1783548954\n|switch|p2a: Greedent|Greedent, L86, M|100/100\n|move|p1a: Clodsire|Earthquake|p2a: Greedent\n|-damage|p2a: Greedent|77/100\n|\n|upkeep\n|turn|14\n|inactive|Time left: 300 sec this turn | 300 sec total\n|\n|t:|1783548955\n|move|p2a: Greedent|Swords Dance|p2a: Greedent\n|-boost|p2a: Greedent|atk|2\n|move|p1a: Clodsire|Toxic|p2a: Greedent\n|-status|p2a: Greedent|tox\n|\n|-damage|p2a: Greedent|71/100 tox|[from] psn\n|upkeep\n|turn|15\n|inactive|Time left: 300 sec this turn | 300 sec total\n|\n|t:|1783548956\n|-terastallize|p1a: Clodsire|Flying\n|move|p2a: Greedent|Body Slam|p1a: Clodsire\n|-damage|p1a: Clodsire|211/343\n|move|p1a: Clodsire|Earthquake|p2a: Greedent\n|-damage|p2a: Greedent|51/100 tox\n|\n|-heal|p1a: Clodsire|232/343|[from] item: Leftovers\n|-damage|p2a: Greedent|39/100 tox|[from] psn\n|upkeep\n|-enditem|p2a: Greedent|Sitrus Berry|[eat]\n|-heal|p2a: Greedent|64/100 tox|[from] item: Sitrus Berry\n|-heal|p2a: Greedent|97/100 tox|[from] ability: Cheek Pouch\n|turn|16\n|inactive|Time left: 300 sec this turn | 300 sec total\n|\n|t:|1783548957\n|move|p2a: Greedent|Body Slam|p1a: Clodsire\n|-damage|p1a: Clodsire|109/343\n|-status|p1a: Clodsire|par\n|cant|p1a: Clodsire|par\n|\n|-heal|p1a: Clodsire|130/343 par|[from] item: Leftovers\n|-damage|p2a: Greedent|79/100 tox|[from] psn\n|upkeep\n|turn|17\n|inactive|Time left: 300 sec this turn | 300 sec total\n|\n|t:|1783548958\n|move|p2a: Greedent|Body Slam|p1a: Clodsire\n|-damage|p1a: Clodsire|7/343 par\n|move|p1a: Clodsire|Recover|p1a: Clodsire\n|-heal|p1a: Clodsire|179/343 par\n|\n|-heal|p1a: Clodsire|200/343 par|[from] item: Leftovers\n|-damage|p2a: Greedent|54/100 tox|[from] psn\n|upkeep\n|turn|18\n|inactive|Time left: 300 sec this turn | 300 sec total\n|\n|t:|1783548959\n|move|p2a: Greedent|Body Slam|p1a: Clodsire\n|-damage|p1a: Clodsire|71/343 par\n|move|p1a: Clodsire|Recover|p1a: Clodsire\n|-heal|p1a: Clodsire|243/343 par\n|\n|-heal|p1a: Clodsire|264/343 par|[from] item: Leftovers\n|-damage|p2a: Greedent|24/100 tox|[from] psn\n|upkeep\n|turn|19\n|inactive|Time left: 300 sec this turn | 300 sec total\n|\n|t:|1783548960\n|move|p2a: Greedent|Body Slam|p1a: Clodsire\n|-damage|p1a: Clodsire|144/343 par\n|move|p1a: Clodsire|Recover|p1a: Clodsire\n|-heal|p1a: Clodsire|316/343 par\n|\n|-heal|p1a: Clodsire|337/343 par|[from] item: Leftovers\n|-damage|p2a: Greedent|0 fnt|[from] psn\n|faint|p2a: Greedent\n|upkeep\n|\n|t:|1783548961\n|switch|p2a: Pikachu|Pikachu-Unova, L93, F|100/100\n|turn|20\n|inactive|Time left: 300 sec this turn | 300 sec total\n|\n|t:|1783548962\n|move|p2a: Pikachu|Volt Tackle|p1a: Clodsire\n|-supereffective|p1a: Clodsire\n|-damage|p1a: Clodsire|0 fnt\n|faint|p1a: Clodsire\n|-damage|p2a: Pikachu|49/100|[from] Recoil\n|\n|upkeep\n|inactive|Time left: 300 sec this turn | 300 sec total | 5 sec grace\n|\n|t:|1783548963\n|switch|p1a: Ludicolo|Ludicolo, L90, F|290/290\n|-activate|p1a: Ludicolo|move: Sticky Web\n|-unboost|p1a: Ludicolo|spe|1\n|turn|21\n|inactive|Time left: 300 sec this turn | 300 sec total\n|\n|t:|1783548964\n|move|p2a: Pikachu|Volt Tackle|p1a: Ludicolo\n|-damage|p1a: Ludicolo|73/290\n|-damage|p2a: Pikachu|16/100|[from] Recoil\n|move|p1a: Ludicolo|Giga Drain|p2a: Pikachu\n|-damage|p2a: Pikachu|0 fnt\n|-heal|p1a: Ludicolo|90/290|[from] drain|[of] p2a: Pikachu\n|faint|p2a: Pikachu\n|-damage|p1a: Ludicolo|61/290|[from] item: Life Orb\n|\n|upkeep\n|\n|t:|1783548965\n|switch|p2a: Komala|Komala, L87, F|31/100\n|-ability|p2a: Komala|Comatose\n|turn|22\n|inactive|Time left: 300 sec this turn | 300 sec total\n|\n|t:|1783548966\n|move|p2a: Komala|U-turn|p1a: Ludicolo\n|-supereffective|p1a: Ludicolo\n|-damage|p1a: Ludicolo|0 fnt\n|faint|p1a: Ludicolo\n|\n|t:|1783548967\n|switch|p2a: Iron Bundle|Iron Bundle, L78|100/100|[from] U-turn\n|\n|upkeep\n|inactive|Time left: 300 sec this turn | 300 sec total | 10 sec grace\n|\n|t:|1783548968\n|switch|p1a: Zangoose|Zangoose, L85, M|263/263\n|-activate|p1a: Zangoose|move: Sticky Web\n|-unboost|p1a: Zangoose|spe|1\n|turn|23\n|inactive|Time left: 300 sec this turn | 300 sec total\n|\n|t:|1783548969\n|move|p2a: Iron Bundle|Freeze-Dry|p1a: Zangoose\n|-damage|p1a: Zangoose|151/263\n|move|p1a: Zangoose|Facade|p2a: Iron Bundle\n|-damage|p2a: Iron Bundle|63/100\n|\n|-status|p1a: Zangoose|tox|[from] item: Toxic Orb\n|upkeep\n|turn|24\n|inactive|Time left: 300 sec this turn | 300 sec total\n|\n|t:|1783548970\n|move|p2a: Iron Bundle|Hydro Pump|p1a: Zangoose\n|-damage|p1a: Zangoose|0 fnt\n|faint|p1a: Zangoose\n|\n|win|p0y844ead1", "uploadtime": 1783548970, "views": 0, "rating": 0, "private": 0, "password": null, "_winner": "p0y844ead1", "_our_name": "p0x84404fb"}