{"id": "battle-gen9randombattle-211", "formatid": "gen9randombattle", "format": "[Gen 9] Random Battle", "players": ["p0x211cd8c", "p0y2114d27"], "log": "|init|battle\n|title|p0x211cd8c vs. p0y2114d27\n|j|\u2606p0x211cd8c\n|j|\u2606p0y2114d27\n|t:|1783541538\n|gametype|singles\n|player|p1|p0x211cd8c|2|\n|player|p2|p0y2114d27|169|\n|gen|9\n|tier|[Gen 9] Random Battle\n|rule|Species Clause: Limit one of each Pok\u00e9mon\n|rule|HP Percentage Mod: HP is shown in percentages\n|rule|Sleep Clause Mod: Limit one foe put to sleep\n|rule|Illusion Level Mod: Illusion disguises the Pok\u00e9mon's true level\n|\n|t:|1783541538\n|teamsize|p1|6\n|teamsize|p2|6\n|start\n|switch|p1a: Slowbro|Slowbro-Galar, L87, M|307/307\n|switch|p2a: Copperajah|Copperajah, L86, F|100/100\n|turn|1\n|inactive|Battle timer is ON: inactive players will automatically lose when time's up. (requested by p0x211cd8c)\n|\n|t:|1783541540\n|move|p1a: Slowbro|Earthquake|p2a: Copperajah\n|-supereffective|p2a: Copperajah\n|-damage|p2a: Copperajah|50/100\n|move|p2a: Copperajah|Iron Head|p1a: Slowbro\n|-damage|p1a: Slowbro|132/307\n|-damage|p2a: Copperajah|33/100|[from] item: Rocky Helmet|[of] p1a: Slowbro\n|\n|upkeep\n|turn|2\n|inactive|Time left: 300 sec this turn | 300 sec total\n|inactive|p0y2114d27 also wants the timer to be on.\n|\n|t:|1783541541\n|move|p1a: Slowbro|Earthquake|p2a: Copperajah\n|-supereffective|p2a: Copperajah\n|-damage|p2a: Copperajah|0 fnt\n|faint|p2a: Copperajah\n|\n|upkeep\n|\n|t:|1783541542\n|switch|p2a: Enamorus|Enamorus-Therian, L83, F|100/100\n|turn|3\n|inactive|Time left: 300 sec this turn | 300 sec total\n|\n|t:|1783541543\n|switch|p1a: Carbink|Carbink, L90|236/236\n|move|p2a: Enamorus|Earth Power|p1a: Carbink\n|-supereffective|p1a: Carbink\n|-damage|p1a: Carbink|140/236\n|\n|-heal|p1a: Carbink|154/236|[from] item: Leftovers\n|upkeep\n|turn|4\n|inactive|Time left: 300 sec this turn | 300 sec total\n|\n|t:|1783541545\n|move|p1a: Carbink|Moonblast|p2a: Enamorus\n|-damage|p2a: Enamorus|75/100\n|-unboost|p2a: Enamorus|spa|1\n|move|p2a: Enamorus|Moonblast|p1a: Carbink\n|-damage|p1a: Carbink|99/236\n|\n|-heal|p1a: Carbink|113/236|[from] item: Leftovers\n|upkeep\n|turn|5\n|inactive|Time left: 300 sec this turn | 300 sec total\n|\n|t:|1783541546\n|switch|p2a: Gyarados|Gyarados, L79, M|100/100\n|-ability|p2a: Gyarados|Intimidate|boost\n|-unboost|p1a: Carbink|atk|1\n|move|p1a: Carbink|Rock Polish|p1a: Carbink\n|-boost|p1a: Carbink|spe|2\n|\n|-heal|p1a: Carbink|127/236|[from] item: Leftovers\n|upkeep\n|turn|6\n|inactive|Time left: 300 sec this turn | 300 sec total\n|\n|t:|1783541547\n|move|p1a: Carbink|Iron Defense|p1a: Carbink\n|-boost|p1a: Carbink|def|2\n|move|p2a: Gyarados|Dragon Dance|p2a: Gyarados\n|-boost|p2a: Gyarados|atk|1\n|-boost|p2a: Gyarados|spe|1\n|\n|-heal|p1a: Carbink|141/236|[from] item: Leftovers\n|upkeep\n|turn|7\n|inactive|Time left: 300 sec this turn | 300 sec total\n|\n|t:|1783541548\n|-terastallize|p1a: Carbink|Fighting\n|move|p1a: Carbink|Body Press|p2a: Gyarados\n|-resisted|p2a: Gyarados\n|-damage|p2a: Gyarados|47/100\n|move|p2a: Gyarados|Earthquake|p1a: Carbink\n|-crit|p1a: Carbink\n|-damage|p1a: Carbink|34/236\n|\n|-heal|p1a: Carbink|48/236|[from] item: Leftovers\n|upkeep\n|turn|8\n|inactive|Time left: 300 sec this turn | 300 sec total\n|\n|t:|1783541549\n|switch|p2a: Enamorus|Enamorus-Therian, L83, F|75/100\n|move|p1a: Carbink|Body Press|p2a: Enamorus\n|-resisted|p2a: Enamorus\n|-damage|p2a: Enamorus|51/100\n|\n|-heal|p1a: Carbink|62/236|[from] item: Leftovers\n|upkeep\n|turn|9\n|inactive|Time left: 300 sec this turn | 300 sec total\n|\n|t:|1783541550\n|move|p1a: Carbink|Body Press|p2a: Enamorus\n|-resisted|p2a: Enamorus\n|-damage|p2a: Enamorus|30/100\n|move|p2a: Enamorus|Moonblast|p1a: Carbink\n|-supereffective|p1a: Carbink\n|-damage|p1a: Carbink|0 fnt\n|faint|p1a: Carbink\n|\n|upkeep\n|inactive|Time left: 300 sec this turn | 300 sec total | 5 sec grace\n|\n|t:|1783541551\n|switch|p1a: Landorus|Landorus, L75, M|257/257\n|turn|10\n|inactive|Time left: 300 sec this turn | 300 sec total\n|\n|t:|1783541552\n|move|p1a: Landorus|Psychic|p2a: Enamorus\n|-damage|p2a: Enamorus|0 fnt\n|faint|p2a: Enamorus\n|\n|upkeep\n|\n|t:|1783541553\n|switch|p2a: Phione|Phione, L91|100/100\n|turn|11\n|inactive|Time left: 300 sec this turn | 300 sec total\n|\n|t:|1783541554\n|switch|p1a: Slowbro|Slowbro-Galar, L87, M|234/307\n|move|p2a: Phione|Ice Beam|p1a: Slowbro\n|-damage|p1a: Slowbro|158/307\n|\n|upkeep\n|turn|12\n|inactive|Time left: 300 sec this turn | 300 sec total\n|\n|t:|1783541555\n|move|p2a: Phione|Scald|p1a: Slowbro\n|-damage|p1a: Slowbro|59/307\n|move|p1a: Slowbro|Slack Off|p1a: Slowbro\n|-heal|p1a: Slowbro|213/307\n|\n|upkeep\n|turn|13\n|inactive|Time left: 300 sec this turn | 300 sec total\n|\n|t:|1783541556\n|move|p2a: Phione|Scald|p1a: Slowbro\n|-damage|p1a: Slowbro|114/307\n|-status|p1a: Slowbro|brn\n|move|p1a: Slowbro|Shell Side Arm|p2a: Phione|[anim] Shell Side Arm Physical\n|-damage|p2a: Phione|83/100\n|-hint|Physical Shell Side Arm\n|\n|-heal|p2a: Phione|90/100|[from] item: Leftovers\n|-damage|p1a: Slowbro|95/307 brn|[from] brn\n|upkeep\n|turn|14\n|inactive|Time left: 300 sec this turn | 300 sec total\n|\n|t:|1783541558\n|switch|p1a: Phione|Phione, L91|293/293\n|move|p2a: Phione|Scald|p1a: Phione\n|-resisted|p1a: Phione\n|-damage|p1a: Phione|250/293\n|\n|-heal|p1a: Phione|268/293|[from] item: Leftovers\n|-heal|p2a: Phione|96/100|[from] item: Leftovers\n|upkeep\n|turn|15\n|inactive|Time left: 300 sec this turn | 300 sec total\n|\n|t:|1783541559\n|move|p1a: Phione|Scald|p2a: Phione\n|-resisted|p2a: Phione\n|-damage|p2a: Phione|81/100\n|move|p2a: Phione|Scald|p1a: Phione\n|-resisted|p1a: Phione\n|-damage|p1a: Phione|228/293\n|-status|p1a: Phione|brn\n|\n|-heal|p1a: Phione|246/293 brn|[from] item: Leftovers\n|-heal|p2a: Phione|88/100|[from] item: Leftovers\n|-damage|p1a: Phione|228/293 brn|[from] brn\n|upkeep\n|turn|16\n|inactive|Time left: 300 sec this turn | 300 sec total\n|\n|t:|1783541560\n|move|p2a: Phione|Ice Beam|p1a: Phione\n|-resisted|p1a: Phione\n|-damage|p1a: Phione|196/293 brn\n|move|p1a: Phione|Ice Beam|p2a: Phione\n|-resisted|p2a: Phione\n|-damage|p2a: Phione|76/100\n|\n|-heal|p2a: Phione|82/100|[from] item: Leftovers\n|-heal|p1a: Phione|214/293 brn|[from] item: Leftovers\n|-damage|p1a: Phione|196/293 brn|[from] brn\n|upkeep\n|turn|17\n|inactive|Time left: 300 sec this turn | 300 sec total\n|\n|t:|1783541561\n|move|p2a: Phione|Ice Beam|p1a: Phione\n|-resisted|p1a: Phione\n|-damage|p1a: Phione|163/293 brn\n|move|p1a: Phione|Scald|p2a: Phione\n|-resisted|p2a: Phione\n|-damage|p2a: Phione|68/100\n|\n|-heal|p1a: Phione|181/293 brn|[from] item: Leftovers\n|-heal|p2a: Phione|74/100|[from] item: Leftovers\n|-damage|p1a: Phione|163/293 brn|[from] brn\n|upkeep\n|turn|18\n|inactive|Time left: 300 sec this turn | 300 sec total\n|\n|t:|1783541562\n|switch|p1a: Slowbro|Slowbro-Galar, L87, M|197/307 brn\n|move|p2a: Phione|Scald|p1a: Slowbro\n|-damage|p1a: Slowbro|91/307 brn\n|\n|-heal|p2a: Phione|80/100|[from] item: Leftovers\n|-damage|p1a: Slowbro|72/307 brn|[from] brn\n|upkeep\n|turn|19\n|inactive|Time left: 300 sec this turn | 300 sec total\n|\n|t:|1783541563\n|switch|p1a: Phione|Phione, L91|163/293 brn\n|move|p2a: Phione|Scald|p1a: Phione\n|-resisted|p1a: Phione\n|-damage|p1a: Phione|124/293 brn\n|\n|-heal|p2a: Phione|86/100|[from] item: Leftovers\n|-heal|p1a: Phione|142/293 brn|[from] item: Leftovers\n|-damage|p1a: Phione|124/293 brn|[from] brn\n|upkeep\n|turn|20\n|inactive|Time left: 300 sec this turn | 300 sec total\n|\n|t:|1783541564\n|move|p2a: Phione|Ice Beam|p1a: Phione\n|-resisted|p1a: Phione\n|-damage|p1a: Phione|91/293 brn\n|move|p1a: Phione|Scald|p2a: Phione\n|-resisted|p2a: Phione\n|-damage|p2a: Phione|71/100\n|-status|p2a: Phione|brn\n|\n|-heal|p1a: Phione|109/293 brn|[from] item: Leftovers\n|-heal|p2a: Phione|77/100 brn|[from] item: Leftovers\n|-damage|p1a: Phione|91/293 brn|[from] brn\n|-damage|p2a: Phione|71/100 brn|[from] brn\n|upkeep\n|turn|21\n|inactive|Time left: 300 sec this turn | 300 sec total\n|\n|t:|1783541565\n|switch|p1a: Slowbro|Slowbro-Galar, L87, M|174/307 brn\n|move|p2a: Phione|Scald|p1a: Slowbro\n|-damage|p1a: Slowbro|80/307 brn\n|\n|-heal|p2a: Phione|77/100 brn|[from] item: Leftovers\n|-damage|p2a: Phione|71/100 brn|[from] brn\n|-damage|p1a: Slowbro|61/307 brn|[from] brn\n|upkeep\n|turn|22\n|inactive|Time left: 300 sec this turn | 300 sec total\n|\n|t:|1783541566\n|switch|p1a: Reshiram|Reshiram, L76|277/277\n|-ability|p1a: Reshiram|Turboblaze\n|move|p2a: Phione|Scald|p1a: Reshiram\n|-damage|p1a: Reshiram|196/277\n|\n|-heal|p2a: Phione|77/100 brn|[from] item: Leftovers\n|-damage|p2a: Phione|71/100 brn|[from] brn\n|upkeep\n|turn|23\n|inactive|Time left: 300 sec this turn | 300 sec total\n|\n|t:|1783541567\n|move|p2a: Phione|Scald|p1a: Reshiram\n|-damage|p1a: Reshiram|123/277\n|move|p1a: Reshiram|Blue Flare|p2a: Phione\n|-resisted|p2a: Phione\n|-damage|p2a: Phione|42/100 brn\n|\n|-heal|p2a: Phione|49/100 brn|[from] item: Leftovers\n|-damage|p2a: Phione|42/100 brn|[from] brn\n|upkeep\n|turn|24\n|inactive|Time left: 300 sec this turn | 300 sec total\n|\n|t:|1783541568\n|move|p2a: Phione|Ice Beam|p1a: Reshiram\n|-damage|p1a: Reshiram|71/277\n|move|p1a: Reshiram|Draco Meteor|p2a: Phione\n|-damage|p2a: Phione|0 fnt\n|-unboost|p1a: Reshiram|spa|2\n|faint|p2a: Phione\n|\n|upkeep\n|\n|t:|1783541569\n|switch|p2a: Gyarados|Gyarados, L79, M|47/100\n|-ability|p2a: Gyarados|Intimidate|boost\n|-unboost|p1a: Reshiram|atk|1\n|turn|25\n|inactive|Time left: 300 sec this turn | 300 sec total\n|\n|t:|1783541570\n|switch|p1a: Leafeon|Leafeon, L88, M|258/258\n|move|p2a: Gyarados|Dragon Dance|p2a: Gyarados\n|-boost|p2a: Gyarados|atk|1\n|-boost|p2a: Gyarados|spe|1\n|\n|upkeep\n|turn|26\n|inactive|Time left: 300 sec this turn | 300 sec total\n|\n|t:|1783541570\n|switch|p2a: Zebstrika|Zebstrika, L87, M|100/100\n|move|p1a: Leafeon|Leaf Blade|p2a: Zebstrika\n|-ability|p2a: Zebstrika|Sap Sipper|boost\n|-boost|p2a: Zebstrika|atk|1\n|\n|upkeep\n|turn|27\n|inactive|Time left: 300 sec this turn | 300 sec total\n|\n|t:|1783541571\n|switch|p1a: Landorus|Landorus, L75, M|257/257\n|move|p2a: Zebstrika|Overheat|p1a: Landorus\n|-damage|p1a: Landorus|128/257\n|-unboost|p2a: Zebstrika|spa|2\n|-damage|p2a: Zebstrika|91/100|[from] item: Life Orb\n|\n|upkeep\n|turn|28\n|inactive|Time left: 300 sec this turn | 300 sec total\n|\n|t:|1783541572\n|switch|p2a: Gyarados|Gyarados, L79, M|47/100\n|-ability|p2a: Gyarados|Intimidate|boost\n|-unboost|p1a: Landorus|atk|1\n|move|p1a: Landorus|Psychic|p2a: Gyarados\n|-damage|p2a: Gyarados|15/100\n|\n|upkeep\n|turn|29\n|inactive|Time left: 300 sec this turn | 300 sec total\n|\n|t:|1783541573\n|move|p1a: Landorus|Sludge Wave|p2a: Gyarados\n|-damage|p2a: Gyarados|0 fnt\n|faint|p2a: Gyarados\n|\n|upkeep\n|\n|t:|1783541574\n|switch|p2a: Zebstrika|Zebstrika, L87, M|91/100\n|turn|30\n|inactive|Time left: 300 sec this turn | 300 sec total\n|\n|t:|1783541575\n|move|p2a: Zebstrika|Overheat|p1a: Landorus\n|-damage|p1a: Landorus|0 fnt\n|-unboost|p2a: Zebstrika|spa|2\n|faint|p1a: Landorus\n|-damage|p2a: Zebstrika|81/100|[from] item: Life Orb\n|\n|upkeep\n|inactive|Time left: 300 sec this turn | 300 sec total | 5 sec grace\n|\n|t:|1783541576\n|switch|p1a: Leafeon|Leafeon, L88, M|258/258\n|turn|31\n|inactive|Time left: 300 sec this turn | 300 sec total\n|\n|t:|1783541578\n|switch|p2a: Glimmora|Glimmora, L75, M|100/100\n|move|p1a: Leafeon|Swords Dance|p1a: Leafeon\n|-boost|p1a: Leafeon|atk|2\n|\n|upkeep\n|turn|32\n|inactive|Time left: 300 sec this turn | 300 sec total\n|\n|t:|1783541579\n|switch|p2a: Zebstrika|Zebstrika, L87, M|81/100\n|move|p1a: Leafeon|Leaf Blade|p2a: Zebstrika\n|-ability|p2a: Zebstrika|Sap Sipper|boost\n|-boost|p2a: Zebstrika|atk|1\n|\n|upkeep\n|turn|33\n|inactive|Time left: 300 sec this turn | 300 sec total\n|\n|t:|1783541580\n|move|p2a: Zebstrika|Overheat|p1a: Leafeon\n|-supereffective|p1a: Leafeon\n|-damage|p1a: Leafeon|14/258\n|-unboost|p2a: Zebstrika|spa|2\n|-damage|p2a: Zebstrika|71/100|[from] item: Life Orb\n|move|p1a: Leafeon|Knock Off|p2a: Zebstrika\n|-damage|p2a: Zebstrika|0 fnt\n|-enditem|p2a: Zebstrika|Life Orb|[from] move: Knock Off|[of] p1a: Leafeon\n|faint|p2a: Zebstrika\n|-damage|p1a: Leafeon|0 fnt|[from] item: Life Orb\n|faint|p1a: Leafeon\n|\n|upkeep\n|inactive|Time left: 300 sec this turn | 300 sec total | 5 sec grace\n|\n|t:|1783541581\n|switch|p2a: Glimmora|Glimmora, L75, M|100/100\n|switch|p1a: Phione|Phione, L91|91/293 brn\n|turn|34\n|inactive|Time left: 300 sec this turn | 300 sec total\n|\n|t:|1783541582\n|move|p1a: Phione|Ice Beam|p2a: Glimmora\n|-damage|p2a: Glimmora|68/100\n|move|p2a: Glimmora|Sludge Wave|p1a: Phione\n|-damage|p1a: Phione|0 fnt\n|faint|p1a: Phione\n|\n|upkeep\n|inactive|Time left: 300 sec this turn | 300 sec total | 5 sec grace\n|\n|t:|1783541583\n|switch|p1a: Reshiram|Reshiram, L76|71/277\n|-ability|p1a: Reshiram|Turboblaze\n|turn|35\n|inactive|Time left: 300 sec this turn | 300 sec total\n|\n|t:|1783541584\n|-terastallize|p2a: Glimmora|Ground\n|move|p1a: Reshiram|Draco Meteor|p2a: Glimmora\n|-damage|p2a: Glimmora|0 fnt\n|-unboost|p1a: Reshiram|spa|2\n|faint|p2a: Glimmora\n|\n|win|p0x211cd8c", "uploadtime": 1783541584, "views": 0, "rating": 0, "private": 0, "password": null, "_winner": "p0x211cd8c", "_our_name": "p0x211cd8c"}