{"id": "battle-gen9randombattle-2191", "formatid": "gen9randombattle", "format": "[Gen 9] Random Battle", "players": ["p0x2191b257", "p0y21919ed9"], "log": "|init|battle\n|title|p0x2191b257 vs. p0y21919ed9\n|j|\u2606p0x2191b257\n|j|\u2606p0y21919ed9\n|t:|1783565397\n|gametype|singles\n|player|p1|p0x2191b257|1|\n|player|p2|p0y21919ed9|266|\n|gen|9\n|tier|[Gen 9] Random Battle\n|rule|Species Clause: Limit one of each Pok\u00e9mon\n|rule|HP Percentage Mod: HP is shown in percentages\n|rule|Sleep Clause Mod: Limit one foe put to sleep\n|rule|Illusion Level Mod: Illusion disguises the Pok\u00e9mon's true level\n|\n|t:|1783565397\n|teamsize|p1|6\n|teamsize|p2|6\n|start\n|switch|p1a: Basculegion|Basculegion, L80, M|100/100\n|switch|p2a: Venusaur|Venusaur, L84, M|272/272\n|turn|1\n|inactive|Battle timer is ON: inactive players will automatically lose when time's up. (requested by p0y21919ed9)\n|\n|t:|1783565398\n|move|p2a: Venusaur|Sleep Powder|p1a: Basculegion\n|-status|p1a: Basculegion|slp|[from] move: Sleep Powder\n|cant|p1a: Basculegion|slp\n|\n|upkeep\n|turn|2\n|inactive|p0x2191b257 also wants the timer to be on.\n|inactive|Time left: 300 sec this turn | 300 sec total\n|\n|t:|1783565400\n|move|p2a: Venusaur|Sludge Bomb|p1a: Basculegion\n|-resisted|p1a: Basculegion\n|-damage|p1a: Basculegion|88/100 slp\n|-curestatus|p1a: Basculegion|slp|[msg]\n|move|p1a: Basculegion|Wave Crash|p2a: Venusaur\n|-resisted|p2a: Venusaur\n|-damage|p2a: Venusaur|175/272\n|-damage|p1a: Basculegion|79/100|[from] Recoil\n|\n|-heal|p2a: Venusaur|192/272|[from] item: Leftovers\n|upkeep\n|turn|3\n|inactive|Time left: 300 sec this turn | 300 sec total\n|\n|t:|1783565401\n|move|p2a: Venusaur|Sleep Powder|p1a: Basculegion|[miss]\n|-miss|p2a: Venusaur|p1a: Basculegion\n|move|p1a: Basculegion|Shadow Ball|p2a: Venusaur\n|-damage|p2a: Venusaur|110/272\n|\n|-heal|p2a: Venusaur|127/272|[from] item: Leftovers\n|upkeep\n|turn|4\n|inactive|Time left: 300 sec this turn | 300 sec total\n|\n|t:|1783565402\n|move|p2a: Venusaur|Sleep Powder|p1a: Basculegion\n|-status|p1a: Basculegion|slp|[from] move: Sleep Powder\n|cant|p1a: Basculegion|slp\n|\n|-heal|p2a: Venusaur|144/272|[from] item: Leftovers\n|upkeep\n|turn|5\n|inactive|Time left: 300 sec this turn | 300 sec total\n|\n|t:|1783565403\n|move|p2a: Venusaur|Leech Seed|p1a: Basculegion\n|-start|p1a: Basculegion|move: Leech Seed\n|-curestatus|p1a: Basculegion|slp|[msg]\n|move|p1a: Basculegion|Wave Crash|p2a: Venusaur\n|-resisted|p2a: Venusaur\n|-damage|p2a: Venusaur|58/272\n|-damage|p1a: Basculegion|70/100|[from] Recoil\n|\n|-heal|p2a: Venusaur|75/272|[from] item: Leftovers\n|-damage|p1a: Basculegion|57/100|[from] Leech Seed|[of] p2a: Venusaur\n|-heal|p2a: Venusaur|115/272|[silent]\n|upkeep\n|turn|6\n|inactive|Time left: 300 sec this turn | 300 sec total\n|\n|t:|1783565404\n|switch|p1a: Victreebel|Victreebel, L90, F|100/100\n|move|p2a: Venusaur|Sleep Powder|p1a: Victreebel\n|-immune|p1a: Victreebel\n|\n|-heal|p2a: Venusaur|132/272|[from] item: Leftovers\n|upkeep\n|turn|7\n|inactive|Time left: 300 sec this turn | 300 sec total\n|\n|t:|1783565405\n|move|p2a: Venusaur|Sludge Bomb|p1a: Victreebel\n|-damage|p1a: Victreebel|60/100\n|move|p1a: Victreebel|Swords Dance|p1a: Victreebel\n|-boost|p1a: Victreebel|atk|2\n|\n|-heal|p2a: Venusaur|149/272|[from] item: Leftovers\n|upkeep\n|turn|8\n|inactive|Time left: 300 sec this turn | 300 sec total\n|\n|t:|1783565406\n|switch|p2a: Skarmory|Skarmory, L80, M|235/235\n|move|p1a: Victreebel|Poison Jab|p2a: Skarmory\n|-immune|p2a: Skarmory\n|\n|upkeep\n|turn|9\n|inactive|Time left: 300 sec this turn | 300 sec total\n|\n|t:|1783565407\n|move|p1a: Victreebel|Poison Jab|p2a: Skarmory\n|-immune|p2a: Skarmory\n|move|p2a: Skarmory|Brave Bird|p1a: Victreebel\n|-supereffective|p1a: Victreebel\n|-damage|p1a: Victreebel|0 fnt\n|faint|p1a: Victreebel\n|-damage|p2a: Skarmory|178/235|[from] Recoil\n|\n|-heal|p2a: Skarmory|192/235|[from] item: Leftovers\n|upkeep\n|\n|t:|1783565408\n|switch|p1a: Reshiram|Reshiram, L76|100/100\n|-ability|p1a: Reshiram|Turboblaze\n|turn|10\n|inactive|Time left: 300 sec this turn | 300 sec total\n|\n|t:|1783565409\n|switch|p2a: Charizard|Charizard, L85, F|271/271\n|move|p1a: Reshiram|Blue Flare|p2a: Charizard\n|-resisted|p2a: Charizard\n|-damage|p2a: Charizard|191/271\n|\n|upkeep\n|turn|11\n|inactive|Time left: 300 sec this turn | 300 sec total\n|\n|t:|1783565410\n|switch|p1a: Regirock|Regirock, L83|100/100\n|move|p2a: Charizard|Outrage|p1a: Regirock\n|-damage|p1a: Regirock|86/100\n|\n|-heal|p1a: Regirock|92/100|[from] item: Leftovers\n|upkeep\n|turn|12\n|inactive|Time left: 300 sec this turn | 300 sec total\n|\n|t:|1783565411\n|move|p2a: Charizard|Outrage|p1a: Regirock|[from] lockedmove\n|-crit|p1a: Regirock\n|-damage|p1a: Regirock|68/100\n|-start|p2a: Charizard|confusion|[fatigue]\n|move|p1a: Regirock|Stone Edge|p2a: Charizard|[miss]\n|-miss|p1a: Regirock|p2a: Charizard\n|\n|-heal|p1a: Regirock|74/100|[from] item: Leftovers\n|upkeep\n|turn|13\n|inactive|Time left: 300 sec this turn | 300 sec total\n|\n|t:|1783565412\n|switch|p2a: Venusaur|Venusaur, L84, M|149/272\n|move|p1a: Regirock|Stone Edge|p2a: Venusaur\n|-damage|p2a: Venusaur|41/272\n|\n|-heal|p2a: Venusaur|58/272|[from] item: Leftovers\n|-heal|p1a: Regirock|80/100|[from] item: Leftovers\n|upkeep\n|turn|14\n|inactive|Time left: 300 sec this turn | 300 sec total\n|\n|t:|1783565413\n|move|p2a: Venusaur|Sleep Powder|p1a: Regirock\n|-status|p1a: Regirock|slp|[from] move: Sleep Powder\n|cant|p1a: Regirock|slp\n|\n|-heal|p2a: Venusaur|75/272|[from] item: Leftovers\n|-heal|p1a: Regirock|86/100 slp|[from] item: Leftovers\n|upkeep\n|turn|15\n|inactive|Time left: 300 sec this turn | 300 sec total\n|\n|t:|1783565414\n|move|p2a: Venusaur|Leech Seed|p1a: Regirock\n|-start|p1a: Regirock|move: Leech Seed\n|cant|p1a: Regirock|slp\n|\n|-heal|p2a: Venusaur|92/272|[from] item: Leftovers\n|-heal|p1a: Regirock|92/100 slp|[from] item: Leftovers\n|-damage|p1a: Regirock|80/100 slp|[from] Leech Seed|[of] p2a: Venusaur\n|-heal|p2a: Venusaur|125/272|[silent]\n|upkeep\n|turn|16\n|inactive|Time left: 300 sec this turn | 300 sec total\n|\n|t:|1783565415\n|move|p2a: Venusaur|Leech Seed|p1a: Regirock|[miss]\n|-miss|p2a: Venusaur|p1a: Regirock\n|-curestatus|p1a: Regirock|slp|[msg]\n|move|p1a: Regirock|Stone Edge|p2a: Venusaur\n|-crit|p2a: Venusaur\n|-damage|p2a: Venusaur|0 fnt\n|faint|p2a: Venusaur\n|\n|-heal|p1a: Regirock|86/100|[from] item: Leftovers\n|upkeep\n|inactive|Time left: 300 sec this turn | 300 sec total | 5 sec grace\n|\n|t:|1783565416\n|switch|p2a: Flygon|Flygon, L82, F|265/265\n|turn|17\n|inactive|Time left: 300 sec this turn | 300 sec total\n|\n|t:|1783565417\n|move|p2a: Flygon|Earthquake|p1a: Regirock\n|-supereffective|p1a: Regirock\n|-damage|p1a: Regirock|49/100\n|move|p1a: Regirock|Iron Defense|p1a: Regirock\n|-boost|p1a: Regirock|def|2\n|\n|-heal|p1a: Regirock|55/100|[from] item: Leftovers\n|-damage|p1a: Regirock|43/100|[from] Leech Seed|[of] p2a: Flygon\n|upkeep\n|turn|18\n|inactive|Time left: 300 sec this turn | 300 sec total\n|\n|t:|1783565418\n|switch|p2a: Clefable|Clefable, L83, M|293/293\n|-terastallize|p1a: Regirock|Fighting\n|move|p1a: Regirock|Body Press|p2a: Clefable\n|-resisted|p2a: Clefable\n|-damage|p2a: Clefable|213/293\n|\n|-heal|p2a: Clefable|231/293|[from] item: Leftovers\n|-heal|p1a: Regirock|49/100|[from] item: Leftovers\n|-damage|p1a: Regirock|37/100|[from] Leech Seed|[of] p2a: Clefable\n|-heal|p2a: Clefable|264/293|[silent]\n|upkeep\n|turn|19\n|inactive|Time left: 300 sec this turn | 300 sec total\n|\n|t:|1783565419\n|switch|p1a: Basculegion|Basculegion, L80, M|57/100\n|move|p2a: Clefable|Moonblast|p1a: Basculegion\n|-damage|p1a: Basculegion|31/100\n|\n|-heal|p2a: Clefable|282/293|[from] item: Leftovers\n|upkeep\n|turn|20\n|inactive|Time left: 300 sec this turn | 300 sec total\n|\n|t:|1783565420\n|move|p1a: Basculegion|Wave Crash|p2a: Clefable\n|-damage|p2a: Clefable|92/293\n|-damage|p1a: Basculegion|12/100|[from] Recoil\n|move|p2a: Clefable|Moonblast|p1a: Basculegion\n|-damage|p1a: Basculegion|0 fnt\n|faint|p1a: Basculegion\n|\n|-heal|p2a: Clefable|110/293|[from] item: Leftovers\n|upkeep\n|\n|t:|1783565421\n|switch|p1a: Reshiram|Reshiram, L76|100/100\n|-ability|p1a: Reshiram|Turboblaze\n|turn|21\n|inactive|Time left: 300 sec this turn | 300 sec total\n|\n|t:|1783565422\n|move|p1a: Reshiram|Blue Flare|p2a: Clefable\n|-damage|p2a: Clefable|0 fnt\n|faint|p2a: Clefable\n|\n|upkeep\n|inactive|Time left: 300 sec this turn | 300 sec total | 5 sec grace\n|\n|t:|1783565423\n|switch|p2a: Flygon|Flygon, L82, F|265/265\n|turn|22\n|inactive|Time left: 300 sec this turn | 300 sec total\n|\n|t:|1783565424\n|-terastallize|p2a: Flygon|Ground\n|move|p2a: Flygon|Earthquake|p1a: Reshiram\n|-supereffective|p1a: Reshiram\n|-damage|p1a: Reshiram|5/100\n|move|p1a: Reshiram|Draco Meteor|p2a: Flygon\n|-damage|p2a: Flygon|100/265\n|-unboost|p1a: Reshiram|spa|2\n|\n|upkeep\n|turn|23\n|inactive|Time left: 300 sec this turn | 300 sec total\n|\n|t:|1783565425\n|switch|p1a: Umbreon|Umbreon, L84, F|100/100\n|move|p2a: Flygon|Outrage|p1a: Umbreon\n|-damage|p1a: Umbreon|66/100\n|\n|-heal|p1a: Umbreon|72/100|[from] item: Leftovers\n|upkeep\n|turn|24\n|inactive|Time left: 300 sec this turn | 300 sec total\n|\n|t:|1783565426\n|move|p2a: Flygon|Outrage|p1a: Umbreon|[from] lockedmove\n|-damage|p1a: Umbreon|35/100\n|move|p1a: Umbreon|Foul Play|p2a: Flygon\n|-damage|p2a: Flygon|0 fnt\n|faint|p2a: Flygon\n|\n|-heal|p1a: Umbreon|41/100|[from] item: Leftovers\n|upkeep\n|inactive|Time left: 300 sec this turn | 300 sec total | 5 sec grace\n|\n|t:|1783565427\n|switch|p2a: Skarmory|Skarmory, L80, M|192/235\n|turn|25\n|inactive|Time left: 300 sec this turn | 300 sec total\n|\n|t:|1783565429\n|switch|p1a: Lanturn|Lanturn, L89, M|100/100\n|move|p2a: Skarmory|Body Press|p1a: Lanturn\n|-damage|p1a: Lanturn|78/100\n|\n|-heal|p2a: Skarmory|206/235|[from] item: Leftovers\n|upkeep\n|turn|26\n|inactive|Time left: 300 sec this turn | 300 sec total\n|\n|t:|1783565430\n|switch|p2a: Breloom|Breloom, L83, M|235/235\n|move|p1a: Lanturn|Thunderbolt|p2a: Breloom\n|-resisted|p2a: Breloom\n|-damage|p2a: Breloom|179/235\n|\n|upkeep\n|turn|27\n|inactive|Time left: 300 sec this turn | 300 sec total\n|\n|t:|1783565431\n|move|p1a: Lanturn|Volt Switch|p2a: Breloom\n|-resisted|p2a: Breloom\n|-damage|p2a: Breloom|133/235\n|\n|t:|1783565432\n|switch|p1a: Reshiram|Reshiram, L76|5/100|[from] Volt Switch\n|-ability|p1a: Reshiram|Turboblaze\n|move|p2a: Breloom|Bullet Seed|p1a: Reshiram\n|-resisted|p1a: Reshiram\n|-damage|p1a: Reshiram|0 fnt\n|faint|p1a: Reshiram\n|-hitcount|p1: Reshiram|1\n|-damage|p2a: Breloom|110/235|[from] item: Life Orb\n|\n|upkeep\n|\n|t:|1783565433\n|switch|p1a: Lanturn|Lanturn, L89, M|78/100\n|turn|28\n|inactive|Time left: 300 sec this turn | 300 sec total\n|\n|t:|1783565433\n|move|p1a: Lanturn|Volt Switch|p2a: Breloom\n|-resisted|p2a: Breloom\n|-damage|p2a: Breloom|67/235\n|\n|t:|1783565434\n|switch|p1a: Regirock|Regirock, L83, tera:Fighting|37/100|[from] Volt Switch\n|move|p2a: Breloom|Bullet Seed|p1a: Regirock\n|-damage|p1a: Regirock|25/100\n|-damage|p1a: Regirock|12/100\n|-hitcount|p1a: Regirock|2\n|-damage|p2a: Breloom|44/235|[from] item: Life Orb\n|\n|-heal|p1a: Regirock|18/100|[from] item: Leftovers\n|upkeep\n|turn|29\n|inactive|Time left: 300 sec this turn | 300 sec total\n|\n|t:|1783565435\n|move|p2a: Breloom|Bullet Seed|p1a: Regirock\n|-damage|p1a: Regirock|5/100\n|-crit|p1a: Regirock\n|-damage|p1a: Regirock|0 fnt\n|faint|p1a: Regirock\n|-hitcount|p1: Regirock|2\n|-damage|p2a: Breloom|21/235|[from] item: Life Orb\n|\n|upkeep\n|\n|t:|1783565436\n|switch|p1a: Lanturn|Lanturn, L89, M|78/100\n|turn|30\n|inactive|Time left: 300 sec this turn | 300 sec total\n|\n|t:|1783565437\n|move|p2a: Breloom|Mach Punch|p1a: Lanturn\n|-damage|p1a: Lanturn|44/100\n|-damage|p2a: Breloom|0 fnt|[from] item: Life Orb\n|faint|p2a: Breloom\n|move|p1a: Lanturn|Thunderbolt|p2: Breloom|[notarget]\n|-fail|p1a: Lanturn\n|\n|upkeep\n|inactive|Time left: 300 sec this turn | 300 sec total | 5 sec grace\n|\n|t:|1783565438\n|switch|p2a: Charizard|Charizard, L85, F|191/271\n|turn|31\n|inactive|Time left: 300 sec this turn | 300 sec total\n|\n|t:|1783565439\n|switch|p1a: Umbreon|Umbreon, L84, F|41/100\n|move|p2a: Charizard|Earthquake|p1a: Umbreon\n|-damage|p1a: Umbreon|23/100\n|\n|-heal|p1a: Umbreon|29/100|[from] item: Leftovers\n|upkeep\n|turn|32\n|inactive|Time left: 300 sec this turn | 300 sec total\n|\n|t:|1783565440\n|move|p1a: Umbreon|Protect|p1a: Umbreon\n|-singleturn|p1a: Umbreon|Protect\n|move|p2a: Charizard|Flare Blitz|p1a: Umbreon\n|-activate|p1a: Umbreon|move: Protect\n|\n|-heal|p1a: Umbreon|36/100|[from] item: Leftovers\n|upkeep\n|turn|33\n|inactive|Time left: 300 sec this turn | 300 sec total\n|\n|t:|1783565441\n|move|p2a: Charizard|Flare Blitz|p1a: Umbreon\n|-damage|p1a: Umbreon|0 fnt\n|faint|p1a: Umbreon\n|-damage|p2a: Charizard|157/271|[from] Recoil\n|\n|upkeep\n|\n|t:|1783565442\n|switch|p1a: Lanturn|Lanturn, L89, M|44/100\n|turn|34\n|inactive|Time left: 300 sec this turn | 300 sec total\n|\n|t:|1783565443\n|move|p2a: Charizard|Earthquake|p1a: Lanturn\n|-supereffective|p1a: Lanturn\n|-damage|p1a: Lanturn|0 fnt\n|faint|p1a: Lanturn\n|\n|win|p0y21919ed9", "uploadtime": 1783565443, "views": 0, "rating": 0, "private": 0, "password": null, "_winner": "p0y21919ed9", "_our_name": "p0y21919ed9"}