{"id": "battle-gen9randombattle-2196", "formatid": "gen9randombattle", "format": "[Gen 9] Random Battle", "players": ["p0x2196e784", "p0y2196b22b"], "log": "|init|battle\n|title|p0x2196e784 vs. p0y2196b22b\n|j|\u2606p0x2196e784\n|j|\u2606p0y2196b22b\n|t:|1783565452\n|gametype|singles\n|player|p1|p0x2196e784|1|\n|player|p2|p0y2196b22b|102|\n|gen|9\n|tier|[Gen 9] Random Battle\n|rule|Species Clause: Limit one of each Pok\u00e9mon\n|rule|HP Percentage Mod: HP is shown in percentages\n|rule|Sleep Clause Mod: Limit one foe put to sleep\n|rule|Illusion Level Mod: Illusion disguises the Pok\u00e9mon's true level\n|\n|t:|1783565452\n|teamsize|p1|6\n|teamsize|p2|6\n|start\n|switch|p1a: Morpeko|Morpeko, L88, F|245/245\n|switch|p2a: Lycanroc|Lycanroc-Midnight, L89, M|100/100\n|turn|1\n|inactive|Battle timer is ON: inactive players will automatically lose when time's up. (requested by p0y2196b22b)\n|inactive|Time left: 300 sec this turn | 300 sec total | 60 sec grace\n|inactive|p0x2196e784 also wants the timer to be on.\n|\n|t:|1783565453\n|switch|p1a: Iron Valiant|Iron Valiant, L78|244/244\n|move|p2a: Lycanroc|Stone Edge|p1a: Iron Valiant\n|-resisted|p1a: Iron Valiant\n|-damage|p1a: Iron Valiant|157/244\n|-damage|p2a: Lycanroc|91/100|[from] item: Life Orb\n|\n|upkeep\n|turn|2\n|inactive|Time left: 300 sec this turn | 300 sec total\n|\n|t:|1783565455\n|move|p1a: Iron Valiant|Close Combat|p2a: Lycanroc\n|-supereffective|p2a: Lycanroc\n|-damage|p2a: Lycanroc|0 fnt\n|-unboost|p1a: Iron Valiant|def|1\n|-unboost|p1a: Iron Valiant|spd|1\n|faint|p2a: Lycanroc\n|-damage|p1a: Iron Valiant|133/244|[from] item: Life Orb\n|\n|upkeep\n|\n|t:|1783565456\n|switch|p2a: Magearna|Magearna, L77|100/100\n|turn|3\n|inactive|Time left: 300 sec this turn | 300 sec total\n|\n|t:|1783565457\n|move|p1a: Iron Valiant|Close Combat|p2a: Magearna\n|-damage|p2a: Magearna|32/100\n|-unboost|p1a: Iron Valiant|def|1\n|-unboost|p1a: Iron Valiant|spd|1\n|-damage|p1a: Iron Valiant|109/244|[from] item: Life Orb\n|move|p2a: Magearna|Shift Gear|p2a: Magearna\n|-boost|p2a: Magearna|spe|2\n|-boost|p2a: Magearna|atk|1\n|\n|upkeep\n|turn|4\n|inactive|Time left: 300 sec this turn | 300 sec total\n|\n|t:|1783565457\n|-end|p1a: Iron Valiant|Quark Drive|[silent]\n|switch|p1a: Heatran|Heatran, L79, M|273/273\n|-item|p1a: Heatran|Air Balloon\n|move|p2a: Magearna|Iron Head|p1a: Heatran\n|-resisted|p1a: Heatran\n|-damage|p1a: Heatran|251/273\n|-enditem|p1a: Heatran|Air Balloon\n|\n|upkeep\n|turn|5\n|inactive|Time left: 300 sec this turn | 300 sec total\n|\n|t:|1783565459\n|-terastallize|p2a: Magearna|Ground\n|-terastallize|p1a: Heatran|Flying\n|move|p2a: Magearna|Tera Blast|p1a: Heatran|[anim] Tera Blast Ground\n|-immune|p1a: Heatran\n|move|p1a: Heatran|Heavy Slam|p2a: Magearna\n|-damage|p2a: Magearna|0 fnt\n|faint|p2a: Magearna\n|\n|upkeep\n|\n|t:|1783565460\n|switch|p2a: Umbreon|Umbreon, L84, M|100/100\n|turn|6\n|inactive|Time left: 300 sec this turn | 300 sec total\n|\n|t:|1783565461\n|move|p1a: Heatran|Stealth Rock|p2a: Umbreon\n|-sidestart|p2: p0y2196b22b|move: Stealth Rock\n|move|p2a: Umbreon|Toxic|p1a: Heatran|[miss]\n|-miss|p2a: Umbreon|p1a: Heatran\n|\n|upkeep\n|turn|7\n|inactive|Time left: 300 sec this turn | 300 sec total\n|\n|t:|1783565461\n|switch|p1a: Iron Valiant|Iron Valiant, L78|109/244\n|move|p2a: Umbreon|Toxic|p1a: Iron Valiant\n|-status|p1a: Iron Valiant|tox\n|\n|-damage|p1a: Iron Valiant|94/244 tox|[from] psn\n|upkeep\n|turn|8\n|inactive|Time left: 300 sec this turn | 300 sec total\n|\n|t:|1783565462\n|move|p2a: Umbreon|Protect|p2a: Umbreon\n|-singleturn|p2a: Umbreon|Protect\n|move|p1a: Iron Valiant|Close Combat|p2a: Umbreon\n|-activate|p2a: Umbreon|move: Protect\n|\n|-damage|p1a: Iron Valiant|64/244 tox|[from] psn\n|upkeep\n|turn|9\n|inactive|Time left: 300 sec this turn | 300 sec total\n|\n|t:|1783565463\n|switch|p2a: Metagross|Metagross, L79|100/100\n|-damage|p2a: Metagross|94/100|[from] Stealth Rock\n|move|p1a: Iron Valiant|Close Combat|p2a: Metagross\n|-damage|p2a: Metagross|40/100\n|-unboost|p1a: Iron Valiant|def|1\n|-unboost|p1a: Iron Valiant|spd|1\n|-damage|p1a: Iron Valiant|40/244 tox|[from] item: Life Orb\n|\n|-damage|p1a: Iron Valiant|0 fnt|[from] psn\n|faint|p1a: Iron Valiant\n|-end|p1a: Iron Valiant|Quark Drive|[silent]\n|upkeep\n|inactive|Time left: 300 sec this turn | 300 sec total | 5 sec grace\n|\n|t:|1783565464\n|switch|p1a: Morpeko|Morpeko, L88, F|245/245\n|turn|10\n|inactive|Time left: 300 sec this turn | 300 sec total\n|\n|t:|1783565465\n|switch|p2a: Zamazenta|Zamazenta, L71|100/100\n|-damage|p2a: Zamazenta|94/100|[from] Stealth Rock\n|-ability|p2a: Zamazenta|Dauntless Shield|boost\n|-boost|p2a: Zamazenta|def|1\n|move|p1a: Morpeko|Knock Off|p2a: Zamazenta\n|-resisted|p2a: Zamazenta\n|-damage|p2a: Zamazenta|81/100\n|-enditem|p2a: Zamazenta|Chesto Berry|[from] move: Knock Off|[of] p1a: Morpeko\n|\n|-formechange|p1a: Morpeko|Morpeko-Hangry||[from] ability: Hunger Switch\n|upkeep\n|turn|11\n|inactive|Time left: 300 sec this turn | 300 sec total\n|\n|t:|1783565466\n|switch|p1a: Rotom|Rotom-Fan, L86|226/226\n|move|p2a: Zamazenta|Body Press|p1a: Rotom\n|-resisted|p1a: Rotom\n|-damage|p1a: Rotom|182/226\n|\n|upkeep\n|turn|12\n|inactive|Time left: 300 sec this turn | 300 sec total\n|\n|t:|1783565467\n|move|p2a: Zamazenta|Stone Edge|p1a: Rotom\n|-supereffective|p1a: Rotom\n|-damage|p1a: Rotom|80/226\n|move|p1a: Rotom|Air Slash|p2a: Zamazenta\n|-supereffective|p2a: Zamazenta\n|-damage|p2a: Zamazenta|13/100\n|\n|upkeep\n|turn|13\n|inactive|Time left: 300 sec this turn | 300 sec total\n|\n|t:|1783565468\n|switch|p1a: Flutter Mane|Flutter Mane, L74|203/203\n|move|p2a: Zamazenta|Stone Edge|p1a: Flutter Mane\n|-damage|p1a: Flutter Mane|99/203\n|\n|upkeep\n|turn|14\n|inactive|Time left: 300 sec this turn | 300 sec total\n|\n|t:|1783565469\n|move|p1a: Flutter Mane|Moonblast|p2a: Zamazenta\n|-supereffective|p2a: Zamazenta\n|-damage|p2a: Zamazenta|0 fnt\n|faint|p2a: Zamazenta\n|-damage|p1a: Flutter Mane|79/203|[from] item: Life Orb\n|\n|upkeep\n|\n|t:|1783565470\n|switch|p2a: Umbreon|Umbreon, L84, M|100/100\n|-damage|p2a: Umbreon|88/100|[from] Stealth Rock\n|turn|15\n|inactive|Time left: 300 sec this turn | 300 sec total\n|\n|t:|1783565471\n|move|p1a: Flutter Mane|Moonblast|p2a: Umbreon\n|-supereffective|p2a: Umbreon\n|-damage|p2a: Umbreon|25/100\n|-damage|p1a: Flutter Mane|59/203|[from] item: Life Orb\n|move|p2a: Umbreon|Foul Play|p1a: Flutter Mane\n|-damage|p1a: Flutter Mane|0 fnt\n|faint|p1a: Flutter Mane\n|-end|p1a: Flutter Mane|Protosynthesis|[silent]\n|\n|-heal|p2a: Umbreon|31/100|[from] item: Leftovers\n|upkeep\n|inactive|Time left: 300 sec this turn | 300 sec total | 5 sec grace\n|\n|t:|1783565472\n|switch|p1a: Oranguru|Oranguru, L92, M|315/315\n|turn|16\n|inactive|Time left: 300 sec this turn | 300 sec total\n|\n|t:|1783565474\n|move|p2a: Umbreon|Protect|p2a: Umbreon\n|-singleturn|p2a: Umbreon|Protect\n|move|p1a: Oranguru|Hyper Voice|p2a: Umbreon\n|-activate|p2a: Umbreon|move: Protect\n|\n|-heal|p2a: Umbreon|37/100|[from] item: Leftovers\n|upkeep\n|turn|17\n|inactive|Time left: 300 sec this turn | 300 sec total\n|\n|t:|1783565475\n|move|p2a: Umbreon|Protect||[still]\n|-fail|p2a: Umbreon\n|move|p1a: Oranguru|Hyper Voice|p2a: Umbreon\n|-damage|p2a: Umbreon|0 fnt\n|faint|p2a: Umbreon\n|\n|upkeep\n|\n|t:|1783565476\n|switch|p2a: Gothitelle|Gothitelle, L90, F|100/100\n|-damage|p2a: Gothitelle|88/100|[from] Stealth Rock\n|turn|18\n|inactive|Time left: 300 sec this turn | 300 sec total\n|\n|t:|1783565477\n|move|p2a: Gothitelle|Calm Mind|p2a: Gothitelle\n|-boost|p2a: Gothitelle|spa|1\n|-boost|p2a: Gothitelle|spd|1\n|move|p1a: Oranguru|Hyper Voice|p2a: Gothitelle\n|-crit|p2a: Gothitelle\n|-damage|p2a: Gothitelle|23/100\n|\n|-heal|p2a: Gothitelle|29/100|[from] item: Leftovers\n|upkeep\n|turn|19\n|inactive|Time left: 300 sec this turn | 300 sec total\n|\n|t:|1783565478\n|move|p2a: Gothitelle|Calm Mind|p2a: Gothitelle\n|-boost|p2a: Gothitelle|spa|1\n|-boost|p2a: Gothitelle|spd|1\n|move|p1a: Oranguru|Hyper Voice|p2a: Gothitelle\n|-damage|p2a: Gothitelle|5/100\n|\n|-heal|p2a: Gothitelle|11/100|[from] item: Leftovers\n|upkeep\n|turn|20\n|inactive|Time left: 300 sec this turn | 300 sec total\n|\n|t:|1783565479\n|move|p2a: Gothitelle|Focus Blast|p1a: Oranguru\n|-damage|p1a: Oranguru|171/315\n|move|p1a: Oranguru|Hyper Voice|p2a: Gothitelle\n|-damage|p2a: Gothitelle|0 fnt\n|faint|p2a: Gothitelle\n|\n|upkeep\n|\n|t:|1783565480\n|switch|p2a: Metagross|Metagross, L79|40/100\n|-damage|p2a: Metagross|33/100|[from] Stealth Rock\n|turn|21\n|inactive|Time left: 300 sec this turn | 300 sec total\n|\n|t:|1783565481\n|move|p1a: Oranguru|Hyper Voice|p2a: Metagross\n|-resisted|p2a: Metagross\n|-damage|p2a: Metagross|0 fnt\n|faint|p2a: Metagross\n|\n|win|p0x2196e784", "uploadtime": 1783565481, "views": 0, "rating": 0, "private": 0, "password": null, "_winner": "p0x2196e784", "_our_name": "p0x2196e784"}