{"id": "battle-gen9randombattle-711", "formatid": "gen9randombattle", "format": "[Gen 9] Random Battle", "players": ["p0x7112b18", "p0y7113f7f"], "log": "|init|battle\n|title|p0x7112b18 vs. p0y7113f7f\n|j|\u2606p0x7112b18\n|j|\u2606p0y7113f7f\n|t:|1783548075\n|gametype|singles\n|player|p1|p0x7112b18|2|\n|player|p2|p0y7113f7f|265|\n|gen|9\n|tier|[Gen 9] Random Battle\n|rule|Species Clause: Limit one of each Pok\u00e9mon\n|rule|HP Percentage Mod: HP is shown in percentages\n|rule|Sleep Clause Mod: Limit one foe put to sleep\n|rule|Illusion Level Mod: Illusion disguises the Pok\u00e9mon's true level\n|\n|t:|1783548075\n|teamsize|p1|6\n|teamsize|p2|6\n|start\n|switch|p1a: Serperior|Serperior, L79, F|100/100\n|switch|p2a: Medicham|Medicham, L86, F|243/243\n|turn|1\n|inactive|Battle timer is ON: inactive players will automatically lose when time's up. (requested by p0x7112b18)\n|inactive|Time left: 300 sec this turn | 300 sec total | 60 sec grace\n|inactive|p0y7113f7f also wants the timer to be on.\n|\n|t:|1783548076\n|move|p1a: Serperior|Leaf Storm|p2a: Medicham\n|-damage|p2a: Medicham|134/243\n|-boost|p1a: Serperior|spa|2\n|move|p2a: Medicham|Close Combat|p1a: Serperior\n|-damage|p1a: Serperior|0 fnt\n|-unboost|p2a: Medicham|def|1\n|-unboost|p2a: Medicham|spd|1\n|faint|p1a: Serperior\n|\n|upkeep\n|\n|t:|1783548077\n|switch|p1a: Squawkabilly|Squawkabilly, L85, M|100/100\n|turn|2\n|inactive|Time left: 300 sec this turn | 300 sec total\n|\n|t:|1783548079\n|switch|p2a: Gengar|Gengar, L81, M|230/230\n|move|p1a: Squawkabilly|Brave Bird|p2a: Gengar\n|-damage|p2a: Gengar|56/230\n|-damage|p1a: Squawkabilly|80/100|[from] Recoil\n|\n|-status|p1a: Squawkabilly|brn|[from] item: Flame Orb\n|upkeep\n|turn|3\n|inactive|Time left: 300 sec this turn | 300 sec total\n|\n|t:|1783548080\n|switch|p1a: Toucannon|Toucannon, L88, M|100/100\n|move|p2a: Gengar|Sludge Wave|p1a: Toucannon\n|-damage|p1a: Toucannon|35/100\n|-status|p1a: Toucannon|psn\n|\n|-damage|p1a: Toucannon|22/100 psn|[from] psn\n|upkeep\n|turn|4\n|inactive|Time left: 300 sec this turn | 300 sec total\n|\n|t:|1783548081\n|-terastallize|p1a: Toucannon|Steel\n|move|p2a: Gengar|Sludge Wave|p1a: Toucannon\n|-immune|p1a: Toucannon\n|move|p1a: Toucannon|Roost|p1a: Toucannon\n|-heal|p1a: Toucannon|72/100 psn\n|\n|-damage|p1a: Toucannon|60/100 psn|[from] psn\n|upkeep\n|turn|5\n|inactive|Time left: 300 sec this turn | 300 sec total\n|\n|t:|1783548082\n|switch|p2a: Snorlax|Snorlax, L82, M|397/397\n|-singleturn|p1a: Toucannon|move: Beak Blast\n|move|p1a: Toucannon|Beak Blast|p2a: Snorlax\n|-damage|p2a: Snorlax|207/397\n|\n|-heal|p2a: Snorlax|231/397|[from] item: Leftovers\n|-damage|p1a: Toucannon|48/100 psn|[from] psn\n|upkeep\n|turn|6\n|inactive|Time left: 300 sec this turn | 300 sec total\n|\n|t:|1783548083\n|move|p1a: Toucannon|Roost|p1a: Toucannon\n|-heal|p1a: Toucannon|98/100 psn\n|move|p2a: Snorlax|Curse|p2a: Snorlax\n|-unboost|p2a: Snorlax|spe|1\n|-boost|p2a: Snorlax|atk|1\n|-boost|p2a: Snorlax|def|1\n|\n|-heal|p2a: Snorlax|255/397|[from] item: Leftovers\n|-damage|p1a: Toucannon|85/100 psn|[from] psn\n|upkeep\n|turn|7\n|inactive|Time left: 300 sec this turn | 300 sec total\n|\n|t:|1783548084\n|move|p1a: Toucannon|Knock Off|p2a: Snorlax\n|-damage|p2a: Snorlax|182/397\n|-enditem|p2a: Snorlax|Leftovers|[from] move: Knock Off|[of] p1a: Toucannon\n|move|p2a: Snorlax|Body Slam|p1a: Toucannon\n|-resisted|p1a: Toucannon\n|-damage|p1a: Toucannon|59/100 psn\n|\n|-damage|p1a: Toucannon|46/100 psn|[from] psn\n|upkeep\n|turn|8\n|inactive|Time left: 300 sec this turn | 300 sec total\n|\n|t:|1783548086\n|move|p1a: Toucannon|Roost|p1a: Toucannon\n|-heal|p1a: Toucannon|96/100 psn\n|move|p2a: Snorlax|Body Slam|p1a: Toucannon\n|-resisted|p1a: Toucannon\n|-damage|p1a: Toucannon|71/100 psn\n|\n|-damage|p1a: Toucannon|59/100 psn|[from] psn\n|upkeep\n|turn|9\n|inactive|Time left: 300 sec this turn | 300 sec total\n|\n|t:|1783548087\n|move|p1a: Toucannon|Roost|p1a: Toucannon\n|-heal|p1a: Toucannon|100/100 psn\n|move|p2a: Snorlax|Body Slam|p1a: Toucannon\n|-resisted|p1a: Toucannon\n|-damage|p1a: Toucannon|73/100 psn\n|\n|-damage|p1a: Toucannon|61/100 psn|[from] psn\n|upkeep\n|turn|10\n|inactive|Time left: 300 sec this turn | 300 sec total\n|\n|t:|1783548088\n|move|p1a: Toucannon|Roost|p1a: Toucannon\n|-heal|p1a: Toucannon|100/100 psn\n|move|p2a: Snorlax|Body Slam|p1a: Toucannon\n|-resisted|p1a: Toucannon\n|-damage|p1a: Toucannon|73/100 psn\n|\n|-damage|p1a: Toucannon|60/100 psn|[from] psn\n|upkeep\n|turn|11\n|inactive|Time left: 300 sec this turn | 300 sec total\n|\n|t:|1783548089\n|-singleturn|p1a: Toucannon|move: Beak Blast\n|move|p2a: Snorlax|Body Slam|p1a: Toucannon\n|-resisted|p1a: Toucannon\n|-damage|p1a: Toucannon|33/100 psn\n|-status|p2a: Snorlax|brn\n|move|p1a: Toucannon|Beak Blast|p2a: Snorlax\n|-damage|p2a: Snorlax|71/397 brn\n|\n|-damage|p1a: Toucannon|21/100 psn|[from] psn\n|-damage|p2a: Snorlax|47/397 brn|[from] brn\n|upkeep\n|turn|12\n|inactive|Time left: 300 sec this turn | 300 sec total\n|\n|t:|1783548090\n|move|p1a: Toucannon|Roost|p1a: Toucannon\n|-heal|p1a: Toucannon|71/100 psn\n|move|p2a: Snorlax|Rest|p2a: Snorlax\n|-status|p2a: Snorlax|slp|[from] move: Rest\n|-heal|p2a: Snorlax|397/397 slp|[silent]\n|\n|-damage|p1a: Toucannon|59/100 psn|[from] psn\n|upkeep\n|turn|13\n|inactive|Time left: 300 sec this turn | 300 sec total\n|\n|t:|1783548091\n|move|p1a: Toucannon|Roost|p1a: Toucannon\n|-heal|p1a: Toucannon|100/100 psn\n|cant|p2a: Snorlax|slp\n|move|p2a: Snorlax|Sleep Talk|p2a: Snorlax\n|move|p2a: Snorlax|Curse|p2a: Snorlax|[from] move: Sleep Talk\n|-unboost|p2a: Snorlax|spe|1\n|-boost|p2a: Snorlax|atk|1\n|-boost|p2a: Snorlax|def|1\n|\n|-damage|p1a: Toucannon|88/100 psn|[from] psn\n|upkeep\n|turn|14\n|inactive|Time left: 300 sec this turn | 300 sec total\n|\n|t:|1783548092\n|move|p1a: Toucannon|Boomburst|p2a: Snorlax\n|-damage|p2a: Snorlax|288/397 slp\n|cant|p2a: Snorlax|slp\n|move|p2a: Snorlax|Sleep Talk|p2a: Snorlax\n|move|p2a: Snorlax|Rest||[from] move: Sleep Talk|[still]\n|-fail|p2a: Snorlax\n|\n|-damage|p1a: Toucannon|76/100 psn|[from] psn\n|upkeep\n|turn|15\n|inactive|Time left: 300 sec this turn | 300 sec total\n|\n|t:|1783548093\n|-singleturn|p1a: Toucannon|move: Beak Blast\n|-curestatus|p2a: Snorlax|slp|[msg]\n|move|p2a: Snorlax|Body Slam|p1a: Toucannon\n|-resisted|p1a: Toucannon\n|-damage|p1a: Toucannon|40/100 psn\n|-status|p2a: Snorlax|brn\n|move|p1a: Toucannon|Beak Blast|p2a: Snorlax\n|-damage|p2a: Snorlax|206/397 brn\n|\n|-damage|p1a: Toucannon|27/100 psn|[from] psn\n|-damage|p2a: Snorlax|182/397 brn|[from] brn\n|upkeep\n|turn|16\n|inactive|Time left: 300 sec this turn | 300 sec total\n|\n|t:|1783548094\n|move|p1a: Toucannon|Roost|p1a: Toucannon\n|-heal|p1a: Toucannon|77/100 psn\n|move|p2a: Snorlax|Rest|p2a: Snorlax\n|-status|p2a: Snorlax|slp|[from] move: Rest\n|-heal|p2a: Snorlax|397/397 slp|[silent]\n|\n|-damage|p1a: Toucannon|65/100 psn|[from] psn\n|upkeep\n|turn|17\n|inactive|Time left: 300 sec this turn | 300 sec total\n|\n|t:|1783548095\n|-singleturn|p1a: Toucannon|move: Beak Blast\n|cant|p2a: Snorlax|slp\n|move|p2a: Snorlax|Sleep Talk|p2a: Snorlax\n|move|p2a: Snorlax|Rest||[from] move: Sleep Talk|[still]\n|-fail|p2a: Snorlax\n|move|p1a: Toucannon|Beak Blast|p2a: Snorlax\n|-damage|p2a: Snorlax|306/397 slp\n|\n|-damage|p1a: Toucannon|53/100 psn|[from] psn\n|upkeep\n|turn|18\n|inactive|Time left: 300 sec this turn | 300 sec total\n|\n|t:|1783548096\n|-singleturn|p1a: Toucannon|move: Beak Blast\n|cant|p2a: Snorlax|slp\n|move|p2a: Snorlax|Sleep Talk|p2a: Snorlax\n|move|p2a: Snorlax|Curse|p2a: Snorlax|[from] move: Sleep Talk\n|-unboost|p2a: Snorlax|spe|1\n|-boost|p2a: Snorlax|atk|1\n|-boost|p2a: Snorlax|def|1\n|move|p1a: Toucannon|Beak Blast|p2a: Snorlax\n|-damage|p2a: Snorlax|237/397 slp\n|\n|-damage|p1a: Toucannon|40/100 psn|[from] psn\n|upkeep\n|turn|19\n|inactive|Time left: 300 sec this turn | 300 sec total\n|\n|t:|1783548097\n|move|p1a: Toucannon|Boomburst|p2a: Snorlax\n|-damage|p2a: Snorlax|120/397 slp\n|-curestatus|p2a: Snorlax|slp|[msg]\n|move|p2a: Snorlax|Body Slam|p1a: Toucannon\n|-resisted|p1a: Toucannon\n|-damage|p1a: Toucannon|0 fnt\n|faint|p1a: Toucannon\n|\n|upkeep\n|\n|t:|1783548098\n|switch|p1a: Tatsugiri|Tatsugiri, L87, F|100/100\n|turn|20\n|inactive|Time left: 300 sec this turn | 300 sec total\n|\n|t:|1783548099\n|move|p1a: Tatsugiri|Draco Meteor|p2a: Snorlax\n|-damage|p2a: Snorlax|0 fnt\n|-unboost|p1a: Tatsugiri|spa|2\n|faint|p2a: Snorlax\n|\n|upkeep\n|inactive|Time left: 300 sec this turn | 300 sec total | 5 sec grace\n|\n|t:|1783548100\n|switch|p2a: Medicham|Medicham, L86, F|134/243\n|turn|21\n|inactive|Time left: 300 sec this turn | 300 sec total\n|\n|t:|1783548101\n|move|p1a: Tatsugiri|Draco Meteor|p2a: Medicham\n|-damage|p2a: Medicham|43/243\n|-unboost|p1a: Tatsugiri|spa|2\n|move|p2a: Medicham|Close Combat|p1a: Tatsugiri\n|-damage|p1a: Tatsugiri|0 fnt\n|-unboost|p2a: Medicham|def|1\n|-unboost|p2a: Medicham|spd|1\n|faint|p1a: Tatsugiri\n|\n|upkeep\n|\n|t:|1783548102\n|switch|p1a: Squawkabilly|Squawkabilly, L85, M|80/100 brn\n|turn|22\n|inactive|Time left: 300 sec this turn | 300 sec total\n|\n|t:|1783548103\n|move|p1a: Squawkabilly|Brave Bird|p2a: Medicham\n|-supereffective|p2a: Medicham\n|-damage|p2a: Medicham|0 fnt\n|faint|p2a: Medicham\n|-damage|p1a: Squawkabilly|75/100 brn|[from] Recoil\n|\n|-damage|p1a: Squawkabilly|69/100 brn|[from] brn\n|upkeep\n|inactive|Time left: 300 sec this turn | 300 sec total | 5 sec grace\n|\n|t:|1783548104\n|switch|p2a: Gengar|Gengar, L81, M|56/230\n|turn|23\n|inactive|Time left: 300 sec this turn | 300 sec total\n|\n|t:|1783548105\n|switch|p1a: Beartic|Beartic, L91, F|100/100\n|move|p2a: Gengar|Sludge Wave|p1a: Beartic\n|-damage|p1a: Beartic|44/100\n|\n|upkeep\n|turn|24\n|inactive|Time left: 300 sec this turn | 300 sec total\n|\n|t:|1783548107\n|move|p2a: Gengar|Sludge Wave|p1a: Beartic\n|-damage|p1a: Beartic|0 fnt\n|faint|p1a: Beartic\n|\n|upkeep\n|\n|t:|1783548108\n|switch|p1a: Emboar|Emboar, L84, M|100/100\n|turn|25\n|inactive|Time left: 300 sec this turn | 300 sec total\n|\n|t:|1783548109\n|move|p2a: Gengar|Sludge Wave|p1a: Emboar\n|-damage|p1a: Emboar|35/100\n|move|p1a: Emboar|Flare Blitz|p2a: Gengar\n|-damage|p2a: Gengar|0 fnt\n|faint|p2a: Gengar\n|-damage|p1a: Emboar|30/100|[from] Recoil\n|\n|upkeep\n|inactive|Time left: 300 sec this turn | 300 sec total | 5 sec grace\n|\n|t:|1783548111\n|switch|p2a: Delibird|Delibird, F|252/252\n|turn|26\n|inactive|Time left: 300 sec this turn | 300 sec total\n|\n|t:|1783548111\n|-terastallize|p2a: Delibird|Ghost\n|move|p2a: Delibird|Brave Bird|p1a: Emboar\n|-supereffective|p1a: Emboar\n|-damage|p1a: Emboar|0 fnt\n|faint|p1a: Emboar\n|-damage|p2a: Delibird|221/252|[from] Recoil\n|\n|upkeep\n|\n|t:|1783548112\n|switch|p1a: Squawkabilly|Squawkabilly, L85, M|69/100 brn\n|turn|27\n|inactive|Time left: 300 sec this turn | 300 sec total\n|\n|t:|1783548113\n|move|p2a: Delibird|Freeze-Dry|p1a: Squawkabilly\n|-supereffective|p1a: Squawkabilly\n|-damage|p1a: Squawkabilly|0 fnt\n|faint|p1a: Squawkabilly\n|\n|win|p0y7113f7f", "uploadtime": 1783548113, "views": 0, "rating": 0, "private": 0, "password": null, "_winner": "p0y7113f7f", "_our_name": "p0y7113f7f"}