{"id": "battle-gen9randombattle-2575", "formatid": "gen9randombattle", "format": "[Gen 9] Random Battle", "players": ["p0x25754c6e", "p0y25751992"], "log": "|init|battle\n|title|p0x25754c6e vs. p0y25751992\n|j|\u2606p0x25754c6e\n|j|\u2606p0y25751992\n|t:|1783568814\n|gametype|singles\n|player|p1|p0x25754c6e|102|\n|player|p2|p0y25751992|169|\n|gen|9\n|tier|[Gen 9] Random Battle\n|rule|Species Clause: Limit one of each Pok\u00e9mon\n|rule|HP Percentage Mod: HP is shown in percentages\n|rule|Sleep Clause Mod: Limit one foe put to sleep\n|rule|Illusion Level Mod: Illusion disguises the Pok\u00e9mon's true level\n|\n|t:|1783568814\n|teamsize|p1|6\n|teamsize|p2|6\n|start\n|switch|p1a: Gallade|Gallade, L80, M|240/240\n|switch|p2a: Spiritomb|Spiritomb, L89, M|100/100\n|turn|1\n|inactive|Battle timer is ON: inactive players will automatically lose when time's up. (requested by p0x25754c6e)\n|inactive|p0y25751992 also wants the timer to be on.\n|\n|t:|1783568815\n|switch|p1a: Alomomola|Alomomola, L87, F|429/429\n|move|p2a: Spiritomb|Poltergeist|p1a: Alomomola\n|-activate|p1a: Alomomola|move: Poltergeist|Heavy-Duty Boots\n|-damage|p1a: Alomomola|297/429\n|\n|upkeep\n|turn|2\n|inactive|Time left: 300 sec this turn | 300 sec total\n|\n|t:|1783568817\n|switch|p1a: Enamorus|Enamorus-Therian, L83, F|259/259\n|move|p2a: Spiritomb|Toxic|p1a: Enamorus\n|-status|p1a: Enamorus|tox\n|\n|-damage|p1a: Enamorus|243/259 tox|[from] psn\n|upkeep\n|turn|3\n|inactive|Time left: 300 sec this turn | 300 sec total\n|\n|t:|1783568818\n|switch|p2a: Grumpig|Grumpig, L92, F|100/100\n|move|p1a: Enamorus|Moonblast|p2a: Grumpig\n|-crit|p2a: Grumpig\n|-damage|p2a: Grumpig|48/100\n|\n|-heal|p2a: Grumpig|54/100|[from] item: Leftovers\n|-damage|p1a: Enamorus|211/259 tox|[from] psn\n|upkeep\n|turn|4\n|inactive|Time left: 300 sec this turn | 300 sec total\n|\n|t:|1783568819\n|move|p2a: Grumpig|Nasty Plot|p2a: Grumpig\n|-boost|p2a: Grumpig|spa|2\n|move|p1a: Enamorus|Moonblast|p2a: Grumpig\n|-crit|p2a: Grumpig\n|-damage|p2a: Grumpig|6/100\n|\n|-heal|p2a: Grumpig|12/100|[from] item: Leftovers\n|-damage|p1a: Enamorus|163/259 tox|[from] psn\n|upkeep\n|turn|5\n|inactive|Time left: 300 sec this turn | 300 sec total\n|\n|t:|1783568820\n|move|p2a: Grumpig|Psychic|p1a: Enamorus\n|-damage|p1a: Enamorus|0 fnt\n|faint|p1a: Enamorus\n|\n|-heal|p2a: Grumpig|18/100|[from] item: Leftovers\n|upkeep\n|inactive|Time left: 300 sec this turn | 300 sec total | 5 sec grace\n|\n|t:|1783568821\n|switch|p1a: Raichu|Raichu, L88, M|249/249\n|turn|6\n|inactive|Time left: 300 sec this turn | 300 sec total\n|\n|t:|1783568822\n|move|p1a: Raichu|Thunderbolt|p2a: Grumpig\n|-damage|p2a: Grumpig|0 fnt\n|faint|p2a: Grumpig\n|-damage|p1a: Raichu|225/249|[from] item: Life Orb\n|\n|upkeep\n|\n|t:|1783568823\n|switch|p2a: Dragonite|Dragonite, L74, M|100/100\n|turn|7\n|inactive|Time left: 300 sec this turn | 300 sec total\n|\n|t:|1783568825\n|switch|p1a: Alomomola|Alomomola, L87, F|429/429\n|move|p2a: Dragonite|Outrage|p1a: Alomomola\n|-damage|p1a: Alomomola|297/429\n|\n|upkeep\n|turn|8\n|inactive|Time left: 300 sec this turn | 300 sec total\n|\n|t:|1783568826\n|move|p1a: Alomomola|Scald|p2a: Dragonite\n|-resisted|p2a: Dragonite\n|-damage|p2a: Dragonite|95/100\n|-status|p2a: Dragonite|brn\n|move|p2a: Dragonite|Outrage|p1a: Alomomola|[from] lockedmove\n|-damage|p1a: Alomomola|229/429\n|\n|-damage|p2a: Dragonite|89/100 brn|[from] brn\n|upkeep\n|turn|9\n|inactive|Time left: 300 sec this turn | 300 sec total\n|\n|t:|1783568827\n|move|p1a: Alomomola|Flip Turn|p2a: Dragonite\n|-resisted|p2a: Dragonite\n|-damage|p2a: Dragonite|78/100 brn\n|inactive|Time left: 300 sec this turn | 300 sec total | 5 sec grace\n|\n|t:|1783568828\n|switch|p1a: Lunala|Lunala, L70|308/308|[from] Flip Turn\n|move|p2a: Dragonite|Outrage|p1a: Lunala|[from] lockedmove\n|-damage|p1a: Lunala|268/308\n|-start|p2a: Dragonite|confusion|[fatigue]\n|\n|-heal|p1a: Lunala|287/308|[from] item: Leftovers\n|-damage|p2a: Dragonite|72/100 brn|[from] brn\n|upkeep\n|turn|10\n|inactive|Time left: 300 sec this turn | 300 sec total\n|\n|t:|1783568829\n|switch|p2a: Spiritomb|Spiritomb, L89, M|100/100\n|move|p1a: Lunala|Calm Mind|p1a: Lunala\n|-boost|p1a: Lunala|spa|1\n|-boost|p1a: Lunala|spd|1\n|\n|-heal|p1a: Lunala|306/308|[from] item: Leftovers\n|upkeep\n|turn|11\n|inactive|Time left: 300 sec this turn | 300 sec total\n|\n|t:|1783568830\n|-terastallize|p1a: Lunala|Fighting\n|move|p1a: Lunala|Moongeist Beam|p2a: Spiritomb\n|-damage|p2a: Spiritomb|47/100\n|move|p2a: Spiritomb|Poltergeist|p1a: Lunala\n|-activate|p1a: Lunala|move: Poltergeist|Leftovers\n|-damage|p1a: Lunala|146/308\n|\n|-heal|p1a: Lunala|165/308|[from] item: Leftovers\n|-heal|p2a: Spiritomb|53/100|[from] item: Leftovers\n|upkeep\n|turn|12\n|inactive|Time left: 300 sec this turn | 300 sec total\n|\n|t:|1783568831\n|move|p1a: Lunala|Moongeist Beam|p2a: Spiritomb\n|-damage|p2a: Spiritomb|0 fnt\n|faint|p2a: Spiritomb\n|\n|-heal|p1a: Lunala|184/308|[from] item: Leftovers\n|upkeep\n|\n|t:|1783568832\n|switch|p2a: Iron Leaves|Iron Leaves, L80|100/100\n|turn|13\n|inactive|Time left: 300 sec this turn | 300 sec total\n|\n|t:|1783568832\n|switch|p1a: Alomomola|Alomomola, L87, F|372/429\n|move|p2a: Iron Leaves|Psyblade|p1a: Alomomola\n|-damage|p1a: Alomomola|226/429\n|-damage|p2a: Iron Leaves|91/100|[from] item: Life Orb\n|\n|upkeep\n|turn|14\n|inactive|Time left: 300 sec this turn | 300 sec total\n|\n|t:|1783568833\n|move|p2a: Iron Leaves|Swords Dance|p2a: Iron Leaves\n|-boost|p2a: Iron Leaves|atk|2\n|move|p1a: Alomomola|Scald|p2a: Iron Leaves\n|-resisted|p2a: Iron Leaves\n|-damage|p2a: Iron Leaves|82/100\n|-status|p2a: Iron Leaves|brn\n|\n|-damage|p2a: Iron Leaves|76/100 brn|[from] brn\n|upkeep\n|turn|15\n|inactive|Time left: 300 sec this turn | 300 sec total\n|\n|t:|1783568834\n|move|p1a: Alomomola|Protect|p1a: Alomomola\n|-singleturn|p1a: Alomomola|Protect\n|move|p2a: Iron Leaves|Leaf Blade|p1a: Alomomola\n|-activate|p1a: Alomomola|move: Protect\n|\n|-damage|p2a: Iron Leaves|70/100 brn|[from] brn\n|upkeep\n|turn|16\n|inactive|Time left: 300 sec this turn | 300 sec total\n|\n|t:|1783568835\n|switch|p1a: Lunala|Lunala, L70, tera:Fighting|184/308\n|move|p2a: Iron Leaves|Leaf Blade|p1a: Lunala\n|-crit|p1a: Lunala\n|-damage|p1a: Lunala|0 fnt\n|faint|p1a: Lunala\n|-damage|p2a: Iron Leaves|60/100 brn|[from] item: Life Orb\n|\n|-damage|p2a: Iron Leaves|54/100 brn|[from] brn\n|upkeep\n|inactive|Time left: 300 sec this turn | 300 sec total | 5 sec grace\n|\n|t:|1783568836\n|switch|p1a: Gallade|Gallade, L80, M|240/240\n|turn|17\n|inactive|Time left: 300 sec this turn | 300 sec total\n|\n|t:|1783568837\n|move|p2a: Iron Leaves|Leaf Blade|p1a: Gallade\n|-damage|p1a: Gallade|65/240\n|-damage|p2a: Iron Leaves|44/100 brn|[from] item: Life Orb\n|move|p1a: Gallade|Agility|p1a: Gallade\n|-boost|p1a: Gallade|spe|2\n|\n|-damage|p2a: Iron Leaves|38/100 brn|[from] brn\n|upkeep\n|turn|18\n|inactive|Time left: 300 sec this turn | 300 sec total\n|\n|t:|1783568838\n|move|p1a: Gallade|Sacred Sword|p2a: Iron Leaves\n|-resisted|p2a: Iron Leaves\n|-damage|p2a: Iron Leaves|0 fnt\n|faint|p2a: Iron Leaves\n|-end|p2a: Iron Leaves|Quark Drive|[silent]\n|-damage|p1a: Gallade|41/240|[from] item: Life Orb\n|\n|upkeep\n|\n|t:|1783568839\n|switch|p2a: Forretress|Forretress, L84, F|100/100\n|turn|19\n|inactive|Time left: 300 sec this turn | 300 sec total\n|\n|t:|1783568840\n|move|p1a: Gallade|Sacred Sword|p2a: Forretress\n|-damage|p2a: Forretress|43/100\n|-damage|p1a: Gallade|17/240|[from] item: Life Orb\n|move|p2a: Forretress|Rapid Spin|p1a: Gallade\n|-damage|p1a: Gallade|0 fnt\n|-boost|p2a: Forretress|spe|1\n|faint|p1a: Gallade\n|\n|-heal|p2a: Forretress|49/100|[from] item: Leftovers\n|upkeep\n|inactive|Time left: 300 sec this turn | 300 sec total | 5 sec grace\n|\n|t:|1783568841\n|switch|p1a: Raichu|Raichu, L88, M|225/249\n|turn|20\n|inactive|Time left: 300 sec this turn | 300 sec total\n|\n|t:|1783568842\n|switch|p2a: Dragonite|Dragonite, L74, M|72/100 brn\n|move|p1a: Raichu|Thunderbolt|p2a: Dragonite\n|-damage|p2a: Dragonite|16/100 brn\n|-damage|p1a: Raichu|201/249|[from] item: Life Orb\n|\n|-damage|p2a: Dragonite|10/100 brn|[from] brn\n|upkeep\n|turn|21\n|inactive|Time left: 300 sec this turn | 300 sec total\n|\n|t:|1783568842\n|move|p1a: Raichu|Nasty Plot|p1a: Raichu\n|-boost|p1a: Raichu|spa|2\n|move|p2a: Dragonite|Earthquake|p1a: Raichu\n|-supereffective|p1a: Raichu\n|-crit|p1a: Raichu\n|-damage|p1a: Raichu|55/249\n|\n|-damage|p2a: Dragonite|4/100 brn|[from] brn\n|upkeep\n|turn|22\n|inactive|Time left: 300 sec this turn | 300 sec total\n|\n|t:|1783568844\n|move|p1a: Raichu|Thunderbolt|p2a: Dragonite\n|-damage|p2a: Dragonite|0 fnt\n|faint|p2a: Dragonite\n|-damage|p1a: Raichu|31/249|[from] item: Life Orb\n|\n|upkeep\n|\n|t:|1783568845\n|switch|p2a: Forretress|Forretress, L84, F|49/100\n|turn|23\n|inactive|Time left: 300 sec this turn | 300 sec total\n|\n|t:|1783568845\n|move|p1a: Raichu|Thunderbolt|p2a: Forretress\n|-damage|p2a: Forretress|0 fnt\n|faint|p2a: Forretress\n|-damage|p1a: Raichu|7/249|[from] item: Life Orb\n|\n|upkeep\n|\n|t:|1783568846\n|switch|p2a: Klefki|Klefki, L84, M|100/100\n|turn|24\n|inactive|Time left: 300 sec this turn | 300 sec total\n|\n|t:|1783568847\n|move|p2a: Klefki|Magnet Rise|p2a: Klefki\n|-start|p2a: Klefki|Magnet Rise\n|move|p1a: Raichu|Thunderbolt|p2a: Klefki\n|-damage|p2a: Klefki|0 fnt\n|faint|p2a: Klefki\n|-damage|p1a: Raichu|0 fnt|[from] item: Life Orb\n|faint|p1a: Raichu\n|\n|win|p0x25754c6e", "uploadtime": 1783568847, "views": 0, "rating": 0, "private": 0, "password": null, "_winner": "p0x25754c6e", "_our_name": "p0x25754c6e"}