{"id": "battle-gen9randombattle-158", "formatid": "gen9randombattle", "format": "[Gen 9] Random Battle", "players": ["p0x158480a", "p0y1585b75"], "log": "|init|battle\n|title|p0x158480a vs. p0y1585b75\n|j|\u2606p0x158480a\n|j|\u2606p0y1585b75\n|t:|1783535567\n|gametype|singles\n|player|p1|p0x158480a|1|\n|player|p2|p0y1585b75|2|\n|gen|9\n|tier|[Gen 9] Random Battle\n|rule|Species Clause: Limit one of each Pok\u00e9mon\n|rule|HP Percentage Mod: HP is shown in percentages\n|rule|Sleep Clause Mod: Limit one foe put to sleep\n|rule|Illusion Level Mod: Illusion disguises the Pok\u00e9mon's true level\n|\n|t:|1783535567\n|teamsize|p1|6\n|teamsize|p2|6\n|start\n|switch|p1a: Ditto|Ditto, L87|100/100\n|switch|p2a: Espeon|Espeon, L84, M|246/246\n|-transform|p1a: Ditto|p2a: Espeon|[from] ability: Imposter\n|turn|1\n|inactive|Battle timer is ON: inactive players will automatically lose when time's up. (requested by p0y1585b75)\n|\n|t:|1783535569\n|switch|p1a: Iron Jugulis|Iron Jugulis, L77|100/100\n|move|p2a: Espeon|Calm Mind|p2a: Espeon\n|-boost|p2a: Espeon|spa|1\n|-boost|p2a: Espeon|spd|1\n|\n|upkeep\n|turn|2\n|inactive|Time left: 300 sec this turn | 300 sec total\n|inactive|p0x158480a also wants the timer to be on.\n|\n|t:|1783535570\n|-end|p1a: Iron Jugulis|Quark Drive|[silent]\n|switch|p1a: Slowbro|Slowbro, L85, F|100/100\n|move|p2a: Espeon|Alluring Voice|p1a: Slowbro\n|-damage|p1a: Slowbro|51/100\n|-damage|p2a: Espeon|222/246|[from] item: Life Orb\n|\n|-heal|p1a: Slowbro|57/100|[from] item: Leftovers\n|upkeep\n|turn|3\n|inactive|Time left: 300 sec this turn | 300 sec total\n|\n|t:|1783535571\n|move|p2a: Espeon|Alluring Voice|p1a: Slowbro\n|-damage|p1a: Slowbro|3/100\n|-damage|p2a: Espeon|198/246|[from] item: Life Orb\n|move|p1a: Slowbro|Slack Off|p1a: Slowbro\n|-heal|p1a: Slowbro|53/100\n|\n|-heal|p1a: Slowbro|59/100|[from] item: Leftovers\n|upkeep\n|turn|4\n|inactive|Time left: 300 sec this turn | 300 sec total\n|\n|t:|1783535572\n|move|p2a: Espeon|Alluring Voice|p1a: Slowbro\n|-damage|p1a: Slowbro|14/100\n|-damage|p2a: Espeon|174/246|[from] item: Life Orb\n|move|p1a: Slowbro|Slack Off|p1a: Slowbro\n|-heal|p1a: Slowbro|64/100\n|\n|-heal|p1a: Slowbro|70/100|[from] item: Leftovers\n|upkeep\n|turn|5\n|inactive|Time left: 300 sec this turn | 300 sec total\n|\n|t:|1783535573\n|move|p2a: Espeon|Alluring Voice|p1a: Slowbro\n|-damage|p1a: Slowbro|25/100\n|-damage|p2a: Espeon|150/246|[from] item: Life Orb\n|move|p1a: Slowbro|Scald|p2a: Espeon\n|-damage|p2a: Espeon|89/246\n|\n|-heal|p1a: Slowbro|31/100|[from] item: Leftovers\n|upkeep\n|turn|6\n|inactive|Time left: 300 sec this turn | 300 sec total\n|\n|t:|1783535574\n|switch|p1a: Iron Jugulis|Iron Jugulis, L77|100/100\n|move|p2a: Espeon|Alluring Voice|p1a: Iron Jugulis\n|-supereffective|p1a: Iron Jugulis\n|-damage|p1a: Iron Jugulis|0 fnt\n|faint|p1a: Iron Jugulis\n|-end|p1a: Iron Jugulis|Quark Drive|[silent]\n|-damage|p2a: Espeon|65/246|[from] item: Life Orb\n|\n|upkeep\n|\n|t:|1783535575\n|switch|p1a: Regieleki|Regieleki, L79|100/100\n|turn|7\n|inactive|Time left: 300 sec this turn | 300 sec total\n|\n|t:|1783535576\n|switch|p2a: Excadrill|Excadrill, L79, F|303/303\n|-ability|p2a: Excadrill|Mold Breaker\n|move|p1a: Regieleki|Thunderbolt|p2a: Excadrill\n|-immune|p2a: Excadrill\n|\n|upkeep\n|turn|8\n|inactive|Time left: 300 sec this turn | 300 sec total\n|\n|t:|1783535577\n|switch|p1a: Slowbro|Slowbro, L85, F|64/100\n|move|p2a: Excadrill|Earthquake|p1a: Slowbro\n|-damage|p1a: Slowbro|30/100\n|\n|-heal|p1a: Slowbro|36/100|[from] item: Leftovers\n|upkeep\n|turn|9\n|inactive|Time left: 300 sec this turn | 300 sec total\n|\n|t:|1783535579\n|move|p2a: Excadrill|Earthquake|p1a: Slowbro\n|-damage|p1a: Slowbro|4/100\n|move|p1a: Slowbro|Scald|p2a: Excadrill\n|-supereffective|p2a: Excadrill\n|-damage|p2a: Excadrill|145/303\n|-status|p2a: Excadrill|brn\n|\n|-heal|p1a: Slowbro|10/100|[from] item: Leftovers\n|-damage|p2a: Excadrill|127/303 brn|[from] brn\n|upkeep\n|turn|10\n|inactive|Time left: 300 sec this turn | 300 sec total\n|\n|t:|1783535580\n|switch|p1a: Kyurem|Kyurem-Black, L71|100/100\n|-ability|p1a: Kyurem|Teravolt\n|move|p2a: Excadrill|Earthquake|p1a: Kyurem\n|-damage|p1a: Kyurem|77/100\n|\n|-damage|p2a: Excadrill|109/303 brn|[from] brn\n|upkeep\n|turn|11\n|inactive|Time left: 300 sec this turn | 300 sec total\n|\n|t:|1783535581\n|move|p2a: Excadrill|Iron Head|p1a: Kyurem\n|-supereffective|p1a: Kyurem\n|-damage|p1a: Kyurem|43/100\n|cant|p1a: Kyurem|flinch\n|\n|-damage|p2a: Excadrill|91/303 brn|[from] brn\n|upkeep\n|turn|12\n|inactive|Time left: 300 sec this turn | 300 sec total\n|\n|t:|1783535582\n|switch|p1a: Slowbro|Slowbro, L85, F|44/100\n|move|p2a: Excadrill|Iron Head|p1a: Slowbro\n|-resisted|p1a: Slowbro\n|-damage|p1a: Slowbro|37/100\n|\n|-heal|p1a: Slowbro|43/100|[from] item: Leftovers\n|-damage|p2a: Excadrill|73/303 brn|[from] brn\n|upkeep\n|turn|13\n|inactive|Time left: 300 sec this turn | 300 sec total\n|\n|t:|1783535584\n|switch|p2a: Hydrapple|Hydrapple, L83, M|312/312\n|move|p1a: Slowbro|Slack Off|p1a: Slowbro\n|-heal|p1a: Slowbro|93/100\n|\n|-heal|p1a: Slowbro|99/100|[from] item: Leftovers\n|upkeep\n|turn|14\n|inactive|Time left: 300 sec this turn | 300 sec total\n|\n|t:|1783535585\n|move|p2a: Hydrapple|Fickle Beam|p1a: Slowbro\n|-damage|p1a: Slowbro|47/100\n|move|p1a: Slowbro|Body Press|p2a: Hydrapple\n|-crit|p2a: Hydrapple\n|-damage|p2a: Hydrapple|227/312\n|\n|-heal|p1a: Slowbro|53/100|[from] item: Leftovers\n|upkeep\n|turn|15\n|inactive|Time left: 300 sec this turn | 300 sec total\n|\n|t:|1783535586\n|move|p2a: Hydrapple|Fickle Beam|p1a: Slowbro\n|-damage|p1a: Slowbro|5/100\n|move|p1a: Slowbro|Slack Off|p1a: Slowbro\n|-heal|p1a: Slowbro|55/100\n|\n|-heal|p1a: Slowbro|61/100|[from] item: Leftovers\n|upkeep\n|turn|16\n|inactive|Time left: 300 sec this turn | 300 sec total\n|\n|t:|1783535587\n|move|p2a: Hydrapple|Fickle Beam|p1a: Slowbro\n|-damage|p1a: Slowbro|9/100\n|move|p1a: Slowbro|Slack Off|p1a: Slowbro\n|-heal|p1a: Slowbro|59/100\n|\n|-heal|p1a: Slowbro|65/100|[from] item: Leftovers\n|upkeep\n|turn|17\n|inactive|Time left: 300 sec this turn | 300 sec total\n|\n|t:|1783535588\n|switch|p1a: Kyurem|Kyurem-Black, L71|43/100\n|-ability|p1a: Kyurem|Teravolt\n|move|p2a: Hydrapple|Fickle Beam|p1a: Kyurem\n|-supereffective|p1a: Kyurem\n|-damage|p1a: Kyurem|0 fnt\n|faint|p1a: Kyurem\n|\n|upkeep\n|\n|t:|1783535589\n|switch|p1a: Dragapult|Dragapult, L77, F|100/100\n|turn|18\n|inactive|Time left: 300 sec this turn | 300 sec total\n|\n|t:|1783535590\n|switch|p2a: Excadrill|Excadrill, L79, F|73/303 brn\n|-ability|p2a: Excadrill|Mold Breaker\n|-terastallize|p1a: Dragapult|Dragon\n|move|p1a: Dragapult|Dragon Darts|p2a: Excadrill\n|-resisted|p2a: Excadrill\n|-damage|p2a: Excadrill|23/303 brn\n|-anim|p1a: Dragapult|Dragon Darts|p2a: Excadrill\n|-resisted|p2a: Excadrill\n|-damage|p2a: Excadrill|0 fnt\n|faint|p2a: Excadrill\n|\n|upkeep\n|inactive|Time left: 300 sec this turn | 300 sec total | 5 sec grace\n|\n|t:|1783535591\n|switch|p2a: Hydrapple|Hydrapple, L83, M|312/312\n|turn|19\n|inactive|Time left: 300 sec this turn | 300 sec total\n|\n|t:|1783535592\n|move|p1a: Dragapult|Dragon Darts|p2a: Hydrapple\n|-supereffective|p2a: Hydrapple\n|-damage|p2a: Hydrapple|184/312\n|-anim|p1a: Dragapult|Dragon Darts|p2a: Hydrapple\n|-supereffective|p2a: Hydrapple\n|-damage|p2a: Hydrapple|64/312\n|move|p2a: Hydrapple|Fickle Beam|p1a: Dragapult|[anim] Fickle Beam All Out\n|-activate|p2a: Hydrapple|move: Fickle Beam\n|-supereffective|p1a: Dragapult\n|-damage|p1a: Dragapult|0 fnt\n|-start|p2a: Hydrapple|Disable|Fickle Beam|[from] ability: Cursed Body|[of] p1a: Dragapult\n|faint|p1a: Dragapult\n|\n|upkeep\n|\n|t:|1783535592\n|switch|p1a: Slowbro|Slowbro, L85, F|99/100\n|turn|20\n|inactive|Time left: 300 sec this turn | 300 sec total\n|\n|t:|1783535593\n|switch|p2a: Tentacruel|Tentacruel, L84, F|272/272\n|move|p1a: Slowbro|Slack Off|p1a: Slowbro\n|-heal|p1a: Slowbro|100/100\n|\n|upkeep\n|turn|21\n|inactive|Time left: 300 sec this turn | 300 sec total\n|\n|t:|1783535594\n|switch|p2a: Hydrapple|Hydrapple, L83, M|168/312\n|move|p1a: Slowbro|Iron Defense|p1a: Slowbro\n|-boost|p1a: Slowbro|def|2\n|\n|upkeep\n|turn|22\n|inactive|Time left: 300 sec this turn | 300 sec total\n|\n|t:|1783535595\n|move|p2a: Hydrapple|Leaf Storm|p1a: Slowbro\n|-supereffective|p1a: Slowbro\n|-crit|p1a: Slowbro\n|-damage|p1a: Slowbro|0 fnt\n|-unboost|p2a: Hydrapple|spa|2\n|faint|p1a: Slowbro\n|\n|upkeep\n|\n|t:|1783535596\n|switch|p1a: Regieleki|Regieleki, L79|100/100\n|turn|23\n|inactive|Time left: 300 sec this turn | 300 sec total\n|\n|t:|1783535597\n|move|p1a: Regieleki|Thunderbolt|p2a: Hydrapple\n|-resisted|p2a: Hydrapple\n|-damage|p2a: Hydrapple|131/312\n|-status|p2a: Hydrapple|par\n|cant|p2a: Hydrapple|par\n|\n|upkeep\n|turn|24\n|inactive|Time left: 300 sec this turn | 300 sec total\n|\n|t:|1783535598\n|move|p1a: Regieleki|Rapid Spin|p2a: Hydrapple\n|-damage|p2a: Hydrapple|104/312 par\n|-boost|p1a: Regieleki|spe|1\n|move|p2a: Hydrapple|Leaf Storm|p1a: Regieleki\n|-damage|p1a: Regieleki|33/100\n|-unboost|p2a: Hydrapple|spa|2\n|\n|upkeep\n|turn|25\n|inactive|Time left: 300 sec this turn | 300 sec total\n|\n|t:|1783535599\n|move|p1a: Regieleki|Thunderbolt|p2a: Hydrapple\n|-resisted|p2a: Hydrapple\n|-damage|p2a: Hydrapple|68/312 par\n|cant|p2a: Hydrapple|par\n|\n|upkeep\n|turn|26\n|inactive|Time left: 300 sec this turn | 300 sec total\n|\n|t:|1783535600\n|move|p1a: Regieleki|Thunderbolt|p2a: Hydrapple\n|-resisted|p2a: Hydrapple\n|-damage|p2a: Hydrapple|35/312 par\n|move|p2a: Hydrapple|Leaf Storm|p1a: Regieleki\n|-damage|p1a: Regieleki|0 fnt\n|-unboost|p2a: Hydrapple|spa|2\n|faint|p1a: Regieleki\n|\n|upkeep\n|\n|t:|1783535601\n|switch|p1a: Ditto|Ditto, L87|100/100\n|-transform|p1a: Ditto|p2a: Hydrapple|[from] ability: Imposter\n|turn|27\n|inactive|Time left: 300 sec this turn | 300 sec total\n|\n|t:|1783535602\n|switch|p2a: Roaring Moon|Roaring Moon, L72|270/270\n|move|p1a: Ditto|Fickle Beam|p2a: Roaring Moon\n|-supereffective|p2a: Roaring Moon\n|-damage|p2a: Roaring Moon|220/270\n|\n|upkeep\n|turn|28\n|inactive|Time left: 300 sec this turn | 300 sec total\n|\n|t:|1783535603\n|-terastallize|p2a: Roaring Moon|Steel\n|move|p2a: Roaring Moon|Outrage|p1a: Ditto\n|-supereffective|p1a: Ditto\n|-damage|p1a: Ditto|12/100\n|move|p1a: Ditto|Fickle Beam|p2a: Roaring Moon\n|-resisted|p2a: Roaring Moon\n|-damage|p2a: Roaring Moon|205/270\n|\n|upkeep\n|turn|29\n|inactive|Time left: 300 sec this turn | 300 sec total\n|\n|t:|1783535604\n|move|p2a: Roaring Moon|Outrage|p1a: Ditto|[from] lockedmove\n|-supereffective|p1a: Ditto\n|-damage|p1a: Ditto|0 fnt\n|faint|p1a: Ditto\n|\n|win|p0y1585b75", "uploadtime": 1783535604, "views": 0, "rating": 0, "private": 0, "password": null, "_winner": "p0y1585b75", "_our_name": "p0y1585b75"}