{"id": "battle-gen9randombattle-720", "formatid": "gen9randombattle", "format": "[Gen 9] Random Battle", "players": ["p0x72070f7", "p0y720ba00"], "log": "|init|battle\n|title|p0x72070f7 vs. p0y720ba00\n|j|\u2606p0x72070f7\n|j|\u2606p0y720ba00\n|t:|1783547473\n|gametype|singles\n|player|p1|p0x72070f7|102|\n|player|p2|p0y720ba00|101|\n|gen|9\n|tier|[Gen 9] Random Battle\n|rule|Species Clause: Limit one of each Pok\u00e9mon\n|rule|HP Percentage Mod: HP is shown in percentages\n|rule|Sleep Clause Mod: Limit one foe put to sleep\n|rule|Illusion Level Mod: Illusion disguises the Pok\u00e9mon's true level\n|\n|t:|1783547473\n|teamsize|p1|6\n|teamsize|p2|6\n|start\n|switch|p1a: Falinks|Falinks, L84|246/246\n|switch|p2a: Skuntank|Skuntank, L84, M|100/100\n|turn|1\n|inactive|Battle timer is ON: inactive players will automatically lose when time's up. (requested by p0y720ba00)\n|inactive|Time left: 300 sec this turn | 300 sec total | 60 sec grace\n|inactive|p0x72070f7 also wants the timer to be on.\n|\n|t:|1783547475\n|move|p2a: Skuntank|Gunk Shot|p1a: Falinks\n|-damage|p1a: Falinks|125/246\n|move|p1a: Falinks|No Retreat|p1a: Falinks\n|-boost|p1a: Falinks|atk|1\n|-boost|p1a: Falinks|def|1\n|-boost|p1a: Falinks|spa|1\n|-boost|p1a: Falinks|spd|1\n|-boost|p1a: Falinks|spe|1\n|-start|p1a: Falinks|move: No Retreat\n|\n|upkeep\n|turn|2\n|inactive|Time left: 300 sec this turn | 300 sec total\n|\n|t:|1783547476\n|move|p1a: Falinks|Close Combat|p2a: Skuntank\n|-enditem|p2a: Skuntank|Focus Sash\n|-damage|p2a: Skuntank|1/100\n|-unboost|p1a: Falinks|def|1\n|-unboost|p1a: Falinks|spd|1\n|-damage|p1a: Falinks|101/246|[from] item: Life Orb\n|move|p2a: Skuntank|Gunk Shot|p1a: Falinks\n|-damage|p1a: Falinks|0 fnt\n|faint|p1a: Falinks\n|\n|upkeep\n|inactive|Time left: 300 sec this turn | 300 sec total | 5 sec grace\n|\n|t:|1783547477\n|switch|p1a: Araquanid|Araquanid, L82, F|246/246\n|turn|3\n|inactive|Time left: 300 sec this turn | 300 sec total\n|\n|t:|1783547479\n|move|p2a: Skuntank|Gunk Shot|p1a: Araquanid\n|-damage|p1a: Araquanid|131/246\n|move|p1a: Araquanid|Sticky Web|p2a: Skuntank\n|-sidestart|p2: p0y720ba00|move: Sticky Web\n|\n|upkeep\n|turn|4\n|inactive|Time left: 300 sec this turn | 300 sec total\n|\n|t:|1783547480\n|switch|p1a: Sandaconda|Sandaconda, L84, F|258/258\n|move|p2a: Skuntank|Knock Off|p1a: Sandaconda\n|-damage|p1a: Sandaconda|183/258\n|-enditem|p1a: Sandaconda|Leftovers|[from] move: Knock Off|[of] p2a: Skuntank\n|\n|upkeep\n|turn|5\n|inactive|Time left: 300 sec this turn | 300 sec total\n|\n|t:|1783547481\n|move|p2a: Skuntank|Toxic Spikes|p1a: Sandaconda\n|-sidestart|p1: p0x72070f7|move: Toxic Spikes\n|move|p1a: Sandaconda|Coil|p1a: Sandaconda\n|-boost|p1a: Sandaconda|atk|1\n|-boost|p1a: Sandaconda|def|1\n|-boost|p1a: Sandaconda|accuracy|1\n|\n|upkeep\n|turn|6\n|inactive|Time left: 300 sec this turn | 300 sec total\n|\n|t:|1783547482\n|move|p2a: Skuntank|Toxic Spikes|p1a: Sandaconda\n|-sidestart|p1: p0x72070f7|move: Toxic Spikes\n|move|p1a: Sandaconda|Coil|p1a: Sandaconda\n|-boost|p1a: Sandaconda|atk|1\n|-boost|p1a: Sandaconda|def|1\n|-boost|p1a: Sandaconda|accuracy|1\n|\n|upkeep\n|turn|7\n|inactive|Time left: 300 sec this turn | 300 sec total\n|\n|t:|1783547483\n|move|p2a: Skuntank|Fire Blast|p1a: Sandaconda\n|-damage|p1a: Sandaconda|108/258\n|move|p1a: Sandaconda|Earthquake|p2a: Skuntank\n|-supereffective|p2a: Skuntank\n|-damage|p2a: Skuntank|0 fnt\n|faint|p2a: Skuntank\n|\n|upkeep\n|\n|t:|1783547484\n|switch|p2a: Suicune|Suicune, L82|100/100\n|-activate|p2a: Suicune|move: Sticky Web\n|-unboost|p2a: Suicune|spe|1\n|-ability|p2a: Suicune|Pressure\n|turn|8\n|inactive|Time left: 300 sec this turn | 300 sec total\n|\n|t:|1783547485\n|move|p1a: Sandaconda|Earthquake|p2a: Suicune\n|-damage|p2a: Suicune|36/100\n|move|p2a: Suicune|Ice Beam|p1a: Sandaconda\n|-supereffective|p1a: Sandaconda\n|-damage|p1a: Sandaconda|0 fnt\n|faint|p1a: Sandaconda\n|\n|-heal|p2a: Suicune|42/100|[from] item: Leftovers\n|upkeep\n|inactive|Time left: 300 sec this turn | 300 sec total | 5 sec grace\n|\n|t:|1783547486\n|switch|p1a: Zangoose|Zangoose, L85, M|263/263\n|-status|p1a: Zangoose|tox\n|turn|9\n|inactive|Time left: 300 sec this turn | 300 sec total\n|\n|t:|1783547487\n|move|p1a: Zangoose|Facade|p2a: Suicune\n|-damage|p2a: Suicune|0 fnt\n|faint|p2a: Suicune\n|\n|-damage|p1a: Zangoose|247/263 tox|[from] psn\n|upkeep\n|\n|t:|1783547488\n|switch|p2a: Regieleki|Regieleki, L79|100/100\n|-activate|p2a: Regieleki|move: Sticky Web\n|-unboost|p2a: Regieleki|spe|1\n|turn|10\n|inactive|Time left: 300 sec this turn | 300 sec total\n|\n|t:|1783547490\n|move|p2a: Regieleki|Rapid Spin|p1a: Zangoose\n|-damage|p1a: Zangoose|207/263 tox\n|-boost|p2a: Regieleki|spe|1\n|-sideend|p2: p0y720ba00|Sticky Web|[from] move: Rapid Spin|[of] p2a: Regieleki\n|move|p1a: Zangoose|Facade|p2a: Regieleki\n|-damage|p2a: Regieleki|0 fnt\n|faint|p2a: Regieleki\n|\n|-damage|p1a: Zangoose|175/263 tox|[from] psn\n|upkeep\n|\n|t:|1783547490\n|switch|p2a: Iron Valiant|Iron Valiant, L78|100/100\n|turn|11\n|inactive|Time left: 300 sec this turn | 300 sec total\n|\n|t:|1783547491\n|move|p2a: Iron Valiant|Moonblast|p1a: Zangoose\n|-crit|p1a: Zangoose\n|-damage|p1a: Zangoose|0 fnt\n|faint|p1a: Zangoose\n|-damage|p2a: Iron Valiant|91/100|[from] item: Life Orb\n|\n|upkeep\n|inactive|Time left: 300 sec this turn | 300 sec total | 5 sec grace\n|\n|t:|1783547492\n|switch|p1a: Araquanid|Araquanid, L82, F|131/246\n|turn|12\n|inactive|Time left: 300 sec this turn | 300 sec total\n|\n|t:|1783547493\n|move|p2a: Iron Valiant|Calm Mind|p2a: Iron Valiant\n|-boost|p2a: Iron Valiant|spa|1\n|-boost|p2a: Iron Valiant|spd|1\n|move|p1a: Araquanid|Hydro Pump|p2a: Iron Valiant|[miss]\n|-miss|p1a: Araquanid|p2a: Iron Valiant\n|\n|upkeep\n|turn|13\n|inactive|Time left: 300 sec this turn | 300 sec total\n|\n|t:|1783547494\n|move|p2a: Iron Valiant|Moonblast|p1a: Araquanid\n|-damage|p1a: Araquanid|0 fnt\n|faint|p1a: Araquanid\n|-damage|p2a: Iron Valiant|81/100|[from] item: Life Orb\n|\n|upkeep\n|inactive|Time left: 300 sec this turn | 300 sec total | 5 sec grace\n|\n|t:|1783547495\n|switch|p1a: Barraskewda|Barraskewda, L81, M|231/231\n|-status|p1a: Barraskewda|tox\n|turn|14\n|inactive|Time left: 300 sec this turn | 300 sec total\n|\n|t:|1783547496\n|-terastallize|p1a: Barraskewda|Water\n|move|p1a: Barraskewda|Waterfall|p2a: Iron Valiant\n|-damage|p2a: Iron Valiant|0 fnt\n|faint|p2a: Iron Valiant\n|-end|p2a: Iron Valiant|Quark Drive|[silent]\n|\n|-damage|p1a: Barraskewda|217/231 tox|[from] psn\n|upkeep\n|\n|t:|1783547497\n|switch|p2a: Comfey|Comfey, L85, F|100/100\n|turn|15\n|inactive|Time left: 300 sec this turn | 300 sec total\n|\n|t:|1783547498\n|move|p2a: Comfey|Draining Kiss|p1a: Barraskewda\n|-damage|p1a: Barraskewda|139/231 tox\n|move|p1a: Barraskewda|Waterfall|p2a: Comfey\n|-damage|p2a: Comfey|25/100\n|\n|-heal|p2a: Comfey|31/100|[from] item: Leftovers\n|-damage|p1a: Barraskewda|111/231 tox|[from] psn\n|upkeep\n|turn|16\n|inactive|Time left: 300 sec this turn | 300 sec total\n|\n|t:|1783547499\n|switch|p1a: Hitmonchan|Hitmonchan, L87, M|229/229\n|-status|p1a: Hitmonchan|tox\n|move|p2a: Comfey|Draining Kiss|p1a: Hitmonchan\n|-supereffective|p1a: Hitmonchan\n|-damage|p1a: Hitmonchan|143/229 tox\n|-heal|p2a: Comfey|60/100|[from] drain|[of] p1a: Hitmonchan\n|\n|-heal|p2a: Comfey|66/100|[from] item: Leftovers\n|-damage|p1a: Hitmonchan|129/229 tox|[from] psn\n|upkeep\n|turn|17\n|inactive|Time left: 300 sec this turn | 300 sec total\n|\n|t:|1783547500\n|move|p2a: Comfey|Calm Mind|p2a: Comfey\n|-boost|p2a: Comfey|spa|1\n|-boost|p2a: Comfey|spd|1\n|move|p1a: Hitmonchan|Drain Punch|p2a: Comfey\n|-resisted|p2a: Comfey\n|-damage|p2a: Comfey|39/100\n|-heal|p1a: Hitmonchan|160/229 tox|[from] drain|[of] p2a: Comfey\n|-damage|p1a: Hitmonchan|138/229 tox|[from] item: Life Orb\n|\n|-heal|p2a: Comfey|45/100|[from] item: Leftovers\n|-damage|p1a: Hitmonchan|110/229 tox|[from] psn\n|upkeep\n|turn|18\n|inactive|Time left: 300 sec this turn | 300 sec total\n|\n|t:|1783547501\n|switch|p1a: Barraskewda|Barraskewda, L81, M, tera:Water|111/231 tox\n|move|p2a: Comfey|Draining Kiss|p1a: Barraskewda\n|-damage|p1a: Barraskewda|9/231 tox\n|-heal|p2a: Comfey|79/100|[from] drain|[of] p1a: Barraskewda\n|\n|-heal|p2a: Comfey|85/100|[from] item: Leftovers\n|-damage|p1a: Barraskewda|0 fnt|[from] psn\n|faint|p1a: Barraskewda\n|upkeep\n|inactive|Time left: 300 sec this turn | 300 sec total | 5 sec grace\n|\n|t:|1783547501\n|switch|p1a: Hitmonchan|Hitmonchan, L87, M|110/229 tox\n|turn|19\n|inactive|Time left: 300 sec this turn | 300 sec total\n|\n|t:|1783547502\n|move|p2a: Comfey|Draining Kiss|p1a: Hitmonchan\n|-supereffective|p1a: Hitmonchan\n|-damage|p1a: Hitmonchan|0 fnt\n|-heal|p2a: Comfey|100/100|[from] drain|[of] p1a: Hitmonchan\n|faint|p1a: Hitmonchan\n|\n|win|p0y720ba00", "uploadtime": 1783547502, "views": 0, "rating": 0, "private": 0, "password": null, "_winner": "p0y720ba00", "_our_name": "p0x72070f7"}