{"id": "battle-gen9randombattle-2685", "formatid": "gen9randombattle", "format": "[Gen 9] Random Battle", "players": ["p0x2685ef3c", "p0y26851e2a"], "log": "|init|battle\n|title|p0x2685ef3c vs. p0y26851e2a\n|j|\u2606p0x2685ef3c\n|j|\u2606p0y26851e2a\n|t:|1783570984\n|gametype|singles\n|player|p1|p0x2685ef3c|101|\n|player|p2|p0y26851e2a|2|\n|gen|9\n|tier|[Gen 9] Random Battle\n|rule|Species Clause: Limit one of each Pok\u00e9mon\n|rule|HP Percentage Mod: HP is shown in percentages\n|rule|Sleep Clause Mod: Limit one foe put to sleep\n|rule|Illusion Level Mod: Illusion disguises the Pok\u00e9mon's true level\n|\n|t:|1783570984\n|teamsize|p1|6\n|teamsize|p2|6\n|start\n|switch|p1a: Mudsdale|Mudsdale, L83, F|100/100\n|switch|p2a: Shiftry|Shiftry, L89, M|305/305\n|turn|1\n|inactive|Battle timer is ON: inactive players will automatically lose when time's up. (requested by p0y26851e2a)\n|inactive|p0x2685ef3c also wants the timer to be on.\n|\n|t:|1783570985\n|move|p2a: Shiftry|Knock Off|p1a: Mudsdale\n|-damage|p1a: Mudsdale|55/100\n|-ability|p1a: Mudsdale|Stamina|boost\n|-boost|p1a: Mudsdale|def|1\n|-enditem|p1a: Mudsdale|Leftovers|[from] move: Knock Off|[of] p2a: Shiftry\n|-damage|p2a: Shiftry|275/305|[from] item: Life Orb\n|move|p1a: Mudsdale|Earthquake|p2a: Shiftry\n|-resisted|p2a: Shiftry\n|-damage|p2a: Shiftry|192/305\n|\n|upkeep\n|turn|2\n|inactive|Time left: 300 sec this turn | 300 sec total\n|\n|t:|1783570987\n|-terastallize|p1a: Mudsdale|Steel\n|move|p2a: Shiftry|Leaf Blade|p1a: Mudsdale\n|-resisted|p1a: Mudsdale\n|-damage|p1a: Mudsdale|41/100\n|-ability|p1a: Mudsdale|Stamina|boost\n|-boost|p1a: Mudsdale|def|1\n|-damage|p2a: Shiftry|162/305|[from] item: Life Orb\n|move|p1a: Mudsdale|Heavy Slam|p2a: Shiftry\n|-damage|p2a: Shiftry|0 fnt\n|faint|p2a: Shiftry\n|\n|upkeep\n|inactive|Time left: 300 sec this turn | 300 sec total | 5 sec grace\n|\n|t:|1783570987\n|switch|p2a: Walking Wake|Walking Wake, L79|286/286\n|turn|3\n|inactive|Time left: 300 sec this turn | 300 sec total\n|\n|t:|1783570989\n|switch|p1a: Grimmsnarl|Grimmsnarl, L83, M|100/100\n|move|p2a: Walking Wake|Flamethrower|p1a: Grimmsnarl\n|-damage|p1a: Grimmsnarl|60/100\n|\n|upkeep\n|turn|4\n|inactive|Time left: 300 sec this turn | 300 sec total\n|\n|t:|1783570990\n|move|p1a: Grimmsnarl|Light Screen|p1a: Grimmsnarl\n|-sidestart|p1: p0x2685ef3c|move: Light Screen\n|move|p2a: Walking Wake|Flamethrower|p1a: Grimmsnarl\n|-damage|p1a: Grimmsnarl|40/100\n|\n|upkeep\n|turn|5\n|inactive|Time left: 300 sec this turn | 300 sec total\n|\n|t:|1783570991\n|move|p2a: Walking Wake|Flamethrower|p1a: Grimmsnarl\n|-damage|p1a: Grimmsnarl|19/100\n|move|p1a: Grimmsnarl|Spirit Break|p2a: Walking Wake\n|-supereffective|p2a: Walking Wake\n|-damage|p2a: Walking Wake|88/286\n|-unboost|p2a: Walking Wake|spa|1\n|\n|upkeep\n|turn|6\n|inactive|Time left: 300 sec this turn | 300 sec total\n|\n|t:|1783570991\n|-end|p2a: Walking Wake|Protosynthesis|[silent]\n|switch|p2a: Kleavor|Kleavor, L78, M|237/237\n|move|p1a: Grimmsnarl|Spirit Break|p2a: Kleavor\n|-damage|p2a: Kleavor|137/237\n|-unboost|p2a: Kleavor|spa|1\n|\n|upkeep\n|turn|7\n|inactive|Time left: 300 sec this turn | 300 sec total\n|\n|t:|1783570992\n|move|p1a: Grimmsnarl|Reflect|p1a: Grimmsnarl\n|-sidestart|p1: p0x2685ef3c|Reflect\n|move|p2a: Kleavor|Stone Axe|p1a: Grimmsnarl\n|-damage|p1a: Grimmsnarl|0 fnt\n|-sidestart|p1: p0x2685ef3c|move: Stealth Rock\n|faint|p1a: Grimmsnarl\n|\n|upkeep\n|\n|t:|1783570993\n|switch|p1a: Scrafty|Scrafty, L83, M|100/100\n|-damage|p1a: Scrafty|94/100|[from] Stealth Rock\n|turn|8\n|inactive|Time left: 300 sec this turn | 300 sec total\n|\n|t:|1783570994\n|switch|p2a: Alcremie|Alcremie-Matcha-Cream, L90, F|263/263\n|move|p1a: Scrafty|Bulk Up|p1a: Scrafty\n|-boost|p1a: Scrafty|atk|1\n|-boost|p1a: Scrafty|def|1\n|\n|-heal|p1a: Scrafty|100/100|[from] item: Leftovers\n|upkeep\n|turn|9\n|inactive|Time left: 300 sec this turn | 300 sec total\n|\n|t:|1783570995\n|move|p2a: Alcremie|Calm Mind|p2a: Alcremie\n|-boost|p2a: Alcremie|spa|1\n|-boost|p2a: Alcremie|spd|1\n|move|p1a: Scrafty|Knock Off|p2a: Alcremie\n|-resisted|p2a: Alcremie\n|-damage|p2a: Alcremie|185/263\n|-enditem|p2a: Alcremie|Leftovers|[from] move: Knock Off|[of] p1a: Scrafty\n|\n|upkeep\n|turn|10\n|inactive|Time left: 300 sec this turn | 300 sec total\n|\n|t:|1783570996\n|switch|p1a: Mudsdale|Mudsdale, L83, F, tera:Steel|41/100\n|-damage|p1a: Mudsdale|35/100|[from] Stealth Rock\n|move|p2a: Alcremie|Alluring Voice|p1a: Mudsdale\n|-resisted|p1a: Mudsdale\n|-damage|p1a: Mudsdale|21/100\n|-ability|p1a: Mudsdale|Stamina|boost\n|-boost|p1a: Mudsdale|def|1\n|\n|upkeep\n|turn|11\n|inactive|Time left: 300 sec this turn | 300 sec total\n|\n|t:|1783570997\n|-terastallize|p2a: Alcremie|Ground\n|move|p2a: Alcremie|Tera Blast|p1a: Mudsdale|[anim] Tera Blast Ground\n|-supereffective|p1a: Mudsdale\n|-damage|p1a: Mudsdale|0 fnt\n|faint|p1a: Mudsdale\n|\n|-sideend|p1: p0x2685ef3c|move: Light Screen\n|upkeep\n|\n|t:|1783570998\n|switch|p1a: Sawsbuck|Sawsbuck-Summer, L88, M|100/100\n|-damage|p1a: Sawsbuck|88/100|[from] Stealth Rock\n|turn|12\n|inactive|Time left: 300 sec this turn | 300 sec total\n|\n|t:|1783570999\n|switch|p2a: Kleavor|Kleavor, L78, M|137/237\n|move|p1a: Sawsbuck|Horn Leech|p2a: Kleavor\n|-damage|p2a: Kleavor|11/237\n|-heal|p1a: Sawsbuck|100/100|[from] drain|[of] p2a: Kleavor\n|-damage|p1a: Sawsbuck|91/100|[from] item: Life Orb\n|\n|upkeep\n|turn|13\n|inactive|Time left: 300 sec this turn | 300 sec total\n|\n|t:|1783571000\n|move|p1a: Sawsbuck|Headbutt|p2a: Kleavor\n|-resisted|p2a: Kleavor\n|-damage|p2a: Kleavor|0 fnt\n|faint|p2a: Kleavor\n|-damage|p1a: Sawsbuck|81/100|[from] item: Life Orb\n|\n|upkeep\n|inactive|Time left: 300 sec this turn | 300 sec total | 5 sec grace\n|\n|t:|1783571000\n|switch|p2a: Walking Wake|Walking Wake, L79|88/286\n|turn|14\n|inactive|Time left: 300 sec this turn | 300 sec total\n|\n|t:|1783571001\n|move|p2a: Walking Wake|Draco Meteor|p1a: Sawsbuck\n|-damage|p1a: Sawsbuck|0 fnt\n|-unboost|p2a: Walking Wake|spa|2\n|faint|p1a: Sawsbuck\n|\n|-sideend|p1: p0x2685ef3c|Reflect\n|upkeep\n|\n|t:|1783571002\n|switch|p1a: Golduck|Golduck, L90, M|100/100\n|-damage|p1a: Golduck|88/100|[from] Stealth Rock\n|-ability|p1a: Golduck|Cloud Nine\n|turn|15\n|inactive|Time left: 300 sec this turn | 300 sec total\n|\n|t:|1783571003\n|move|p2a: Walking Wake|Draco Meteor|p1a: Golduck\n|-damage|p1a: Golduck|48/100\n|-unboost|p2a: Walking Wake|spa|2\n|move|p1a: Golduck|Nasty Plot|p1a: Golduck\n|-boost|p1a: Golduck|spa|2\n|\n|upkeep\n|turn|16\n|inactive|Time left: 300 sec this turn | 300 sec total\n|\n|t:|1783571004\n|move|p2a: Walking Wake|Draco Meteor|p1a: Golduck\n|-damage|p1a: Golduck|21/100\n|-unboost|p2a: Walking Wake|spa|2\n|move|p1a: Golduck|Ice Beam|p2a: Walking Wake\n|-damage|p2a: Walking Wake|0 fnt\n|faint|p2a: Walking Wake\n|-end|p2a: Walking Wake|Protosynthesis|[silent]\n|-damage|p1a: Golduck|11/100|[from] item: Life Orb\n|\n|upkeep\n|inactive|Time left: 300 sec this turn | 300 sec total | 5 sec grace\n|\n|t:|1783571005\n|switch|p2a: Bruxish|Bruxish, L85, M|254/254\n|turn|17\n|inactive|Time left: 300 sec this turn | 300 sec total\n|\n|t:|1783571006\n|move|p2a: Bruxish|Psychic Fangs|p1a: Golduck\n|-damage|p1a: Golduck|0 fnt\n|faint|p1a: Golduck\n|-damage|p2a: Bruxish|229/254|[from] item: Life Orb\n|\n|upkeep\n|\n|t:|1783571007\n|switch|p1a: Jumpluff|Jumpluff, L87, F|100/100\n|-damage|p1a: Jumpluff|76/100|[from] Stealth Rock\n|turn|18\n|inactive|Time left: 300 sec this turn | 300 sec total\n|\n|t:|1783571008\n|move|p1a: Jumpluff|Strength Sap|p2a: Bruxish\n|-unboost|p2a: Bruxish|atk|1\n|-heal|p1a: Jumpluff|100/100\n|move|p2a: Bruxish|Swords Dance|p2a: Bruxish\n|-boost|p2a: Bruxish|atk|2\n|\n|upkeep\n|turn|19\n|inactive|Time left: 300 sec this turn | 300 sec total\n|\n|t:|1783571009\n|move|p1a: Jumpluff|Sleep Powder|p2a: Bruxish\n|-status|p2a: Bruxish|slp|[from] move: Sleep Powder\n|cant|p2a: Bruxish|slp\n|\n|upkeep\n|turn|20\n|inactive|Time left: 300 sec this turn | 300 sec total\n|\n|t:|1783571010\n|move|p1a: Jumpluff|Acrobatics|p2a: Bruxish\n|-damage|p2a: Bruxish|141/254 slp\n|cant|p2a: Bruxish|slp\n|\n|upkeep\n|turn|21\n|inactive|Time left: 300 sec this turn | 300 sec total\n|\n|t:|1783571011\n|move|p1a: Jumpluff|Acrobatics|p2a: Bruxish\n|-damage|p2a: Bruxish|45/254 slp\n|-curestatus|p2a: Bruxish|slp|[msg]\n|move|p2a: Bruxish|Psychic Fangs|p1a: Jumpluff\n|-damage|p1a: Jumpluff|0 fnt\n|faint|p1a: Jumpluff\n|-damage|p2a: Bruxish|20/254|[from] item: Life Orb\n|\n|upkeep\n|\n|t:|1783571012\n|switch|p1a: Scrafty|Scrafty, L83, M|100/100\n|-damage|p1a: Scrafty|94/100|[from] Stealth Rock\n|turn|22\n|inactive|Time left: 300 sec this turn | 300 sec total\n|\n|t:|1783571013\n|move|p2a: Bruxish|Wave Crash|p1a: Scrafty\n|-damage|p1a: Scrafty|3/100\n|-damage|p2a: Bruxish|0 fnt|[from] Recoil\n|faint|p2a: Bruxish\n|move|p1a: Scrafty|Knock Off|p2: Bruxish|[notarget]\n|-fail|p1a: Scrafty\n|\n|-heal|p1a: Scrafty|10/100|[from] item: Leftovers\n|upkeep\n|inactive|Time left: 300 sec this turn | 300 sec total | 5 sec grace\n|\n|t:|1783571014\n|switch|p2a: Gothitelle|Gothitelle, L90, F|272/272\n|turn|23\n|inactive|Time left: 300 sec this turn | 300 sec total\n|\n|t:|1783571015\n|move|p2a: Gothitelle|Thunderbolt|p1a: Scrafty\n|-damage|p1a: Scrafty|0 fnt\n|faint|p1a: Scrafty\n|\n|win|p0y26851e2a", "uploadtime": 1783571015, "views": 0, "rating": 0, "private": 0, "password": null, "_winner": "p0y26851e2a", "_our_name": "p0y26851e2a"}