{"id": "battle-gen9randombattle-1011", "formatid": "gen9randombattle", "format": "[Gen 9] Random Battle", "players": ["p0x10111aa8", "p0y101180a7"], "log": "|init|battle\n|title|p0x10111aa8 vs. p0y101180a7\n|j|\u2606p0x10111aa8\n|j|\u2606p0y101180a7\n|t:|1783550912\n|gametype|singles\n|player|p1|p0x10111aa8|170|\n|player|p2|p0y101180a7|2|\n|gen|9\n|tier|[Gen 9] Random Battle\n|rule|Species Clause: Limit one of each Pok\u00e9mon\n|rule|HP Percentage Mod: HP is shown in percentages\n|rule|Sleep Clause Mod: Limit one foe put to sleep\n|rule|Illusion Level Mod: Illusion disguises the Pok\u00e9mon's true level\n|\n|t:|1783550912\n|teamsize|p1|6\n|teamsize|p2|6\n|start\n|switch|p1a: Quaquaval|Quaquaval, L79, F|264/264\n|switch|p2a: Bruxish|Bruxish, L85, M|100/100\n|turn|1\n|inactive|Battle timer is ON: inactive players will automatically lose when time's up. (requested by p0x10111aa8)\n|inactive|p0y101180a7 also wants the timer to be on.\n|\n|t:|1783550914\n|switch|p1a: Uxie|Uxie, L83|260/260\n|move|p2a: Bruxish|Psychic Fangs|p1a: Uxie\n|-resisted|p1a: Uxie\n|-damage|p1a: Uxie|186/260\n|-damage|p2a: Bruxish|91/100|[from] item: Life Orb\n|\n|-heal|p1a: Uxie|202/260|[from] item: Leftovers\n|upkeep\n|turn|2\n|inactive|Time left: 300 sec this turn | 300 sec total\n|\n|t:|1783550915\n|move|p2a: Bruxish|Psychic Fangs|p1a: Uxie\n|-resisted|p1a: Uxie\n|-damage|p1a: Uxie|136/260\n|-damage|p2a: Bruxish|81/100|[from] item: Life Orb\n|move|p1a: Uxie|Knock Off|p2a: Bruxish\n|-supereffective|p2a: Bruxish\n|-damage|p2a: Bruxish|30/100\n|-enditem|p2a: Bruxish|Life Orb|[from] move: Knock Off|[of] p1a: Uxie\n|\n|-heal|p1a: Uxie|152/260|[from] item: Leftovers\n|upkeep\n|turn|3\n|inactive|Time left: 300 sec this turn | 300 sec total\n|\n|t:|1783550917\n|-terastallize|p2a: Bruxish|Dark\n|move|p1a: Uxie|Knock Off|p2a: Bruxish\n|-resisted|p2a: Bruxish\n|-damage|p2a: Bruxish|21/100\n|move|p2a: Bruxish|Crunch|p1a: Uxie\n|-supereffective|p1a: Uxie\n|-damage|p1a: Uxie|0 fnt\n|faint|p1a: Uxie\n|\n|upkeep\n|inactive|Time left: 300 sec this turn | 300 sec total | 5 sec grace\n|\n|t:|1783550918\n|switch|p1a: Cetitan|Cetitan, L82, F|412/412\n|turn|4\n|inactive|Time left: 300 sec this turn | 300 sec total\n|\n|t:|1783550919\n|move|p1a: Cetitan|Ice Shard|p2a: Bruxish\n|-damage|p2a: Bruxish|0 fnt\n|faint|p2a: Bruxish\n|\n|upkeep\n|\n|t:|1783550919\n|switch|p2a: Magmortar|Magmortar, L88, M|100/100\n|turn|5\n|inactive|Time left: 300 sec this turn | 300 sec total\n|\n|t:|1783550920\n|move|p2a: Magmortar|Fire Blast|p1a: Cetitan\n|-supereffective|p1a: Cetitan\n|-damage|p1a: Cetitan|194/412\n|-enditem|p1a: Cetitan|Sitrus Berry|[eat]\n|-heal|p1a: Cetitan|297/412|[from] item: Sitrus Berry\n|move|p1a: Cetitan|Earthquake|p2a: Magmortar\n|-supereffective|p2a: Magmortar\n|-damage|p2a: Magmortar|41/100\n|\n|upkeep\n|turn|6\n|inactive|Time left: 300 sec this turn | 300 sec total\n|\n|t:|1783550921\n|move|p2a: Magmortar|Fire Blast|p1a: Cetitan\n|-supereffective|p1a: Cetitan\n|-damage|p1a: Cetitan|85/412\n|move|p1a: Cetitan|Earthquake|p2a: Magmortar\n|-supereffective|p2a: Magmortar\n|-damage|p2a: Magmortar|0 fnt\n|faint|p2a: Magmortar\n|\n|upkeep\n|\n|t:|1783550922\n|switch|p2a: Sinistcha|Sinistcha, L83|100/100\n|turn|7\n|inactive|Time left: 300 sec this turn | 300 sec total\n|\n|t:|1783550923\n|move|p1a: Cetitan|Ice Spinner|p2a: Sinistcha\n|-supereffective|p2a: Sinistcha\n|-damage|p2a: Sinistcha|34/100\n|move|p2a: Sinistcha|Strength Sap|p1a: Cetitan\n|-unboost|p1a: Cetitan|atk|1\n|-heal|p2a: Sinistcha|100/100\n|\n|upkeep\n|turn|8\n|inactive|Time left: 300 sec this turn | 300 sec total\n|\n|t:|1783550924\n|move|p1a: Cetitan|Ice Spinner|p2a: Sinistcha\n|-supereffective|p2a: Sinistcha\n|-damage|p2a: Sinistcha|62/100\n|move|p2a: Sinistcha|Calm Mind|p2a: Sinistcha\n|-boost|p2a: Sinistcha|spa|1\n|-boost|p2a: Sinistcha|spd|1\n|\n|-heal|p2a: Sinistcha|68/100|[from] item: Leftovers\n|upkeep\n|turn|9\n|inactive|Time left: 300 sec this turn | 300 sec total\n|\n|t:|1783550925\n|move|p1a: Cetitan|Ice Spinner|p2a: Sinistcha\n|-supereffective|p2a: Sinistcha\n|-damage|p2a: Sinistcha|28/100\n|move|p2a: Sinistcha|Strength Sap|p1a: Cetitan\n|-unboost|p1a: Cetitan|atk|1\n|-heal|p2a: Sinistcha|88/100\n|\n|-heal|p2a: Sinistcha|94/100|[from] item: Leftovers\n|upkeep\n|turn|10\n|inactive|Time left: 300 sec this turn | 300 sec total\n|\n|t:|1783550926\n|move|p1a: Cetitan|Ice Spinner|p2a: Sinistcha\n|-supereffective|p2a: Sinistcha\n|-damage|p2a: Sinistcha|63/100\n|move|p2a: Sinistcha|Calm Mind|p2a: Sinistcha\n|-boost|p2a: Sinistcha|spa|1\n|-boost|p2a: Sinistcha|spd|1\n|\n|-heal|p2a: Sinistcha|69/100|[from] item: Leftovers\n|upkeep\n|turn|11\n|inactive|Time left: 300 sec this turn | 300 sec total\n|\n|t:|1783550926\n|move|p1a: Cetitan|Ice Spinner|p2a: Sinistcha\n|-supereffective|p2a: Sinistcha\n|-damage|p2a: Sinistcha|38/100\n|move|p2a: Sinistcha|Strength Sap|p1a: Cetitan\n|-unboost|p1a: Cetitan|atk|1\n|-heal|p2a: Sinistcha|84/100\n|\n|-heal|p2a: Sinistcha|89/100|[from] item: Leftovers\n|upkeep\n|turn|12\n|inactive|Time left: 300 sec this turn | 300 sec total\n|\n|t:|1783550927\n|move|p1a: Cetitan|Ice Spinner|p2a: Sinistcha\n|-supereffective|p2a: Sinistcha\n|-damage|p2a: Sinistcha|63/100\n|move|p2a: Sinistcha|Calm Mind|p2a: Sinistcha\n|-boost|p2a: Sinistcha|spa|1\n|-boost|p2a: Sinistcha|spd|1\n|\n|-heal|p2a: Sinistcha|69/100|[from] item: Leftovers\n|upkeep\n|turn|13\n|inactive|Time left: 300 sec this turn | 300 sec total\n|\n|t:|1783550928\n|move|p1a: Cetitan|Ice Spinner|p2a: Sinistcha\n|-supereffective|p2a: Sinistcha\n|-damage|p2a: Sinistcha|45/100\n|move|p2a: Sinistcha|Strength Sap|p1a: Cetitan\n|-unboost|p1a: Cetitan|atk|1\n|-heal|p2a: Sinistcha|81/100\n|\n|-heal|p2a: Sinistcha|87/100|[from] item: Leftovers\n|upkeep\n|turn|14\n|inactive|Time left: 300 sec this turn | 300 sec total\n|\n|t:|1783550930\n|move|p1a: Cetitan|Ice Spinner|p2a: Sinistcha\n|-supereffective|p2a: Sinistcha\n|-damage|p2a: Sinistcha|66/100\n|move|p2a: Sinistcha|Matcha Gotcha|p1a: Cetitan\n|-damage|p1a: Cetitan|0 fnt\n|-heal|p2a: Sinistcha|83/100|[from] drain|[of] p1a: Cetitan\n|faint|p1a: Cetitan\n|\n|-heal|p2a: Sinistcha|89/100|[from] item: Leftovers\n|upkeep\n|inactive|Time left: 300 sec this turn | 300 sec total | 5 sec grace\n|\n|t:|1783550931\n|switch|p1a: Whimsicott|Whimsicott, L84, F|238/238\n|turn|15\n|inactive|Time left: 300 sec this turn | 300 sec total\n|\n|t:|1783550932\n|move|p1a: Whimsicott|Encore|p2a: Sinistcha\n|-start|p2a: Sinistcha|Encore\n|move|p2a: Sinistcha|Matcha Gotcha|p1a: Whimsicott\n|-resisted|p1a: Whimsicott\n|-damage|p1a: Whimsicott|94/238\n|-heal|p2a: Sinistcha|100/100|[from] drain|[of] p1a: Whimsicott\n|\n|-heal|p1a: Whimsicott|108/238|[from] item: Leftovers\n|upkeep\n|turn|16\n|inactive|Time left: 300 sec this turn | 300 sec total\n|\n|t:|1783550933\n|move|p1a: Whimsicott|Substitute|p1a: Whimsicott\n|-start|p1a: Whimsicott|Substitute\n|-damage|p1a: Whimsicott|49/238\n|move|p2a: Sinistcha|Matcha Gotcha|p1a: Whimsicott\n|-resisted|p1a: Whimsicott\n|-end|p1a: Whimsicott|Substitute\n|\n|-heal|p1a: Whimsicott|63/238|[from] item: Leftovers\n|upkeep\n|turn|17\n|inactive|Time left: 300 sec this turn | 300 sec total\n|\n|t:|1783550934\n|move|p1a: Whimsicott|Substitute|p1a: Whimsicott\n|-start|p1a: Whimsicott|Substitute\n|-damage|p1a: Whimsicott|4/238\n|move|p2a: Sinistcha|Matcha Gotcha|p1a: Whimsicott\n|-resisted|p1a: Whimsicott\n|-crit|p1a: Whimsicott\n|-end|p1a: Whimsicott|Substitute\n|\n|-heal|p1a: Whimsicott|18/238|[from] item: Leftovers\n|-end|p2a: Sinistcha|Encore\n|upkeep\n|turn|18\n|inactive|Time left: 300 sec this turn | 300 sec total\n|\n|t:|1783550935\n|move|p1a: Whimsicott|Encore|p2a: Sinistcha\n|-start|p2a: Sinistcha|Encore\n|move|p2a: Sinistcha|Matcha Gotcha|p1a: Whimsicott\n|-resisted|p1a: Whimsicott\n|-damage|p1a: Whimsicott|0 fnt\n|faint|p1a: Whimsicott\n|\n|upkeep\n|inactive|Time left: 300 sec this turn | 300 sec total | 5 sec grace\n|\n|t:|1783550936\n|switch|p1a: Deoxys|Deoxys-Defense, L84|221/221\n|-ability|p1a: Deoxys|Pressure\n|turn|19\n|inactive|Time left: 300 sec this turn | 300 sec total\n|\n|t:|1783550937\n|move|p1a: Deoxys|Psychic Noise|p2a: Sinistcha\n|-damage|p2a: Sinistcha|89/100\n|-start|p2a: Sinistcha|move: Heal Block\n|cant|p2a: Sinistcha|move: Heal Block|Matcha Gotcha\n|\n|upkeep\n|turn|20\n|inactive|Time left: 300 sec this turn | 300 sec total\n|\n|t:|1783550938\n|switch|p2a: Minior|Minior-Blue, L79|100/100\n|-formechange|p2a: Minior|Minior-Meteor||[from] ability: Shields Down\n|move|p1a: Deoxys|Knock Off|p2a: Minior\n|-damage|p2a: Minior|78/100\n|-enditem|p2a: Minior|White Herb|[from] move: Knock Off|[of] p1a: Deoxys\n|\n|upkeep\n|turn|21\n|inactive|Time left: 300 sec this turn | 300 sec total\n|\n|t:|1783550939\n|switch|p1a: Quaquaval|Quaquaval, L79, F|264/264\n|move|p2a: Minior|Shell Smash|p2a: Minior\n|-unboost|p2a: Minior|def|1\n|-unboost|p2a: Minior|spd|1\n|-boost|p2a: Minior|atk|2\n|-boost|p2a: Minior|spa|2\n|-boost|p2a: Minior|spe|2\n|\n|upkeep\n|turn|22\n|inactive|Time left: 300 sec this turn | 300 sec total\n|\n|t:|1783550940\n|-terastallize|p1a: Quaquaval|Water\n|move|p2a: Minior|Acrobatics|p1a: Quaquaval\n|-damage|p1a: Quaquaval|96/264\n|move|p1a: Quaquaval|Aqua Step|p2a: Minior\n|-supereffective|p2a: Minior\n|-damage|p2a: Minior|0 fnt\n|-boost|p1a: Quaquaval|spe|1\n|faint|p2a: Minior\n|-ability|p1a: Quaquaval|Moxie|boost\n|-boost|p1a: Quaquaval|atk|1\n|\n|upkeep\n|\n|t:|1783550941\n|switch|p2a: Sinistcha|Sinistcha, L83|89/100\n|turn|23\n|inactive|Time left: 300 sec this turn | 300 sec total\n|\n|t:|1783550942\n|move|p1a: Quaquaval|Aqua Step|p2a: Sinistcha\n|-resisted|p2a: Sinistcha\n|-damage|p2a: Sinistcha|41/100\n|-boost|p1a: Quaquaval|spe|1\n|move|p2a: Sinistcha|Matcha Gotcha|p1a: Quaquaval\n|-supereffective|p1a: Quaquaval\n|-damage|p1a: Quaquaval|0 fnt\n|-heal|p2a: Sinistcha|60/100|[from] drain|[of] p1a: Quaquaval\n|faint|p1a: Quaquaval\n|\n|-heal|p2a: Sinistcha|65/100|[from] item: Leftovers\n|upkeep\n|inactive|Time left: 300 sec this turn | 300 sec total | 5 sec grace\n|\n|t:|1783550943\n|switch|p1a: Poliwrath|Poliwrath, L88, M|302/302\n|turn|24\n|inactive|Time left: 300 sec this turn | 300 sec total\n|\n|t:|1783550944\n|move|p1a: Poliwrath|Knock Off|p2a: Sinistcha\n|-supereffective|p2a: Sinistcha\n|-damage|p2a: Sinistcha|0 fnt\n|-enditem|p2a: Sinistcha|Leftovers|[from] move: Knock Off|[of] p1a: Poliwrath\n|faint|p2a: Sinistcha\n|-damage|p1a: Poliwrath|272/302|[from] item: Life Orb\n|\n|upkeep\n|\n|t:|1783550945\n|switch|p2a: Palafin|Palafin, L77, F|100/100\n|turn|25\n|inactive|Time left: 300 sec this turn | 300 sec total\n|\n|t:|1783550946\n|move|p2a: Palafin|Bulk Up|p2a: Palafin\n|-boost|p2a: Palafin|atk|1\n|-boost|p2a: Palafin|def|1\n|move|p1a: Poliwrath|Close Combat|p2a: Palafin\n|-damage|p2a: Palafin|51/100\n|-unboost|p1a: Poliwrath|def|1\n|-unboost|p1a: Poliwrath|spd|1\n|-damage|p1a: Poliwrath|242/302|[from] item: Life Orb\n|\n|-heal|p2a: Palafin|57/100|[from] item: Leftovers\n|upkeep\n|turn|26\n|inactive|Time left: 300 sec this turn | 300 sec total\n|\n|t:|1783550947\n|move|p2a: Palafin|Bulk Up|p2a: Palafin\n|-boost|p2a: Palafin|atk|1\n|-boost|p2a: Palafin|def|1\n|move|p1a: Poliwrath|Close Combat|p2a: Palafin\n|-damage|p2a: Palafin|16/100\n|-unboost|p1a: Poliwrath|def|1\n|-unboost|p1a: Poliwrath|spd|1\n|-damage|p1a: Poliwrath|212/302|[from] item: Life Orb\n|\n|-heal|p2a: Palafin|22/100|[from] item: Leftovers\n|upkeep\n|turn|27\n|inactive|Time left: 300 sec this turn | 300 sec total\n|\n|t:|1783550948\n|switch|p1a: Deoxys|Deoxys-Defense, L84|221/221\n|-ability|p1a: Deoxys|Pressure\n|move|p2a: Palafin|Drain Punch|p1a: Deoxys\n|-resisted|p1a: Deoxys\n|-damage|p1a: Deoxys|201/221\n|-heal|p2a: Palafin|26/100|[from] drain|[of] p1a: Deoxys\n|\n|-heal|p1a: Deoxys|214/221|[from] item: Leftovers\n|-heal|p2a: Palafin|32/100|[from] item: Leftovers\n|upkeep\n|turn|28\n|inactive|Time left: 300 sec this turn | 300 sec total\n|\n|t:|1783550949\n|move|p2a: Palafin|Drain Punch|p1a: Deoxys\n|-resisted|p1a: Deoxys\n|-damage|p1a: Deoxys|192/221\n|-heal|p2a: Palafin|36/100|[from] drain|[of] p1a: Deoxys\n|move|p1a: Deoxys|Psychic Noise|p2a: Palafin\n|-damage|p2a: Palafin|2/100\n|-start|p2a: Palafin|move: Heal Block\n|\n|-heal|p1a: Deoxys|205/221|[from] item: Leftovers\n|upkeep\n|turn|29\n|inactive|Time left: 300 sec this turn | 300 sec total\n|\n|t:|1783550949\n|move|p2a: Palafin|Ice Punch|p1a: Deoxys\n|-damage|p1a: Deoxys|163/221\n|move|p1a: Deoxys|Knock Off|p2a: Palafin\n|-damage|p2a: Palafin|0 fnt\n|-enditem|p2a: Palafin|Leftovers|[from] move: Knock Off|[of] p1a: Deoxys\n|faint|p2a: Palafin\n|\n|-heal|p1a: Deoxys|176/221|[from] item: Leftovers\n|upkeep\n|\n|t:|1783550950\n|switch|p2a: Chansey|Chansey, L85, F|100/100\n|turn|30\n|inactive|Time left: 300 sec this turn | 300 sec total\n|\n|t:|1783550951\n|switch|p1a: Poliwrath|Poliwrath, L88, M|212/302\n|move|p2a: Chansey|Thunder Wave|p1a: Poliwrath\n|-status|p1a: Poliwrath|par\n|\n|upkeep\n|turn|31\n|inactive|Time left: 300 sec this turn | 300 sec total\n|\n|t:|1783550952\n|move|p2a: Chansey|Seismic Toss|p1a: Poliwrath\n|-damage|p1a: Poliwrath|127/302 par\n|cant|p1a: Poliwrath|par\n|\n|upkeep\n|turn|32\n|inactive|Time left: 300 sec this turn | 300 sec total\n|\n|t:|1783550953\n|move|p2a: Chansey|Seismic Toss|p1a: Poliwrath\n|-damage|p1a: Poliwrath|42/302 par\n|cant|p1a: Poliwrath|par\n|\n|upkeep\n|turn|33\n|inactive|Time left: 300 sec this turn | 300 sec total\n|\n|t:|1783550954\n|switch|p1a: Deoxys|Deoxys-Defense, L84|176/221\n|-ability|p1a: Deoxys|Pressure\n|move|p2a: Chansey|Seismic Toss|p1a: Deoxys\n|-damage|p1a: Deoxys|91/221\n|\n|-heal|p1a: Deoxys|104/221|[from] item: Leftovers\n|upkeep\n|turn|34\n|inactive|Time left: 300 sec this turn | 300 sec total\n|\n|t:|1783550955\n|move|p1a: Deoxys|Recover|p1a: Deoxys\n|-heal|p1a: Deoxys|215/221\n|move|p2a: Chansey|Seismic Toss|p1a: Deoxys\n|-damage|p1a: Deoxys|130/221\n|\n|-heal|p1a: Deoxys|143/221|[from] item: Leftovers\n|upkeep\n|turn|35\n|inactive|Time left: 300 sec this turn | 300 sec total\n|\n|t:|1783550956\n|move|p1a: Deoxys|Knock Off|p2a: Chansey\n|-damage|p2a: Chansey|79/100\n|-enditem|p2a: Chansey|Eviolite|[from] move: Knock Off|[of] p1a: Deoxys\n|move|p2a: Chansey|Seismic Toss|p1a: Deoxys\n|-damage|p1a: Deoxys|58/221\n|\n|-heal|p1a: Deoxys|71/221|[from] item: Leftovers\n|upkeep\n|turn|36\n|inactive|Time left: 300 sec this turn | 300 sec total\n|\n|t:|1783550957\n|move|p1a: Deoxys|Recover|p1a: Deoxys\n|-heal|p1a: Deoxys|182/221\n|move|p2a: Chansey|Seismic Toss|p1a: Deoxys\n|-damage|p1a: Deoxys|97/221\n|\n|-heal|p1a: Deoxys|110/221|[from] item: Leftovers\n|upkeep\n|turn|37\n|inactive|Time left: 300 sec this turn | 300 sec total\n|\n|t:|1783550958\n|move|p1a: Deoxys|Recover|p1a: Deoxys\n|-heal|p1a: Deoxys|221/221\n|move|p2a: Chansey|Seismic Toss|p1a: Deoxys\n|-damage|p1a: Deoxys|136/221\n|\n|-heal|p1a: Deoxys|149/221|[from] item: Leftovers\n|upkeep\n|turn|38\n|inactive|Time left: 300 sec this turn | 300 sec total\n|\n|t:|1783550959\n|move|p1a: Deoxys|Psychic Noise|p2a: Chansey\n|-damage|p2a: Chansey|69/100\n|-start|p2a: Chansey|move: Heal Block\n|move|p2a: Chansey|Seismic Toss|p1a: Deoxys\n|-damage|p1a: Deoxys|64/221\n|\n|-heal|p1a: Deoxys|77/221|[from] item: Leftovers\n|upkeep\n|turn|39\n|inactive|Time left: 300 sec this turn | 300 sec total\n|\n|t:|1783550960\n|move|p1a: Deoxys|Recover|p1a: Deoxys\n|-heal|p1a: Deoxys|188/221\n|move|p2a: Chansey|Seismic Toss|p1a: Deoxys\n|-damage|p1a: Deoxys|103/221\n|\n|-heal|p1a: Deoxys|116/221|[from] item: Leftovers\n|-end|p2a: Chansey|move: Heal Block\n|upkeep\n|turn|40\n|inactive|Time left: 300 sec this turn | 300 sec total\n|\n|t:|1783550961\n|move|p1a: Deoxys|Recover|p1a: Deoxys\n|-heal|p1a: Deoxys|221/221\n|move|p2a: Chansey|Seismic Toss|p1a: Deoxys\n|-damage|p1a: Deoxys|136/221\n|\n|-heal|p1a: Deoxys|149/221|[from] item: Leftovers\n|upkeep\n|turn|41\n|inactive|Time left: 300 sec this turn | 300 sec total\n|\n|t:|1783550962\n|move|p1a: Deoxys|Psychic Noise|p2a: Chansey\n|-damage|p2a: Chansey|60/100\n|-start|p2a: Chansey|move: Heal Block\n|move|p2a: Chansey|Seismic Toss|p1a: Deoxys\n|-damage|p1a: Deoxys|64/221\n|\n|-heal|p1a: Deoxys|77/221|[from] item: Leftovers\n|upkeep\n|turn|42\n|inactive|Time left: 300 sec this turn | 300 sec total\n|\n|t:|1783550963\n|move|p1a: Deoxys|Recover|p1a: Deoxys\n|-heal|p1a: Deoxys|188/221\n|move|p2a: Chansey|Seismic Toss|p1a: Deoxys\n|-damage|p1a: Deoxys|103/221\n|\n|-heal|p1a: Deoxys|116/221|[from] item: Leftovers\n|-end|p2a: Chansey|move: Heal Block\n|upkeep\n|turn|43\n|inactive|Time left: 300 sec this turn | 300 sec total\n|\n|t:|1783550964\n|move|p1a: Deoxys|Recover|p1a: Deoxys\n|-heal|p1a: Deoxys|221/221\n|move|p2a: Chansey|Seismic Toss|p1a: Deoxys\n|-damage|p1a: Deoxys|136/221\n|\n|-heal|p1a: Deoxys|149/221|[from] item: Leftovers\n|upkeep\n|turn|44\n|inactive|Time left: 300 sec this turn | 300 sec total\n|\n|t:|1783550965\n|move|p1a: Deoxys|Psychic Noise|p2a: Chansey\n|-crit|p2a: Chansey\n|-damage|p2a: Chansey|45/100\n|-start|p2a: Chansey|move: Heal Block\n|move|p2a: Chansey|Seismic Toss|p1a: Deoxys\n|-damage|p1a: Deoxys|64/221\n|\n|-heal|p1a: Deoxys|77/221|[from] item: Leftovers\n|upkeep\n|turn|45\n|inactive|Time left: 300 sec this turn | 300 sec total\n|\n|t:|1783550966\n|move|p1a: Deoxys|Recover|p1a: Deoxys\n|-heal|p1a: Deoxys|188/221\n|move|p2a: Chansey|Thunder Wave|p1a: Deoxys\n|-status|p1a: Deoxys|par\n|\n|-heal|p1a: Deoxys|201/221 par|[from] item: Leftovers\n|-end|p2a: Chansey|move: Heal Block\n|upkeep\n|turn|46\n|inactive|Time left: 300 sec this turn | 300 sec total\n|\n|t:|1783550968\n|move|p2a: Chansey|Soft-Boiled|p2a: Chansey\n|-heal|p2a: Chansey|95/100\n|move|p1a: Deoxys|Psychic Noise|p2a: Chansey\n|-damage|p2a: Chansey|86/100\n|-start|p2a: Chansey|move: Heal Block\n|\n|-heal|p1a: Deoxys|214/221 par|[from] item: Leftovers\n|upkeep\n|turn|47\n|inactive|Time left: 300 sec this turn | 300 sec total\n|\n|t:|1783550969\n|move|p2a: Chansey|Seismic Toss|p1a: Deoxys\n|-damage|p1a: Deoxys|129/221 par\n|move|p1a: Deoxys|Knock Off|p2a: Chansey\n|-damage|p2a: Chansey|65/100\n|\n|-heal|p1a: Deoxys|142/221 par|[from] item: Leftovers\n|-end|p2a: Chansey|move: Heal Block\n|upkeep\n|turn|48\n|inactive|Time left: 300 sec this turn | 300 sec total\n|\n|t:|1783550970\n|move|p2a: Chansey|Soft-Boiled|p2a: Chansey\n|-heal|p2a: Chansey|100/100\n|cant|p1a: Deoxys|par\n|\n|-heal|p1a: Deoxys|155/221 par|[from] item: Leftovers\n|upkeep\n|turn|49\n|inactive|Time left: 300 sec this turn | 300 sec total\n|\n|t:|1783550971\n|move|p2a: Chansey|Seismic Toss|p1a: Deoxys\n|-damage|p1a: Deoxys|70/221 par\n|move|p1a: Deoxys|Knock Off|p2a: Chansey\n|-damage|p2a: Chansey|78/100\n|\n|-heal|p1a: Deoxys|83/221 par|[from] item: Leftovers\n|upkeep\n|turn|50\n|inactive|Time left: 300 sec this turn | 300 sec total\n|\n|t:|1783550972\n|move|p2a: Chansey|Soft-Boiled|p2a: Chansey\n|-heal|p2a: Chansey|100/100\n|cant|p1a: Deoxys|par\n|\n|-heal|p1a: Deoxys|96/221 par|[from] item: Leftovers\n|upkeep\n|turn|51\n|inactive|Time left: 300 sec this turn | 300 sec total\n|\n|t:|1783550973\n|move|p2a: Chansey|Heal Bell||[still]\n|-activate|p2a: Chansey|move: Heal Bell\n|-fail|p2a: Chansey\n|move|p1a: Deoxys|Psychic Noise|p2a: Chansey\n|-damage|p2a: Chansey|90/100\n|-start|p2a: Chansey|move: Heal Block\n|\n|-heal|p1a: Deoxys|109/221 par|[from] item: Leftovers\n|upkeep\n|turn|52\n|inactive|Time left: 300 sec this turn | 300 sec total\n|\n|t:|1783550975\n|move|p2a: Chansey|Thunder Wave|p1a: Deoxys\n|-fail|p1a: Deoxys|par\n|cant|p1a: Deoxys|par\n|\n|-heal|p1a: Deoxys|122/221 par|[from] item: Leftovers\n|-end|p2a: Chansey|move: Heal Block\n|upkeep\n|turn|53\n|inactive|Time left: 300 sec this turn | 300 sec total\n|\n|t:|1783550976\n|move|p2a: Chansey|Soft-Boiled|p2a: Chansey\n|-heal|p2a: Chansey|100/100\n|move|p1a: Deoxys|Psychic Noise|p2a: Chansey\n|-damage|p2a: Chansey|90/100\n|-start|p2a: Chansey|move: Heal Block\n|\n|-heal|p1a: Deoxys|135/221 par|[from] item: Leftovers\n|upkeep\n|turn|54\n|inactive|Time left: 300 sec this turn | 300 sec total\n|\n|t:|1783550977\n|move|p2a: Chansey|Heal Bell||[still]\n|-activate|p2a: Chansey|move: Heal Bell\n|-fail|p2a: Chansey\n|move|p1a: Deoxys|Knock Off|p2a: Chansey\n|-damage|p2a: Chansey|67/100\n|\n|-heal|p1a: Deoxys|148/221 par|[from] item: Leftovers\n|-end|p2a: Chansey|move: Heal Block\n|upkeep\n|turn|55\n|inactive|Time left: 300 sec this turn | 300 sec total\n|\n|t:|1783550978\n|move|p2a: Chansey|Soft-Boiled|p2a: Chansey\n|-heal|p2a: Chansey|100/100\n|move|p1a: Deoxys|Knock Off|p2a: Chansey\n|-damage|p2a: Chansey|79/100\n|\n|-heal|p1a: Deoxys|161/221 par|[from] item: Leftovers\n|upkeep\n|turn|56\n|inactive|Time left: 300 sec this turn | 300 sec total\n|\n|t:|1783550980\n|move|p2a: Chansey|Soft-Boiled|p2a: Chansey\n|-heal|p2a: Chansey|100/100\n|move|p1a: Deoxys|Knock Off|p2a: Chansey\n|-damage|p2a: Chansey|79/100\n|\n|-heal|p1a: Deoxys|174/221 par|[from] item: Leftovers\n|upkeep\n|turn|57\n|inactive|Time left: 300 sec this turn | 300 sec total\n|\n|t:|1783550981\n|move|p2a: Chansey|Soft-Boiled|p2a: Chansey\n|-heal|p2a: Chansey|100/100\n|cant|p1a: Deoxys|par\n|\n|-heal|p1a: Deoxys|187/221 par|[from] item: Leftovers\n|upkeep\n|turn|58\n|inactive|Time left: 300 sec this turn | 300 sec total\n|\n|t:|1783550982\n|move|p2a: Chansey|Thunder Wave|p1a: Deoxys\n|-fail|p1a: Deoxys|par\n|cant|p1a: Deoxys|par\n|\n|-heal|p1a: Deoxys|200/221 par|[from] item: Leftovers\n|upkeep\n|turn|59\n|inactive|Time left: 300 sec this turn | 300 sec total\n|\n|t:|1783550983\n|move|p2a: Chansey|Heal Bell||[still]\n|-activate|p2a: Chansey|move: Heal Bell\n|-fail|p2a: Chansey\n|move|p1a: Deoxys|Knock Off|p2a: Chansey\n|-damage|p2a: Chansey|79/100\n|\n|-heal|p1a: Deoxys|213/221 par|[from] item: Leftovers\n|upkeep\n|turn|60\n|inactive|Time left: 300 sec this turn | 300 sec total\n|\n|t:|1783550984\n|move|p2a: Chansey|Soft-Boiled|p2a: Chansey\n|-heal|p2a: Chansey|100/100\n|move|p1a: Deoxys|Knock Off|p2a: Chansey\n|-damage|p2a: Chansey|77/100\n|\n|-heal|p1a: Deoxys|221/221 par|[from] item: Leftovers\n|upkeep\n|turn|61\n|inactive|Time left: 300 sec this turn | 300 sec total\n|\n|t:|1783550985\n|move|p2a: Chansey|Thunder Wave|p1a: Deoxys\n|-fail|p1a: Deoxys|par\n|cant|p1a: Deoxys|par\n|\n|upkeep\n|turn|62\n|inactive|Time left: 300 sec this turn | 300 sec total\n|\n|t:|1783550985\n|move|p2a: Chansey|Thunder Wave|p1a: Deoxys\n|-fail|p1a: Deoxys|par\n|move|p1a: Deoxys|Knock Off|p2a: Chansey\n|-damage|p2a: Chansey|56/100\n|\n|upkeep\n|turn|63\n|inactive|Time left: 300 sec this turn | 300 sec total\n|\n|t:|1783550986\n|move|p2a: Chansey|Heal Bell||[still]\n|-activate|p2a: Chansey|move: Heal Bell\n|-fail|p2a: Chansey\n|cant|p1a: Deoxys|par\n|\n|upkeep\n|turn|64\n|inactive|Time left: 300 sec this turn | 300 sec total\n|\n|t:|1783550987\n|move|p2a: Chansey|Thunder Wave|p1a: Deoxys\n|-fail|p1a: Deoxys|par\n|cant|p1a: Deoxys|par\n|\n|upkeep\n|turn|65\n|inactive|Time left: 300 sec this turn | 300 sec total\n|\n|t:|1783550988\n|move|p2a: Chansey|Heal Bell||[still]\n|-activate|p2a: Chansey|move: Heal Bell\n|-fail|p2a: Chansey\n|cant|p1a: Deoxys|par\n|\n|upkeep\n|turn|66\n|inactive|Time left: 300 sec this turn | 300 sec total\n|\n|t:|1783550989\n|move|p2a: Chansey|Thunder Wave|p1a: Deoxys\n|-fail|p1a: Deoxys|par\n|cant|p1a: Deoxys|par\n|\n|upkeep\n|turn|67\n|inactive|Time left: 300 sec this turn | 300 sec total\n|\n|t:|1783550990\n|move|p2a: Chansey|Thunder Wave|p1a: Deoxys\n|-fail|p1a: Deoxys|par\n|move|p1a: Deoxys|Knock Off|p2a: Chansey\n|-damage|p2a: Chansey|36/100\n|\n|upkeep\n|turn|68\n|inactive|Time left: 300 sec this turn | 300 sec total\n|\n|t:|1783550991\n|move|p2a: Chansey|Thunder Wave|p1a: Deoxys\n|-fail|p1a: Deoxys|par\n|move|p1a: Deoxys|Knock Off|p2a: Chansey\n|-damage|p2a: Chansey|16/100\n|\n|upkeep\n|turn|69\n|inactive|Time left: 300 sec this turn | 300 sec total\n|\n|t:|1783550992\n|move|p2a: Chansey|Heal Bell||[still]\n|-activate|p2a: Chansey|move: Heal Bell\n|-fail|p2a: Chansey\n|move|p1a: Deoxys|Knock Off|p2a: Chansey\n|-damage|p2a: Chansey|0 fnt\n|faint|p2a: Chansey\n|\n|win|p0x10111aa8", "uploadtime": 1783550992, "views": 0, "rating": 0, "private": 0, "password": null, "_winner": "p0x10111aa8", "_our_name": "p0x10111aa8"}