{"id": "battle-gen9randombattle-1396", "formatid": "gen9randombattle", "format": "[Gen 9] Random Battle", "players": ["p0x13963ca7", "p0y13961675"], "log": "|init|battle\n|title|p0x13963ca7 vs. p0y13961675\n|j|\u2606p0x13963ca7\n|j|\u2606p0y13961675\n|t:|1783556221\n|gametype|singles\n|player|p1|p0x13963ca7|265|\n|player|p2|p0y13961675|1|\n|gen|9\n|tier|[Gen 9] Random Battle\n|rule|Species Clause: Limit one of each Pok\u00e9mon\n|rule|HP Percentage Mod: HP is shown in percentages\n|rule|Sleep Clause Mod: Limit one foe put to sleep\n|rule|Illusion Level Mod: Illusion disguises the Pok\u00e9mon's true level\n|\n|t:|1783556221\n|teamsize|p1|6\n|teamsize|p2|6\n|start\n|switch|p1a: Arcanine|Arcanine-Hisui, L79, F|280/280\n|switch|p2a: Orthworm|Orthworm, L88, F|100/100\n|turn|1\n|inactive|Battle timer is ON: inactive players will automatically lose when time's up. (requested by p0x13963ca7)\n|\n|t:|1783556223\n|move|p1a: Arcanine|Flare Blitz|p2a: Orthworm\n|-supereffective|p2a: Orthworm\n|-damage|p2a: Orthworm|40/100\n|-status|p2a: Orthworm|brn\n|move|p2a: Orthworm|Stealth Rock|p1a: Arcanine\n|-sidestart|p1: p0x13963ca7|move: Stealth Rock\n|\n|-heal|p2a: Orthworm|46/100 brn|[from] item: Leftovers\n|-damage|p2a: Orthworm|40/100 brn|[from] brn\n|upkeep\n|turn|2\n|inactive|Time left: 300 sec this turn | 300 sec total\n|inactive|p0y13961675 also wants the timer to be on.\n|\n|t:|1783556224\n|move|p1a: Arcanine|Flare Blitz|p2a: Orthworm\n|-supereffective|p2a: Orthworm\n|-damage|p2a: Orthworm|0 fnt\n|faint|p2a: Orthworm\n|\n|upkeep\n|\n|t:|1783556225\n|switch|p2a: Zamazenta|Zamazenta, L71|100/100\n|-ability|p2a: Zamazenta|Dauntless Shield|boost\n|-boost|p2a: Zamazenta|def|1\n|turn|3\n|inactive|Time left: 300 sec this turn | 300 sec total\n|\n|t:|1783556226\n|switch|p1a: Lugia|Lugia, L73|275/275\n|move|p2a: Zamazenta|Body Press|p1a: Lugia\n|-resisted|p1a: Lugia\n|-damage|p1a: Lugia|264/275\n|\n|upkeep\n|turn|4\n|inactive|Time left: 300 sec this turn | 300 sec total\n|\n|t:|1783556227\n|move|p2a: Zamazenta|Iron Defense|p2a: Zamazenta\n|-boost|p2a: Zamazenta|def|2\n|move|p1a: Lugia|Aeroblast|p2a: Zamazenta\n|-supereffective|p2a: Zamazenta\n|-crit|p2a: Zamazenta\n|-damage|p2a: Zamazenta|16/100\n|\n|-heal|p2a: Zamazenta|22/100|[from] item: Leftovers\n|upkeep\n|turn|5\n|inactive|Time left: 300 sec this turn | 300 sec total\n|\n|t:|1783556228\n|move|p2a: Zamazenta|Crunch|p1a: Lugia\n|-supereffective|p1a: Lugia\n|-damage|p1a: Lugia|186/275\n|move|p1a: Lugia|Psychic Noise|p2a: Zamazenta\n|-supereffective|p2a: Zamazenta\n|-damage|p2a: Zamazenta|0 fnt\n|faint|p2a: Zamazenta\n|\n|upkeep\n|\n|t:|1783556229\n|switch|p2a: Spectrier|Spectrier, L75|100/100\n|turn|6\n|inactive|Time left: 300 sec this turn | 300 sec total\n|\n|t:|1783556230\n|move|p2a: Spectrier|Shadow Ball|p1a: Lugia\n|-supereffective|p1a: Lugia\n|-damage|p1a: Lugia|14/275\n|-damage|p2a: Spectrier|91/100|[from] item: Life Orb\n|move|p1a: Lugia|Calm Mind|p1a: Lugia\n|-boost|p1a: Lugia|spa|1\n|-boost|p1a: Lugia|spd|1\n|\n|upkeep\n|turn|7\n|inactive|Time left: 300 sec this turn | 300 sec total\n|\n|t:|1783556231\n|move|p2a: Spectrier|Shadow Ball|p1a: Lugia\n|-supereffective|p1a: Lugia\n|-damage|p1a: Lugia|0 fnt\n|faint|p1a: Lugia\n|-ability|p2a: Spectrier|Grim Neigh|boost\n|-boost|p2a: Spectrier|spa|1\n|-damage|p2a: Spectrier|81/100|[from] item: Life Orb\n|\n|upkeep\n|inactive|Time left: 300 sec this turn | 300 sec total | 5 sec grace\n|\n|t:|1783556232\n|switch|p1a: Araquanid|Araquanid, L82, M|246/246\n|turn|8\n|inactive|Time left: 300 sec this turn | 300 sec total\n|\n|t:|1783556233\n|move|p2a: Spectrier|Shadow Ball|p1a: Araquanid\n|-damage|p1a: Araquanid|104/246\n|-damage|p2a: Spectrier|71/100|[from] item: Life Orb\n|move|p1a: Araquanid|Liquidation|p2a: Spectrier\n|-damage|p2a: Spectrier|0 fnt\n|faint|p2a: Spectrier\n|\n|upkeep\n|\n|t:|1783556234\n|switch|p2a: Meowscarada|Meowscarada, L78, F|100/100\n|turn|9\n|inactive|Time left: 300 sec this turn | 300 sec total\n|\n|t:|1783556235\n|switch|p1a: Arcanine|Arcanine-Hisui, L79, F|280/280\n|move|p2a: Meowscarada|Flower Trick|p1a: Arcanine\n|-start|p2a: Meowscarada|typechange|Grass|[from] ability: Protean\n|-crit|p1a: Arcanine\n|-damage|p1a: Arcanine|160/280\n|\n|upkeep\n|turn|10\n|inactive|Time left: 300 sec this turn | 300 sec total\n|\n|t:|1783556236\n|-terastallize|p2a: Meowscarada|Grass\n|-terastallize|p1a: Arcanine|Fire\n|move|p2a: Meowscarada|Flower Trick|p1a: Arcanine\n|-resisted|p1a: Arcanine\n|-crit|p1a: Arcanine\n|-damage|p1a: Arcanine|74/280\n|move|p1a: Arcanine|Flare Blitz|p2a: Meowscarada\n|-supereffective|p2a: Meowscarada\n|-damage|p2a: Meowscarada|0 fnt\n|faint|p2a: Meowscarada\n|\n|upkeep\n|\n|t:|1783556237\n|switch|p2a: Dudunsparce|Dudunsparce, L83, F|100/100\n|turn|11\n|inactive|Time left: 300 sec this turn | 300 sec total\n|\n|t:|1783556238\n|move|p1a: Arcanine|Flare Blitz|p2a: Dudunsparce\n|-damage|p2a: Dudunsparce|51/100\n|move|p2a: Dudunsparce|Boomburst|p1a: Arcanine\n|-damage|p1a: Arcanine|0 fnt\n|faint|p1a: Arcanine\n|\n|-heal|p2a: Dudunsparce|57/100|[from] item: Leftovers\n|upkeep\n|inactive|Time left: 300 sec this turn | 300 sec total | 5 sec grace\n|\n|t:|1783556239\n|switch|p1a: Clawitzer|Clawitzer, L87, F|265/265\n|-damage|p1a: Clawitzer|232/265|[from] Stealth Rock\n|turn|12\n|inactive|Time left: 300 sec this turn | 300 sec total\n|\n|t:|1783556240\n|switch|p2a: Vileplume|Vileplume, L85, M|100/100\n|move|p1a: Clawitzer|Aura Sphere|p2a: Vileplume\n|-resisted|p2a: Vileplume\n|-damage|p2a: Vileplume|82/100\n|\n|-heal|p2a: Vileplume|88/100|[from] item: Leftovers\n|upkeep\n|turn|13\n|inactive|Time left: 300 sec this turn | 300 sec total\n|\n|t:|1783556241\n|switch|p1a: Solgaleo|Solgaleo, L74|325/325\n|-damage|p1a: Solgaleo|305/325|[from] Stealth Rock\n|move|p2a: Vileplume|Giga Drain|p1a: Solgaleo\n|-resisted|p1a: Solgaleo\n|-damage|p1a: Solgaleo|256/325\n|-heal|p2a: Vileplume|97/100|[from] drain|[of] p1a: Solgaleo\n|\n|-heal|p1a: Solgaleo|276/325|[from] item: Leftovers\n|-heal|p2a: Vileplume|100/100|[from] item: Leftovers\n|upkeep\n|turn|14\n|inactive|Time left: 300 sec this turn | 300 sec total\n|\n|t:|1783556242\n|move|p1a: Solgaleo|Sunsteel Strike|p2a: Vileplume\n|-damage|p2a: Vileplume|61/100\n|move|p2a: Vileplume|Leech Seed|p1a: Solgaleo|[miss]\n|-miss|p2a: Vileplume|p1a: Solgaleo\n|\n|-heal|p1a: Solgaleo|296/325|[from] item: Leftovers\n|-heal|p2a: Vileplume|67/100|[from] item: Leftovers\n|upkeep\n|turn|15\n|inactive|Time left: 300 sec this turn | 300 sec total\n|\n|t:|1783556243\n|switch|p2a: Dudunsparce|Dudunsparce, L83, F|57/100\n|move|p1a: Solgaleo|Knock Off|p2a: Dudunsparce\n|-damage|p2a: Dudunsparce|33/100\n|-ability|p2a: Dudunsparce|Rattled|boost\n|-boost|p2a: Dudunsparce|spe|1\n|-enditem|p2a: Dudunsparce|Leftovers|[from] move: Knock Off|[of] p1a: Solgaleo\n|\n|-heal|p1a: Solgaleo|316/325|[from] item: Leftovers\n|upkeep\n|turn|16\n|inactive|Time left: 300 sec this turn | 300 sec total\n|\n|t:|1783556244\n|move|p2a: Dudunsparce|Roost|p2a: Dudunsparce\n|-heal|p2a: Dudunsparce|83/100\n|-singleturn|p2a: Dudunsparce|move: Roost\n|move|p1a: Solgaleo|Sunsteel Strike|p2a: Dudunsparce\n|-damage|p2a: Dudunsparce|51/100\n|\n|-heal|p1a: Solgaleo|325/325|[from] item: Leftovers\n|upkeep\n|turn|17\n|inactive|Time left: 300 sec this turn | 300 sec total\n|\n|t:|1783556245\n|move|p2a: Dudunsparce|Roost|p2a: Dudunsparce\n|-heal|p2a: Dudunsparce|100/100\n|-singleturn|p2a: Dudunsparce|move: Roost\n|move|p1a: Solgaleo|Sunsteel Strike|p2a: Dudunsparce\n|-damage|p2a: Dudunsparce|64/100\n|\n|upkeep\n|turn|18\n|inactive|Time left: 300 sec this turn | 300 sec total\n|\n|t:|1783556246\n|move|p2a: Dudunsparce|Roost|p2a: Dudunsparce\n|-heal|p2a: Dudunsparce|100/100\n|-singleturn|p2a: Dudunsparce|move: Roost\n|move|p1a: Solgaleo|Sunsteel Strike|p2a: Dudunsparce\n|-damage|p2a: Dudunsparce|63/100\n|\n|upkeep\n|turn|19\n|inactive|Time left: 300 sec this turn | 300 sec total\n|\n|t:|1783556247\n|move|p2a: Dudunsparce|Roost|p2a: Dudunsparce\n|-heal|p2a: Dudunsparce|100/100\n|-singleturn|p2a: Dudunsparce|move: Roost\n|move|p1a: Solgaleo|Sunsteel Strike|p2a: Dudunsparce\n|-damage|p2a: Dudunsparce|67/100\n|\n|upkeep\n|turn|20\n|inactive|Time left: 300 sec this turn | 300 sec total\n|\n|t:|1783556249\n|move|p2a: Dudunsparce|Roost|p2a: Dudunsparce\n|-heal|p2a: Dudunsparce|100/100\n|-singleturn|p2a: Dudunsparce|move: Roost\n|move|p1a: Solgaleo|Sunsteel Strike|p2a: Dudunsparce\n|-damage|p2a: Dudunsparce|65/100\n|\n|upkeep\n|turn|21\n|inactive|Time left: 300 sec this turn | 300 sec total\n|\n|t:|1783556250\n|move|p2a: Dudunsparce|Roost|p2a: Dudunsparce\n|-heal|p2a: Dudunsparce|100/100\n|-singleturn|p2a: Dudunsparce|move: Roost\n|move|p1a: Solgaleo|Sunsteel Strike|p2a: Dudunsparce\n|-damage|p2a: Dudunsparce|65/100\n|\n|upkeep\n|turn|22\n|inactive|Time left: 300 sec this turn | 300 sec total\n|\n|t:|1783556251\n|move|p2a: Dudunsparce|Roost|p2a: Dudunsparce\n|-heal|p2a: Dudunsparce|100/100\n|-singleturn|p2a: Dudunsparce|move: Roost\n|move|p1a: Solgaleo|Earthquake|p2a: Dudunsparce\n|-damage|p2a: Dudunsparce|79/100\n|\n|upkeep\n|turn|23\n|inactive|Time left: 300 sec this turn | 300 sec total\n|\n|t:|1783556252\n|move|p2a: Dudunsparce|Boomburst|p1a: Solgaleo\n|-resisted|p1a: Solgaleo\n|-damage|p1a: Solgaleo|247/325\n|move|p1a: Solgaleo|Sunsteel Strike|p2a: Dudunsparce\n|-damage|p2a: Dudunsparce|43/100\n|\n|-heal|p1a: Solgaleo|267/325|[from] item: Leftovers\n|upkeep\n|turn|24\n|inactive|Time left: 300 sec this turn | 300 sec total\n|\n|t:|1783556253\n|move|p2a: Dudunsparce|Roost|p2a: Dudunsparce\n|-heal|p2a: Dudunsparce|93/100\n|-singleturn|p2a: Dudunsparce|move: Roost\n|move|p1a: Solgaleo|Earthquake|p2a: Dudunsparce\n|-damage|p2a: Dudunsparce|70/100\n|\n|-heal|p1a: Solgaleo|287/325|[from] item: Leftovers\n|upkeep\n|turn|25\n|inactive|Time left: 300 sec this turn | 300 sec total\n|\n|t:|1783556254\n|move|p2a: Dudunsparce|Earthquake|p1a: Solgaleo\n|-supereffective|p1a: Solgaleo\n|-damage|p1a: Solgaleo|159/325\n|move|p1a: Solgaleo|Earthquake|p2a: Dudunsparce\n|-damage|p2a: Dudunsparce|45/100\n|\n|-heal|p1a: Solgaleo|179/325|[from] item: Leftovers\n|upkeep\n|turn|26\n|inactive|Time left: 300 sec this turn | 300 sec total\n|\n|t:|1783556255\n|move|p2a: Dudunsparce|Earthquake|p1a: Solgaleo\n|-supereffective|p1a: Solgaleo\n|-damage|p1a: Solgaleo|37/325\n|move|p1a: Solgaleo|Morning Sun|p1a: Solgaleo\n|-heal|p1a: Solgaleo|199/325\n|\n|-heal|p1a: Solgaleo|219/325|[from] item: Leftovers\n|upkeep\n|turn|27\n|inactive|Time left: 300 sec this turn | 300 sec total\n|\n|t:|1783556256\n|move|p2a: Dudunsparce|Earthquake|p1a: Solgaleo\n|-supereffective|p1a: Solgaleo\n|-damage|p1a: Solgaleo|91/325\n|move|p1a: Solgaleo|Morning Sun|p1a: Solgaleo\n|-heal|p1a: Solgaleo|253/325\n|\n|-heal|p1a: Solgaleo|273/325|[from] item: Leftovers\n|upkeep\n|turn|28\n|inactive|Time left: 300 sec this turn | 300 sec total\n|\n|t:|1783556257\n|move|p2a: Dudunsparce|Earthquake|p1a: Solgaleo\n|-supereffective|p1a: Solgaleo\n|-damage|p1a: Solgaleo|135/325\n|move|p1a: Solgaleo|Earthquake|p2a: Dudunsparce\n|-damage|p2a: Dudunsparce|21/100\n|\n|-heal|p1a: Solgaleo|155/325|[from] item: Leftovers\n|upkeep\n|turn|29\n|inactive|Time left: 300 sec this turn | 300 sec total\n|\n|t:|1783556259\n|move|p2a: Dudunsparce|Earthquake|p1a: Solgaleo\n|-supereffective|p1a: Solgaleo\n|-damage|p1a: Solgaleo|7/325\n|move|p1a: Solgaleo|Morning Sun|p1a: Solgaleo\n|-heal|p1a: Solgaleo|169/325\n|\n|-heal|p1a: Solgaleo|189/325|[from] item: Leftovers\n|upkeep\n|turn|30\n|inactive|Time left: 300 sec this turn | 300 sec total\n|\n|t:|1783556260\n|move|p2a: Dudunsparce|Earthquake|p1a: Solgaleo\n|-supereffective|p1a: Solgaleo\n|-damage|p1a: Solgaleo|37/325\n|move|p1a: Solgaleo|Morning Sun|p1a: Solgaleo\n|-heal|p1a: Solgaleo|199/325\n|\n|-heal|p1a: Solgaleo|219/325|[from] item: Leftovers\n|upkeep\n|turn|31\n|inactive|Time left: 300 sec this turn | 300 sec total\n|\n|t:|1783556261\n|move|p2a: Dudunsparce|Earthquake|p1a: Solgaleo\n|-supereffective|p1a: Solgaleo\n|-damage|p1a: Solgaleo|71/325\n|move|p1a: Solgaleo|Morning Sun|p1a: Solgaleo\n|-heal|p1a: Solgaleo|233/325\n|\n|-heal|p1a: Solgaleo|253/325|[from] item: Leftovers\n|upkeep\n|turn|32\n|inactive|Time left: 300 sec this turn | 300 sec total\n|\n|t:|1783556262\n|move|p2a: Dudunsparce|Earthquake|p1a: Solgaleo\n|-supereffective|p1a: Solgaleo\n|-damage|p1a: Solgaleo|117/325\n|move|p1a: Solgaleo|Morning Sun|p1a: Solgaleo\n|-heal|p1a: Solgaleo|279/325\n|\n|-heal|p1a: Solgaleo|299/325|[from] item: Leftovers\n|upkeep\n|turn|33\n|inactive|Time left: 300 sec this turn | 300 sec total\n|\n|t:|1783556263\n|move|p2a: Dudunsparce|Earthquake|p1a: Solgaleo\n|-supereffective|p1a: Solgaleo\n|-damage|p1a: Solgaleo|159/325\n|move|p1a: Solgaleo|Knock Off|p2a: Dudunsparce\n|-damage|p2a: Dudunsparce|7/100\n|-ability|p2a: Dudunsparce|Rattled|boost\n|-boost|p2a: Dudunsparce|spe|1\n|\n|-heal|p1a: Solgaleo|179/325|[from] item: Leftovers\n|upkeep\n|turn|34\n|inactive|Time left: 300 sec this turn | 300 sec total\n|\n|t:|1783556264\n|move|p2a: Dudunsparce|Earthquake|p1a: Solgaleo\n|-supereffective|p1a: Solgaleo\n|-damage|p1a: Solgaleo|43/325\n|move|p1a: Solgaleo|Morning Sun|p1a: Solgaleo\n|-heal|p1a: Solgaleo|205/325\n|\n|-heal|p1a: Solgaleo|225/325|[from] item: Leftovers\n|upkeep\n|turn|35\n|inactive|Time left: 300 sec this turn | 300 sec total\n|\n|t:|1783556266\n|move|p2a: Dudunsparce|Earthquake|p1a: Solgaleo\n|-supereffective|p1a: Solgaleo\n|-damage|p1a: Solgaleo|97/325\n|move|p1a: Solgaleo|Knock Off|p2a: Dudunsparce\n|-damage|p2a: Dudunsparce|0 fnt\n|faint|p2a: Dudunsparce\n|\n|-heal|p1a: Solgaleo|117/325|[from] item: Leftovers\n|upkeep\n|\n|t:|1783556267\n|switch|p2a: Vileplume|Vileplume, L85, M|67/100\n|turn|36\n|inactive|Time left: 300 sec this turn | 300 sec total\n|\n|t:|1783556268\n|move|p1a: Solgaleo|Morning Sun|p1a: Solgaleo\n|-heal|p1a: Solgaleo|279/325\n|move|p2a: Vileplume|Leech Seed|p1a: Solgaleo\n|-start|p1a: Solgaleo|move: Leech Seed\n|\n|-heal|p1a: Solgaleo|299/325|[from] item: Leftovers\n|-heal|p2a: Vileplume|73/100|[from] item: Leftovers\n|-damage|p1a: Solgaleo|259/325|[from] Leech Seed|[of] p2a: Vileplume\n|-heal|p2a: Vileplume|88/100|[silent]\n|upkeep\n|turn|37\n|inactive|Time left: 300 sec this turn | 300 sec total\n|\n|t:|1783556269\n|move|p1a: Solgaleo|Knock Off|p2a: Vileplume\n|-damage|p2a: Vileplume|63/100\n|-enditem|p2a: Vileplume|Leftovers|[from] move: Knock Off|[of] p1a: Solgaleo\n|move|p2a: Vileplume|Giga Drain|p1a: Solgaleo\n|-resisted|p1a: Solgaleo\n|-damage|p1a: Solgaleo|209/325\n|-heal|p2a: Vileplume|72/100|[from] drain|[of] p1a: Solgaleo\n|\n|-heal|p1a: Solgaleo|229/325|[from] item: Leftovers\n|-damage|p1a: Solgaleo|189/325|[from] Leech Seed|[of] p2a: Vileplume\n|-heal|p2a: Vileplume|87/100|[silent]\n|upkeep\n|turn|38\n|inactive|Time left: 300 sec this turn | 300 sec total\n|\n|t:|1783556270\n|move|p1a: Solgaleo|Earthquake|p2a: Vileplume\n|-damage|p2a: Vileplume|61/100\n|move|p2a: Vileplume|Giga Drain|p1a: Solgaleo\n|-resisted|p1a: Solgaleo\n|-damage|p1a: Solgaleo|138/325\n|-heal|p2a: Vileplume|71/100|[from] drain|[of] p1a: Solgaleo\n|\n|-heal|p1a: Solgaleo|158/325|[from] item: Leftovers\n|-damage|p1a: Solgaleo|118/325|[from] Leech Seed|[of] p2a: Vileplume\n|-heal|p2a: Vileplume|86/100|[silent]\n|upkeep\n|turn|39\n|inactive|Time left: 300 sec this turn | 300 sec total\n|\n|t:|1783556271\n|move|p1a: Solgaleo|Earthquake|p2a: Vileplume\n|-damage|p2a: Vileplume|57/100\n|move|p2a: Vileplume|Giga Drain|p1a: Solgaleo\n|-resisted|p1a: Solgaleo\n|-damage|p1a: Solgaleo|66/325\n|-heal|p2a: Vileplume|67/100|[from] drain|[of] p1a: Solgaleo\n|\n|-heal|p1a: Solgaleo|86/325|[from] item: Leftovers\n|-damage|p1a: Solgaleo|46/325|[from] Leech Seed|[of] p2a: Vileplume\n|-heal|p2a: Vileplume|82/100|[silent]\n|upkeep\n|turn|40\n|inactive|Time left: 300 sec this turn | 300 sec total\n|\n|t:|1783556273\n|move|p1a: Solgaleo|Earthquake|p2a: Vileplume\n|-damage|p2a: Vileplume|56/100\n|move|p2a: Vileplume|Strength Sap|p1a: Solgaleo\n|-fail|p1a: Solgaleo|unboost|[from] ability: Full Metal Body|[of] p1a: Solgaleo\n|-heal|p2a: Vileplume|100/100\n|\n|-heal|p1a: Solgaleo|66/325|[from] item: Leftovers\n|-damage|p1a: Solgaleo|26/325|[from] Leech Seed|[of] p2a: Vileplume\n|upkeep\n|turn|41\n|inactive|Time left: 300 sec this turn | 300 sec total\n|\n|t:|1783556274\n|move|p1a: Solgaleo|Earthquake|p2a: Vileplume\n|-damage|p2a: Vileplume|74/100\n|move|p2a: Vileplume|Giga Drain|p1a: Solgaleo\n|-resisted|p1a: Solgaleo\n|-damage|p1a: Solgaleo|0 fnt\n|-heal|p2a: Vileplume|79/100|[from] drain|[of] p1a: Solgaleo\n|faint|p1a: Solgaleo\n|\n|upkeep\n|inactive|Time left: 300 sec this turn | 300 sec total | 5 sec grace\n|\n|t:|1783556275\n|switch|p1a: Araquanid|Araquanid, L82, M|104/246\n|turn|42\n|inactive|Time left: 300 sec this turn | 300 sec total\n|\n|t:|1783556276\n|move|p2a: Vileplume|Sludge Bomb|p1a: Araquanid\n|-damage|p1a: Araquanid|28/246\n|-status|p1a: Araquanid|psn\n|move|p1a: Araquanid|Liquidation|p2a: Vileplume\n|-resisted|p2a: Vileplume\n|-damage|p2a: Vileplume|53/100\n|\n|-damage|p1a: Araquanid|0 fnt|[from] psn\n|faint|p1a: Araquanid\n|upkeep\n|inactive|Time left: 300 sec this turn | 300 sec total | 5 sec grace\n|\n|t:|1783556277\n|switch|p1a: Klawf|Klawf, L90, M|272/272\n|-damage|p1a: Klawf|238/272|[from] Stealth Rock\n|turn|43\n|inactive|Time left: 300 sec this turn | 300 sec total\n|\n|t:|1783556278\n|move|p1a: Klawf|Stone Edge|p2a: Vileplume\n|-damage|p2a: Vileplume|0 fnt\n|faint|p2a: Vileplume\n|-damage|p1a: Klawf|211/272|[from] item: Life Orb\n|\n|win|p0x13963ca7", "uploadtime": 1783556278, "views": 0, "rating": 0, "private": 0, "password": null, "_winner": "p0x13963ca7", "_our_name": "p0x13963ca7"}