{"id": "battle-gen9randombattle-1099", "formatid": "gen9randombattle", "format": "[Gen 9] Random Battle", "players": ["p0x1099252f", "p0y10998d54"], "log": "|init|battle\n|title|p0x1099252f vs. p0y10998d54\n|j|\u2606p0x1099252f\n|j|\u2606p0y10998d54\n|t:|1783552710\n|gametype|singles\n|player|p1|p0x1099252f|265|\n|player|p2|p0y10998d54|101|\n|gen|9\n|tier|[Gen 9] Random Battle\n|rule|Species Clause: Limit one of each Pok\u00e9mon\n|rule|HP Percentage Mod: HP is shown in percentages\n|rule|Sleep Clause Mod: Limit one foe put to sleep\n|rule|Illusion Level Mod: Illusion disguises the Pok\u00e9mon's true level\n|\n|t:|1783552710\n|teamsize|p1|6\n|teamsize|p2|6\n|start\n|switch|p1a: Talonflame|Talonflame, L83, F|100/100\n|switch|p2a: Hitmonchan|Hitmonchan, L87, M|229/229\n|turn|1\n|inactive|Battle timer is ON: inactive players will automatically lose when time's up. (requested by p0x1099252f)\n|inactive|Time left: 300 sec this turn | 300 sec total | 60 sec grace\n|inactive|p0y10998d54 also wants the timer to be on.\n|\n|t:|1783552712\n|switch|p2a: Clawitzer|Clawitzer, L87, M|265/265\n|move|p1a: Talonflame|Brave Bird|p2a: Clawitzer\n|-damage|p2a: Clawitzer|156/265\n|-damage|p1a: Talonflame|87/100|[from] Recoil\n|\n|upkeep\n|turn|2\n|inactive|Time left: 300 sec this turn | 300 sec total\n|\n|t:|1783552713\n|switch|p1a: Alcremie|Alcremie-Caramel-Swirl, L90, F|100/100\n|move|p2a: Clawitzer|Water Pulse|p1a: Alcremie\n|-damage|p1a: Alcremie|64/100\n|\n|-heal|p1a: Alcremie|70/100|[from] item: Leftovers\n|upkeep\n|turn|3\n|inactive|Time left: 300 sec this turn | 300 sec total\n|\n|t:|1783552714\n|switch|p2a: Copperajah|Copperajah, L86, M|350/350\n|move|p1a: Alcremie|Calm Mind|p1a: Alcremie\n|-boost|p1a: Alcremie|spa|1\n|-boost|p1a: Alcremie|spd|1\n|\n|-heal|p1a: Alcremie|76/100|[from] item: Leftovers\n|upkeep\n|turn|4\n|inactive|Time left: 300 sec this turn | 300 sec total\n|\n|t:|1783552715\n|switch|p1a: Emboar|Emboar, L84, M|100/100\n|switch|p2a: Orthworm|Orthworm, L88, F|266/266\n|\n|upkeep\n|turn|5\n|inactive|Time left: 300 sec this turn | 300 sec total\n|\n|t:|1783552716\n|move|p2a: Orthworm|Spikes|p1a: Emboar\n|-sidestart|p1: p0x1099252f|Spikes\n|move|p1a: Emboar|Flare Blitz|p2a: Orthworm\n|-supereffective|p2a: Orthworm\n|-damage|p2a: Orthworm|0 fnt\n|faint|p2a: Orthworm\n|-damage|p1a: Emboar|73/100|[from] Recoil\n|\n|upkeep\n|inactive|Time left: 300 sec this turn | 300 sec total | 5 sec grace\n|\n|t:|1783552717\n|switch|p2a: Golem|Golem-Alola, L93, M|300/300\n|turn|6\n|inactive|Time left: 300 sec this turn | 300 sec total\n|\n|t:|1783552718\n|move|p1a: Emboar|Flare Blitz|p2a: Golem\n|-resisted|p2a: Golem\n|-damage|p2a: Golem|201/300\n|-damage|p1a: Emboar|63/100|[from] Recoil\n|move|p2a: Golem|Earthquake|p1a: Emboar\n|-supereffective|p1a: Emboar\n|-damage|p1a: Emboar|0 fnt\n|faint|p1a: Emboar\n|-damage|p2a: Golem|171/300|[from] item: Life Orb\n|\n|upkeep\n|\n|t:|1783552719\n|switch|p1a: Porygon-Z|Porygon-Z, L83|100/100\n|-damage|p1a: Porygon-Z|88/100|[from] Spikes\n|-ability|p1a: Porygon-Z|Download|boost\n|-boost|p1a: Porygon-Z|spa|1\n|turn|7\n|inactive|Time left: 300 sec this turn | 300 sec total\n|\n|t:|1783552720\n|move|p1a: Porygon-Z|Ice Beam|p2a: Golem\n|-damage|p2a: Golem|0 fnt\n|faint|p2a: Golem\n|-damage|p1a: Porygon-Z|78/100|[from] item: Life Orb\n|\n|upkeep\n|inactive|Time left: 300 sec this turn | 300 sec total | 5 sec grace\n|\n|t:|1783552722\n|switch|p2a: Copperajah|Copperajah, L86, M|350/350\n|turn|8\n|inactive|Time left: 300 sec this turn | 300 sec total\n|\n|t:|1783552723\n|switch|p1a: Talonflame|Talonflame, L83, F|87/100\n|move|p2a: Copperajah|Heavy Slam|p1a: Talonflame\n|-resisted|p1a: Talonflame\n|-damage|p1a: Talonflame|29/100\n|\n|upkeep\n|turn|9\n|inactive|Time left: 300 sec this turn | 300 sec total\n|\n|t:|1783552724\n|move|p1a: Talonflame|Flare Blitz|p2a: Copperajah\n|-supereffective|p2a: Copperajah\n|-damage|p2a: Copperajah|80/350\n|-damage|p1a: Talonflame|0 fnt|[from] Recoil\n|faint|p1a: Talonflame\n|move|p2a: Copperajah|Heavy Slam|p1: Talonflame|[notarget]\n|-fail|p2a: Copperajah\n|\n|upkeep\n|\n|t:|1783552725\n|switch|p1a: Porygon-Z|Porygon-Z, L83|78/100\n|-damage|p1a: Porygon-Z|66/100|[from] Spikes\n|-ability|p1a: Porygon-Z|Download|boost\n|-boost|p1a: Porygon-Z|spa|1\n|turn|10\n|inactive|Time left: 300 sec this turn | 300 sec total\n|\n|t:|1783552726\n|move|p1a: Porygon-Z|Tri Attack|p2a: Copperajah\n|-resisted|p2a: Copperajah\n|-damage|p2a: Copperajah|0 fnt\n|faint|p2a: Copperajah\n|-damage|p1a: Porygon-Z|56/100|[from] item: Life Orb\n|\n|upkeep\n|inactive|Time left: 300 sec this turn | 300 sec total | 5 sec grace\n|\n|t:|1783552727\n|switch|p2a: Clawitzer|Clawitzer, L87, M|156/265\n|turn|11\n|inactive|Time left: 300 sec this turn | 300 sec total\n|\n|t:|1783552728\n|move|p1a: Porygon-Z|Tri Attack|p2a: Clawitzer\n|-damage|p2a: Clawitzer|10/265\n|-status|p2a: Clawitzer|frz\n|-damage|p1a: Porygon-Z|47/100|[from] item: Life Orb\n|cant|p2a: Clawitzer|frz\n|\n|upkeep\n|turn|12\n|inactive|Time left: 300 sec this turn | 300 sec total\n|\n|t:|1783552730\n|move|p1a: Porygon-Z|Nasty Plot|p1a: Porygon-Z\n|-boost|p1a: Porygon-Z|spa|2\n|cant|p2a: Clawitzer|frz\n|\n|upkeep\n|turn|13\n|inactive|Time left: 300 sec this turn | 300 sec total\n|\n|t:|1783552731\n|move|p1a: Porygon-Z|Ice Beam|p2a: Clawitzer\n|-resisted|p2a: Clawitzer\n|-damage|p2a: Clawitzer|0 fnt\n|faint|p2a: Clawitzer\n|-damage|p1a: Porygon-Z|37/100|[from] item: Life Orb\n|\n|upkeep\n|inactive|Time left: 300 sec this turn | 300 sec total | 5 sec grace\n|\n|t:|1783552732\n|switch|p2a: Whimsicott|Whimsicott, L84, M|238/238\n|turn|14\n|inactive|Time left: 300 sec this turn | 300 sec total\n|\n|t:|1783552733\n|move|p2a: Whimsicott|Moonblast|p1a: Porygon-Z\n|-damage|p1a: Porygon-Z|1/100\n|move|p1a: Porygon-Z|Ice Beam|p2a: Whimsicott\n|-supereffective|p2a: Whimsicott\n|-damage|p2a: Whimsicott|0 fnt\n|faint|p2a: Whimsicott\n|-damage|p1a: Porygon-Z|0 fnt|[from] item: Life Orb\n|faint|p1a: Porygon-Z\n|\n|upkeep\n|inactive|Time left: 300 sec this turn | 300 sec total | 5 sec grace\n|\n|t:|1783552734\n|switch|p2a: Hitmonchan|Hitmonchan, L87, M|229/229\n|switch|p1a: Regirock|Regirock, L83|100/100\n|-damage|p1a: Regirock|88/100|[from] Spikes\n|turn|15\n|inactive|Time left: 300 sec this turn | 300 sec total\n|\n|t:|1783552735\n|-terastallize|p1a: Regirock|Fighting\n|move|p2a: Hitmonchan|Bulk Up|p2a: Hitmonchan\n|-boost|p2a: Hitmonchan|atk|1\n|-boost|p2a: Hitmonchan|def|1\n|move|p1a: Regirock|Body Press|p2a: Hitmonchan\n|-damage|p2a: Hitmonchan|130/229\n|\n|-heal|p2a: Hitmonchan|144/229|[from] item: Leftovers\n|upkeep\n|turn|16\n|inactive|Time left: 300 sec this turn | 300 sec total\n|\n|t:|1783552736\n|move|p2a: Hitmonchan|Bulk Up|p2a: Hitmonchan\n|-boost|p2a: Hitmonchan|atk|1\n|-boost|p2a: Hitmonchan|def|1\n|move|p1a: Regirock|Iron Defense|p1a: Regirock\n|-boost|p1a: Regirock|def|2\n|\n|-heal|p2a: Hitmonchan|158/229|[from] item: Leftovers\n|upkeep\n|turn|17\n|inactive|Time left: 300 sec this turn | 300 sec total\n|\n|t:|1783552737\n|move|p2a: Hitmonchan|Bulk Up|p2a: Hitmonchan\n|-boost|p2a: Hitmonchan|atk|1\n|-boost|p2a: Hitmonchan|def|1\n|move|p1a: Regirock|Body Press|p2a: Hitmonchan\n|-damage|p2a: Hitmonchan|40/229\n|\n|-heal|p2a: Hitmonchan|54/229|[from] item: Leftovers\n|upkeep\n|turn|18\n|inactive|Time left: 300 sec this turn | 300 sec total\n|\n|t:|1783552738\n|move|p2a: Hitmonchan|Drain Punch|p1a: Regirock\n|-damage|p1a: Regirock|62/100\n|-heal|p2a: Hitmonchan|89/229|[from] drain|[of] p1a: Regirock\n|move|p1a: Regirock|Body Press|p2a: Hitmonchan\n|-damage|p2a: Hitmonchan|0 fnt\n|faint|p2a: Hitmonchan\n|\n|win|p0x1099252f", "uploadtime": 1783552738, "views": 0, "rating": 0, "private": 0, "password": null, "_winner": "p0x1099252f", "_our_name": "p0y10998d54"}