{"id": "battle-gen9randombattle-2418", "formatid": "gen9randombattle", "format": "[Gen 9] Random Battle", "players": ["p0x2418481b", "p0y2418bd0d"], "log": "|init|battle\n|title|p0x2418481b vs. p0y2418bd0d\n|j|\u2606p0x2418481b\n|j|\u2606p0y2418bd0d\n|t:|1783568059\n|gametype|singles\n|player|p1|p0x2418481b|2|\n|player|p2|p0y2418bd0d|102|\n|gen|9\n|tier|[Gen 9] Random Battle\n|rule|Species Clause: Limit one of each Pok\u00e9mon\n|rule|HP Percentage Mod: HP is shown in percentages\n|rule|Sleep Clause Mod: Limit one foe put to sleep\n|rule|Illusion Level Mod: Illusion disguises the Pok\u00e9mon's true level\n|\n|t:|1783568059\n|teamsize|p1|6\n|teamsize|p2|6\n|start\n|switch|p1a: Calyrex|Calyrex-Shadow, L64|235/235\n|switch|p2a: Walking Wake|Walking Wake, L79, shiny|100/100\n|-ability|p1a: Calyrex|As One\n|-ability|p1a: Calyrex|Unnerve\n|turn|1\n|inactive|Battle timer is ON: inactive players will automatically lose when time's up. (requested by p0x2418481b)\n|inactive|p0y2418bd0d also wants the timer to be on.\n|\n|t:|1783568061\n|move|p1a: Calyrex|Astral Barrage|p2a: Walking Wake\n|-damage|p2a: Walking Wake|46/100\n|-damage|p1a: Calyrex|212/235|[from] item: Life Orb\n|move|p2a: Walking Wake|Draco Meteor|p1a: Calyrex\n|-damage|p1a: Calyrex|0 fnt\n|-unboost|p2a: Walking Wake|spa|2\n|faint|p1a: Calyrex\n|-damage|p2a: Walking Wake|36/100|[from] item: Life Orb\n|\n|upkeep\n|inactive|Time left: 300 sec this turn | 300 sec total | 65 sec grace\n|\n|t:|1783568062\n|switch|p1a: Meowstic|Meowstic, L89, M|277/277\n|turn|2\n|inactive|Time left: 300 sec this turn | 300 sec total\n|\n|t:|1783568063\n|-end|p2a: Walking Wake|Protosynthesis|[silent]\n|switch|p2a: Copperajah|Copperajah, L86, M|100/100\n|move|p1a: Meowstic|Reflect|p1a: Meowstic\n|-sidestart|p1: p0x2418481b|Reflect\n|\n|upkeep\n|turn|3\n|inactive|Time left: 300 sec this turn | 300 sec total\n|\n|t:|1783568064\n|move|p1a: Meowstic|Light Screen|p1a: Meowstic\n|-sidestart|p1: p0x2418481b|move: Light Screen\n|move|p2a: Copperajah|Heavy Slam|p1a: Meowstic\n|-damage|p1a: Meowstic|134/277\n|\n|upkeep\n|turn|4\n|inactive|Time left: 300 sec this turn | 300 sec total\n|\n|t:|1783568066\n|switch|p1a: Keldeo|Keldeo-Resolute, L79|273/273\n|move|p2a: Copperajah|Heavy Slam|p1a: Keldeo\n|-resisted|p1a: Keldeo\n|-damage|p1a: Keldeo|210/273\n|\n|upkeep\n|turn|5\n|inactive|Time left: 300 sec this turn | 300 sec total\n|\n|t:|1783568067\n|switch|p2a: Exeggutor|Exeggutor, L89, M|100/100\n|move|p1a: Keldeo|Secret Sword|p2a: Exeggutor\n|-resisted|p2a: Exeggutor\n|-damage|p2a: Exeggutor|77/100\n|\n|upkeep\n|turn|6\n|inactive|Time left: 300 sec this turn | 300 sec total\n|\n|t:|1783568068\n|move|p1a: Keldeo|Secret Sword|p2a: Exeggutor\n|-resisted|p2a: Exeggutor\n|-damage|p2a: Exeggutor|56/100\n|move|p2a: Exeggutor|Leech Seed|p1a: Keldeo\n|-start|p1a: Keldeo|move: Leech Seed\n|\n|-damage|p1a: Keldeo|176/273|[from] Leech Seed|[of] p2a: Exeggutor\n|-heal|p2a: Exeggutor|67/100|[silent]\n|upkeep\n|turn|7\n|inactive|Time left: 300 sec this turn | 300 sec total\n|\n|t:|1783568069\n|switch|p1a: Komala|Komala, L87, M|255/255\n|-ability|p1a: Komala|Comatose\n|move|p2a: Exeggutor|Leech Seed|p1a: Komala\n|-start|p1a: Komala|move: Leech Seed\n|\n|-damage|p1a: Komala|224/255|[from] Leech Seed|[of] p2a: Exeggutor\n|-heal|p2a: Exeggutor|77/100|[silent]\n|upkeep\n|turn|8\n|inactive|Time left: 300 sec this turn | 300 sec total\n|\n|t:|1783568070\n|move|p2a: Exeggutor|Protect|p2a: Exeggutor\n|-singleturn|p2a: Exeggutor|Protect\n|move|p1a: Komala|U-turn|p2a: Exeggutor\n|-activate|p2a: Exeggutor|move: Protect\n|\n|-damage|p1a: Komala|193/255|[from] Leech Seed|[of] p2a: Exeggutor\n|-heal|p2a: Exeggutor|87/100|[silent]\n|upkeep\n|turn|9\n|inactive|Time left: 300 sec this turn | 300 sec total\n|\n|t:|1783568071\n|switch|p2a: Archaludon|Archaludon, L78, M|100/100\n|move|p1a: Komala|U-turn|p2a: Archaludon\n|-resisted|p2a: Archaludon\n|-damage|p2a: Archaludon|92/100\n|-ability|p2a: Archaludon|Stamina|boost\n|-boost|p2a: Archaludon|def|1\n|inactive|Time left: 300 sec this turn | 300 sec total | 5 sec grace\n|\n|t:|1783568071\n|switch|p1a: Keldeo|Keldeo-Resolute, L79|176/273|[from] U-turn\n|\n|-heal|p2a: Archaludon|98/100|[from] item: Leftovers\n|-sideend|p1: p0x2418481b|Reflect\n|upkeep\n|turn|10\n|inactive|Time left: 300 sec this turn | 300 sec total\n|\n|t:|1783568072\n|move|p1a: Keldeo|Vacuum Wave|p2a: Archaludon\n|-supereffective|p2a: Archaludon\n|-damage|p2a: Archaludon|29/100\n|-ability|p2a: Archaludon|Stamina|boost\n|-boost|p2a: Archaludon|def|1\n|move|p2a: Archaludon|Body Press|p1a: Keldeo\n|-damage|p1a: Keldeo|55/273\n|\n|-heal|p2a: Archaludon|35/100|[from] item: Leftovers\n|-sideend|p1: p0x2418481b|move: Light Screen\n|upkeep\n|turn|11\n|inactive|Time left: 300 sec this turn | 300 sec total\n|\n|t:|1783568073\n|switch|p2a: Exeggutor|Exeggutor, L89, M|87/100\n|move|p1a: Keldeo|Vacuum Wave|p2a: Exeggutor\n|-resisted|p2a: Exeggutor\n|-damage|p2a: Exeggutor|76/100\n|\n|upkeep\n|turn|12\n|inactive|Time left: 300 sec this turn | 300 sec total\n|\n|t:|1783568074\n|move|p1a: Keldeo|Vacuum Wave|p2a: Exeggutor\n|-resisted|p2a: Exeggutor\n|-damage|p2a: Exeggutor|64/100\n|move|p2a: Exeggutor|Leech Seed|p1a: Keldeo\n|-start|p1a: Keldeo|move: Leech Seed\n|\n|-damage|p1a: Keldeo|21/273|[from] Leech Seed|[of] p2a: Exeggutor\n|-heal|p2a: Exeggutor|75/100|[silent]\n|upkeep\n|turn|13\n|inactive|Time left: 300 sec this turn | 300 sec total\n|\n|t:|1783568075\n|switch|p1a: Meowstic|Meowstic, L89, M|134/277\n|move|p2a: Exeggutor|Leech Seed|p1a: Meowstic\n|-start|p1a: Meowstic|move: Leech Seed\n|\n|-damage|p1a: Meowstic|100/277|[from] Leech Seed|[of] p2a: Exeggutor\n|-heal|p2a: Exeggutor|85/100|[silent]\n|upkeep\n|turn|14\n|inactive|Time left: 300 sec this turn | 300 sec total\n|\n|t:|1783568076\n|move|p1a: Meowstic|Light Screen|p1a: Meowstic\n|-sidestart|p1: p0x2418481b|move: Light Screen\n|move|p2a: Exeggutor|Psychic Noise|p1a: Meowstic\n|-resisted|p1a: Meowstic\n|-damage|p1a: Meowstic|73/277\n|-start|p1a: Meowstic|move: Heal Block\n|\n|-damage|p1a: Meowstic|39/277|[from] Leech Seed|[of] p2a: Exeggutor\n|-heal|p2a: Exeggutor|96/100|[silent]\n|upkeep\n|turn|15\n|inactive|Time left: 300 sec this turn | 300 sec total\n|\n|t:|1783568077\n|move|p1a: Meowstic|Reflect|p1a: Meowstic\n|-sidestart|p1: p0x2418481b|Reflect\n|move|p2a: Exeggutor|Psychic Noise|p1a: Meowstic\n|-resisted|p1a: Meowstic\n|-damage|p1a: Meowstic|13/277\n|\n|-damage|p1a: Meowstic|0 fnt|[from] Leech Seed|[of] p2a: Exeggutor\n|-heal|p2a: Exeggutor|100/100|[silent]\n|faint|p1a: Meowstic\n|upkeep\n|inactive|Time left: 300 sec this turn | 300 sec total | 5 sec grace\n|\n|t:|1783568078\n|switch|p1a: Komala|Komala, L87, M|193/255\n|-ability|p1a: Komala|Comatose\n|turn|16\n|inactive|Time left: 300 sec this turn | 300 sec total\n|\n|t:|1783568079\n|move|p2a: Exeggutor|Protect|p2a: Exeggutor\n|-singleturn|p2a: Exeggutor|Protect\n|move|p1a: Komala|Knock Off|p2a: Exeggutor\n|-activate|p2a: Exeggutor|move: Protect\n|\n|upkeep\n|turn|17\n|inactive|Time left: 300 sec this turn | 300 sec total\n|\n|t:|1783568080\n|move|p1a: Komala|Knock Off|p2a: Exeggutor\n|-supereffective|p2a: Exeggutor\n|-damage|p2a: Exeggutor|52/100\n|-enditem|p2a: Exeggutor|Sitrus Berry|[from] move: Knock Off|[of] p1a: Komala\n|move|p2a: Exeggutor|Leech Seed|p1a: Komala\n|-start|p1a: Komala|move: Leech Seed\n|\n|-damage|p1a: Komala|162/255|[from] Leech Seed|[of] p2a: Exeggutor\n|-heal|p2a: Exeggutor|62/100|[silent]\n|upkeep\n|turn|18\n|inactive|Time left: 300 sec this turn | 300 sec total\n|\n|t:|1783568081\n|move|p2a: Exeggutor|Protect|p2a: Exeggutor\n|-singleturn|p2a: Exeggutor|Protect\n|move|p1a: Komala|U-turn|p2a: Exeggutor\n|-activate|p2a: Exeggutor|move: Protect\n|\n|-damage|p1a: Komala|131/255|[from] Leech Seed|[of] p2a: Exeggutor\n|-heal|p2a: Exeggutor|72/100|[silent]\n|upkeep\n|turn|19\n|inactive|Time left: 300 sec this turn | 300 sec total\n|\n|t:|1783568082\n|switch|p2a: Copperajah|Copperajah, L86, M|100/100\n|move|p1a: Komala|U-turn|p2a: Copperajah\n|-resisted|p2a: Copperajah\n|-damage|p2a: Copperajah|90/100\n|inactive|Time left: 300 sec this turn | 300 sec total | 5 sec grace\n|\n|t:|1783568083\n|switch|p1a: Keldeo|Keldeo-Resolute, L79|21/273|[from] U-turn\n|\n|upkeep\n|turn|20\n|inactive|Time left: 300 sec this turn | 300 sec total\n|\n|t:|1783568084\n|switch|p2a: Exeggutor|Exeggutor, L89, M|72/100\n|move|p1a: Keldeo|Secret Sword|p2a: Exeggutor\n|-resisted|p2a: Exeggutor\n|-damage|p2a: Exeggutor|50/100\n|\n|upkeep\n|turn|21\n|inactive|Time left: 300 sec this turn | 300 sec total\n|\n|t:|1783568085\n|move|p1a: Keldeo|Secret Sword|p2a: Exeggutor\n|-resisted|p2a: Exeggutor\n|-damage|p2a: Exeggutor|25/100\n|move|p2a: Exeggutor|Leech Seed|p1a: Keldeo\n|-start|p1a: Keldeo|move: Leech Seed\n|\n|-damage|p1a: Keldeo|0 fnt|[from] Leech Seed|[of] p2a: Exeggutor\n|-heal|p2a: Exeggutor|32/100|[silent]\n|faint|p1a: Keldeo\n|-sideend|p1: p0x2418481b|move: Light Screen\n|upkeep\n|inactive|Time left: 300 sec this turn | 300 sec total | 5 sec grace\n|\n|t:|1783568085\n|switch|p1a: Pecharunt|Pecharunt, L77|262/262\n|turn|22\n|inactive|Time left: 300 sec this turn | 300 sec total\n|\n|t:|1783568086\n|-terastallize|p2a: Exeggutor|Steel\n|move|p1a: Pecharunt|Nasty Plot|p1a: Pecharunt\n|-boost|p1a: Pecharunt|spa|2\n|move|p2a: Exeggutor|Psychic Noise|p1a: Pecharunt\n|-supereffective|p1a: Pecharunt\n|-crit|p1a: Pecharunt\n|-damage|p1a: Pecharunt|0 fnt\n|faint|p1a: Pecharunt\n|\n|-sideend|p1: p0x2418481b|Reflect\n|upkeep\n|inactive|Time left: 300 sec this turn | 300 sec total | 5 sec grace\n|\n|t:|1783568087\n|switch|p1a: Komala|Komala, L87, M|131/255\n|-ability|p1a: Komala|Comatose\n|turn|23\n|inactive|Time left: 300 sec this turn | 300 sec total\n|\n|t:|1783568088\n|move|p1a: Komala|Rapid Spin|p2a: Exeggutor\n|-resisted|p2a: Exeggutor\n|-damage|p2a: Exeggutor|23/100\n|-boost|p1a: Komala|spe|1\n|move|p2a: Exeggutor|Leech Seed|p1a: Komala\n|-start|p1a: Komala|move: Leech Seed\n|\n|-damage|p1a: Komala|100/255|[from] Leech Seed|[of] p2a: Exeggutor\n|-heal|p2a: Exeggutor|33/100|[silent]\n|upkeep\n|turn|24\n|inactive|Time left: 300 sec this turn | 300 sec total\n|\n|t:|1783568089\n|move|p1a: Komala|Knock Off|p2a: Exeggutor\n|-damage|p2a: Exeggutor|14/100\n|move|p2a: Exeggutor|Psychic Noise|p1a: Komala\n|-damage|p1a: Komala|30/255\n|-start|p1a: Komala|move: Heal Block\n|\n|-damage|p1a: Komala|0 fnt|[from] Leech Seed|[of] p2a: Exeggutor\n|-heal|p2a: Exeggutor|24/100|[silent]\n|faint|p1a: Komala\n|upkeep\n|inactive|Time left: 300 sec this turn | 300 sec total | 5 sec grace\n|\n|t:|1783568090\n|switch|p1a: Tinkaton|Tinkaton, L82, F|274/274\n|-ability|p1a: Tinkaton|Mold Breaker\n|turn|25\n|inactive|Time left: 300 sec this turn | 300 sec total\n|\n|t:|1783568091\n|switch|p2a: Copperajah|Copperajah, L86, M|90/100\n|move|p1a: Tinkaton|Thunder Wave|p2a: Copperajah\n|-status|p2a: Copperajah|par\n|\n|upkeep\n|turn|26\n|inactive|Time left: 300 sec this turn | 300 sec total\n|\n|t:|1783568092\n|-terastallize|p1a: Tinkaton|Water\n|move|p1a: Tinkaton|Play Rough|p2a: Copperajah\n|-resisted|p2a: Copperajah\n|-damage|p2a: Copperajah|78/100 par\n|cant|p2a: Copperajah|par\n|\n|upkeep\n|turn|27\n|inactive|Time left: 300 sec this turn | 300 sec total\n|\n|t:|1783568093\n|move|p1a: Tinkaton|Gigaton Hammer|p2a: Copperajah\n|-resisted|p2a: Copperajah\n|-damage|p2a: Copperajah|57/100 par\n|move|p2a: Copperajah|Supercell Slam|p1a: Tinkaton\n|-supereffective|p1a: Tinkaton\n|-damage|p1a: Tinkaton|0 fnt\n|faint|p1a: Tinkaton\n|\n|win|p0y2418bd0d", "uploadtime": 1783568093, "views": 0, "rating": 0, "private": 0, "password": null, "_winner": "p0y2418bd0d", "_our_name": "p0x2418481b"}