{"id": "battle-gen9randombattle-455", "formatid": "gen9randombattle", "format": "[Gen 9] Random Battle", "players": ["p0x455764e", "p0y455a22a"], "log": "|init|battle\n|title|p0x455764e vs. p0y455a22a\n|j|\u2606p0x455764e\n|j|\u2606p0y455a22a\n|t:|1783545046\n|gametype|singles\n|player|p1|p0x455764e|102|\n|player|p2|p0y455a22a|1|\n|gen|9\n|tier|[Gen 9] Random Battle\n|rule|Species Clause: Limit one of each Pok\u00e9mon\n|rule|HP Percentage Mod: HP is shown in percentages\n|rule|Sleep Clause Mod: Limit one foe put to sleep\n|rule|Illusion Level Mod: Illusion disguises the Pok\u00e9mon's true level\n|\n|t:|1783545046\n|teamsize|p1|6\n|teamsize|p2|6\n|start\n|switch|p1a: Golem|Golem, L87, F|100/100\n|switch|p2a: Crawdaunt|Crawdaunt, L84, M|243/243\n|turn|1\n|inactive|Battle timer is ON: inactive players will automatically lose when time's up. (requested by p0x455764e)\n|inactive|Time left: 300 sec this turn | 300 sec total | 60 sec grace\n|\n|t:|1783545048\n|move|p2a: Crawdaunt|Knock Off|p1a: Golem\n|-damage|p1a: Golem|40/100\n|-enditem|p1a: Golem|Weakness Policy|[from] move: Knock Off|[of] p2a: Crawdaunt\n|move|p1a: Golem|Earthquake|p2a: Crawdaunt\n|-damage|p2a: Crawdaunt|96/243\n|\n|upkeep\n|turn|2\n|inactive|Time left: 300 sec this turn | 300 sec total\n|inactive|p0y455a22a also wants the timer to be on.\n|\n|t:|1783545049\n|move|p2a: Crawdaunt|Knock Off|p1a: Golem\n|-damage|p1a: Golem|0 fnt\n|faint|p1a: Golem\n|\n|upkeep\n|\n|t:|1783545050\n|switch|p1a: Florges|Florges, L85, F|100/100\n|turn|3\n|inactive|Time left: 300 sec this turn | 300 sec total\n|\n|t:|1783545052\n|move|p1a: Florges|Moonblast|p2a: Crawdaunt\n|-supereffective|p2a: Crawdaunt\n|-damage|p2a: Crawdaunt|0 fnt\n|faint|p2a: Crawdaunt\n|\n|upkeep\n|inactive|Time left: 300 sec this turn | 300 sec total | 5 sec grace\n|\n|t:|1783545053\n|switch|p2a: Entei|Entei, L78|307/307\n|turn|4\n|inactive|Time left: 300 sec this turn | 300 sec total\n|\n|t:|1783545054\n|move|p2a: Entei|Sacred Fire|p1a: Florges\n|-damage|p1a: Florges|33/100\n|move|p1a: Florges|Calm Mind|p1a: Florges\n|-boost|p1a: Florges|spa|1\n|-boost|p1a: Florges|spd|1\n|\n|-heal|p1a: Florges|39/100|[from] item: Leftovers\n|upkeep\n|turn|5\n|inactive|Time left: 300 sec this turn | 300 sec total\n|\n|t:|1783545055\n|switch|p1a: Baxcalibur|Baxcalibur, L75, M|100/100\n|move|p2a: Entei|Sacred Fire|p1a: Baxcalibur\n|-damage|p1a: Baxcalibur|40/100\n|-ability|p1a: Baxcalibur|Thermal Exchange|boost\n|-boost|p1a: Baxcalibur|atk|1\n|\n|upkeep\n|turn|6\n|inactive|Time left: 300 sec this turn | 300 sec total\n|\n|t:|1783545056\n|-terastallize|p1a: Baxcalibur|Dragon\n|move|p2a: Entei|Sacred Fire|p1a: Baxcalibur\n|-resisted|p1a: Baxcalibur\n|-damage|p1a: Baxcalibur|13/100\n|-ability|p1a: Baxcalibur|Thermal Exchange|boost\n|-boost|p1a: Baxcalibur|atk|1\n|move|p1a: Baxcalibur|Scale Shot|p2a: Entei\n|-damage|p2a: Entei|223/307\n|-crit|p2a: Entei\n|-damage|p2a: Entei|85/307\n|-damage|p2a: Entei|0 fnt\n|faint|p2a: Entei\n|-hitcount|p2: Entei|3\n|-unboost|p1a: Baxcalibur|def|1\n|-boost|p1a: Baxcalibur|spe|1\n|\n|upkeep\n|inactive|Time left: 300 sec this turn | 300 sec total | 5 sec grace\n|\n|t:|1783545057\n|switch|p2a: Electrode|Electrode, L92|260/260\n|turn|7\n|inactive|Time left: 300 sec this turn | 300 sec total\n|\n|t:|1783545058\n|switch|p1a: Florges|Florges, L85, F|39/100\n|move|p2a: Electrode|Thunderbolt|p1a: Florges\n|-damage|p1a: Florges|15/100\n|\n|-heal|p1a: Florges|21/100|[from] item: Leftovers\n|upkeep\n|turn|8\n|inactive|Time left: 300 sec this turn | 300 sec total\n|\n|t:|1783545060\n|switch|p1a: Rotom|Rotom-Mow, L87|100/100\n|move|p2a: Electrode|Thunderbolt|p1a: Rotom\n|-resisted|p1a: Rotom\n|-damage|p1a: Rotom|92/100\n|\n|-heal|p1a: Rotom|98/100|[from] item: Leftovers\n|upkeep\n|turn|9\n|inactive|Time left: 300 sec this turn | 300 sec total\n|\n|t:|1783545061\n|move|p2a: Electrode|Thunderbolt|p1a: Rotom\n|-resisted|p1a: Rotom\n|-damage|p1a: Rotom|90/100\n|move|p1a: Rotom|Thunderbolt|p2a: Electrode\n|-resisted|p2a: Electrode\n|-damage|p2a: Electrode|206/260\n|\n|-heal|p2a: Electrode|222/260|[from] item: Leftovers\n|-heal|p1a: Rotom|96/100|[from] item: Leftovers\n|upkeep\n|turn|10\n|inactive|Time left: 300 sec this turn | 300 sec total\n|\n|t:|1783545062\n|move|p2a: Electrode|Foul Play|p1a: Rotom\n|-crit|p1a: Rotom\n|-damage|p1a: Rotom|74/100\n|move|p1a: Rotom|Leaf Storm|p2a: Electrode\n|-damage|p2a: Electrode|74/260\n|-unboost|p1a: Rotom|spa|2\n|\n|-heal|p2a: Electrode|90/260|[from] item: Leftovers\n|-heal|p1a: Rotom|80/100|[from] item: Leftovers\n|upkeep\n|turn|11\n|inactive|Time left: 300 sec this turn | 300 sec total\n|\n|t:|1783545063\n|move|p2a: Electrode|Thunderbolt|p1a: Rotom\n|-resisted|p1a: Rotom\n|-damage|p1a: Rotom|72/100\n|move|p1a: Rotom|Volt Switch|p2a: Electrode\n|-resisted|p2a: Electrode\n|-damage|p2a: Electrode|69/260\n|\n|t:|1783545065\n|switch|p1a: Florges|Florges, L85, F|21/100|[from] Volt Switch\n|\n|-heal|p2a: Electrode|85/260|[from] item: Leftovers\n|-heal|p1a: Florges|27/100|[from] item: Leftovers\n|upkeep\n|turn|12\n|inactive|Time left: 300 sec this turn | 300 sec total\n|\n|t:|1783545066\n|switch|p2a: Tentacruel|Tentacruel, L84, F|272/272\n|move|p1a: Florges|Moonblast|p2a: Tentacruel\n|-resisted|p2a: Tentacruel\n|-damage|p2a: Tentacruel|228/272\n|\n|-heal|p2a: Tentacruel|245/272|[from] item: Leftovers\n|-heal|p1a: Florges|33/100|[from] item: Leftovers\n|upkeep\n|turn|13\n|inactive|Time left: 300 sec this turn | 300 sec total\n|\n|t:|1783545067\n|switch|p1a: Forretress|Forretress, L84, M|100/100\n|move|p2a: Tentacruel|Sludge Bomb|p1a: Forretress\n|-immune|p1a: Forretress\n|\n|-heal|p2a: Tentacruel|262/272|[from] item: Leftovers\n|upkeep\n|turn|14\n|inactive|Time left: 300 sec this turn | 300 sec total\n|\n|t:|1783545068\n|move|p2a: Tentacruel|Surf|p1a: Forretress\n|-damage|p1a: Forretress|59/100\n|move|p1a: Forretress|Rapid Spin|p2a: Tentacruel\n|-damage|p2a: Tentacruel|221/272\n|-boost|p1a: Forretress|spe|1\n|\n|-heal|p2a: Tentacruel|238/272|[from] item: Leftovers\n|-heal|p1a: Forretress|66/100|[from] item: Leftovers\n|upkeep\n|turn|15\n|inactive|Time left: 300 sec this turn | 300 sec total\n|\n|t:|1783545069\n|move|p2a: Tentacruel|Surf|p1a: Forretress\n|-damage|p1a: Forretress|21/100\n|move|p1a: Forretress|Rapid Spin|p2a: Tentacruel\n|-damage|p2a: Tentacruel|193/272\n|-boost|p1a: Forretress|spe|1\n|\n|-heal|p1a: Forretress|27/100|[from] item: Leftovers\n|-heal|p2a: Tentacruel|210/272|[from] item: Leftovers\n|upkeep\n|turn|16\n|inactive|Time left: 300 sec this turn | 300 sec total\n|\n|t:|1783545070\n|move|p1a: Forretress|Iron Head|p2a: Tentacruel\n|-resisted|p2a: Tentacruel\n|-damage|p2a: Tentacruel|157/272\n|move|p2a: Tentacruel|Surf|p1a: Forretress\n|-damage|p1a: Forretress|0 fnt\n|faint|p1a: Forretress\n|\n|-heal|p2a: Tentacruel|174/272|[from] item: Leftovers\n|upkeep\n|\n|t:|1783545072\n|switch|p1a: Rotom|Rotom-Mow, L87|72/100\n|turn|17\n|inactive|Time left: 300 sec this turn | 300 sec total\n|\n|t:|1783545073\n|move|p2a: Tentacruel|Sludge Bomb|p1a: Rotom\n|-supereffective|p1a: Rotom\n|-damage|p1a: Rotom|13/100\n|move|p1a: Rotom|Thunderbolt|p2a: Tentacruel\n|-supereffective|p2a: Tentacruel\n|-damage|p2a: Tentacruel|18/272\n|\n|-heal|p2a: Tentacruel|35/272|[from] item: Leftovers\n|-heal|p1a: Rotom|19/100|[from] item: Leftovers\n|upkeep\n|turn|18\n|inactive|Time left: 300 sec this turn | 300 sec total\n|\n|t:|1783545074\n|move|p2a: Tentacruel|Sludge Bomb|p1a: Rotom\n|-supereffective|p1a: Rotom\n|-damage|p1a: Rotom|0 fnt\n|faint|p1a: Rotom\n|\n|-heal|p2a: Tentacruel|52/272|[from] item: Leftovers\n|upkeep\n|\n|t:|1783545075\n|switch|p1a: Shaymin|Shaymin-Sky, L73|100/100\n|turn|19\n|inactive|Time left: 300 sec this turn | 300 sec total\n|\n|t:|1783545076\n|switch|p2a: Electrode|Electrode, L92|85/260\n|move|p1a: Shaymin|Air Slash|p2a: Electrode\n|-resisted|p2a: Electrode\n|-damage|p2a: Electrode|50/260\n|\n|-heal|p2a: Electrode|66/260|[from] item: Leftovers\n|upkeep\n|turn|20\n|inactive|Time left: 300 sec this turn | 300 sec total\n|\n|t:|1783545077\n|move|p2a: Electrode|Thunderbolt|p1a: Shaymin\n|-damage|p1a: Shaymin|56/100\n|move|p1a: Shaymin|Seed Flare|p2a: Electrode\n|-damage|p2a: Electrode|0 fnt\n|faint|p2a: Electrode\n|\n|upkeep\n|inactive|Time left: 300 sec this turn | 300 sec total | 5 sec grace\n|\n|t:|1783545078\n|switch|p2a: Dugtrio|Dugtrio, L84, M|196/196\n|turn|21\n|inactive|Time left: 300 sec this turn | 300 sec total\n|\n|t:|1783545079\n|move|p2a: Dugtrio|Stone Edge|p1a: Shaymin\n|-supereffective|p1a: Shaymin\n|-crit|p1a: Shaymin\n|-damage|p1a: Shaymin|0 fnt\n|faint|p1a: Shaymin\n|-damage|p2a: Dugtrio|177/196|[from] item: Life Orb\n|\n|upkeep\n|\n|t:|1783545080\n|switch|p1a: Baxcalibur|Baxcalibur, L75, M, tera:Dragon|13/100\n|turn|22\n|inactive|Time left: 300 sec this turn | 300 sec total\n|\n|t:|1783545080\n|move|p2a: Dugtrio|Earthquake|p1a: Baxcalibur\n|-damage|p1a: Baxcalibur|0 fnt\n|faint|p1a: Baxcalibur\n|-damage|p2a: Dugtrio|158/196|[from] item: Life Orb\n|\n|upkeep\n|\n|t:|1783545081\n|switch|p1a: Florges|Florges, L85, F|33/100\n|turn|23\n|inactive|Time left: 300 sec this turn | 300 sec total\n|\n|t:|1783545082\n|-terastallize|p2a: Dugtrio|Fairy\n|move|p2a: Dugtrio|Earthquake|p1a: Florges\n|-damage|p1a: Florges|0 fnt\n|faint|p1a: Florges\n|-damage|p2a: Dugtrio|139/196|[from] item: Life Orb\n|\n|win|p0y455a22a", "uploadtime": 1783545082, "views": 0, "rating": 0, "private": 0, "password": null, "_winner": "p0y455a22a", "_our_name": "p0y455a22a"}