{"id": "battle-gen9randombattle-590", "formatid": "gen9randombattle", "format": "[Gen 9] Random Battle", "players": ["p0x5907bf9", "p0y5905398"], "log": "|init|battle\n|title|p0x5907bf9 vs. p0y5905398\n|j|\u2606p0x5907bf9\n|j|\u2606p0y5905398\n|t:|1783545911\n|gametype|singles\n|player|p1|p0x5907bf9|102|\n|player|p2|p0y5905398|265|\n|gen|9\n|tier|[Gen 9] Random Battle\n|rule|Species Clause: Limit one of each Pok\u00e9mon\n|rule|HP Percentage Mod: HP is shown in percentages\n|rule|Sleep Clause Mod: Limit one foe put to sleep\n|rule|Illusion Level Mod: Illusion disguises the Pok\u00e9mon's true level\n|\n|t:|1783545911\n|teamsize|p1|6\n|teamsize|p2|6\n|start\n|switch|p1a: Electrode|Electrode-Hisui, L87|100/100\n|switch|p2a: Bruxish|Bruxish, L85, M|254/254\n|turn|1\n|inactive|Battle timer is ON: inactive players will automatically lose when time's up. (requested by p0y5905398)\n|\n|t:|1783545913\n|switch|p2a: Flapple|Flapple, L88, F|266/266\n|move|p1a: Electrode|Thunderbolt|p2a: Flapple\n|-resisted|p2a: Flapple\n|-damage|p2a: Flapple|230/266\n|-damage|p1a: Electrode|91/100|[from] item: Life Orb\n|\n|upkeep\n|turn|2\n|inactive|Time left: 300 sec this turn | 300 sec total\n|inactive|p0x5907bf9 also wants the timer to be on.\n|\n|t:|1783545914\n|switch|p1a: Lugia|Lugia, L73|100/100\n|move|p2a: Flapple|Outrage|p1a: Lugia\n|-damage|p1a: Lugia|46/100\n|\n|upkeep\n|turn|3\n|inactive|Time left: 300 sec this turn | 300 sec total\n|\n|t:|1783545916\n|move|p1a: Lugia|Aeroblast|p2a: Flapple\n|-supereffective|p2a: Flapple\n|-damage|p2a: Flapple|26/266\n|move|p2a: Flapple|Outrage|p1a: Lugia|[from] lockedmove\n|-damage|p1a: Lugia|0 fnt\n|faint|p1a: Lugia\n|-start|p2a: Flapple|confusion|[fatigue]\n|\n|upkeep\n|\n|t:|1783545917\n|switch|p1a: Quaquaval|Quaquaval, L79, F|100/100\n|turn|4\n|inactive|Time left: 300 sec this turn | 300 sec total\n|\n|t:|1783545918\n|switch|p2a: Alomomola|Alomomola, L87, M|429/429\n|move|p1a: Quaquaval|Aqua Step|p2a: Alomomola\n|-resisted|p2a: Alomomola\n|-damage|p2a: Alomomola|386/429\n|-boost|p1a: Quaquaval|spe|1\n|-damage|p1a: Quaquaval|84/100|[from] item: Rocky Helmet|[of] p2a: Alomomola\n|\n|-heal|p1a: Quaquaval|90/100|[from] item: Leftovers\n|upkeep\n|turn|5\n|inactive|Time left: 300 sec this turn | 300 sec total\n|\n|t:|1783545919\n|switch|p2a: Bruxish|Bruxish, L85, M|254/254\n|move|p1a: Quaquaval|Aqua Step|p2a: Bruxish\n|-resisted|p2a: Bruxish\n|-damage|p2a: Bruxish|200/254\n|-boost|p1a: Quaquaval|spe|1\n|\n|-heal|p1a: Quaquaval|96/100|[from] item: Leftovers\n|upkeep\n|turn|6\n|inactive|Time left: 300 sec this turn | 300 sec total\n|\n|t:|1783545920\n|switch|p1a: Tyranitar|Tyranitar, L78, F|100/100\n|-weather|Sandstorm|[from] ability: Sand Stream|[of] p1a: Tyranitar\n|move|p2a: Bruxish|Psychic Fangs|p1a: Tyranitar\n|-immune|p1a: Tyranitar\n|\n|-weather|Sandstorm|[upkeep]\n|-damage|p2a: Bruxish|185/254|[from] Sandstorm\n|upkeep\n|turn|7\n|inactive|Time left: 300 sec this turn | 300 sec total\n|\n|t:|1783545921\n|move|p2a: Bruxish|Wave Crash|p1a: Tyranitar\n|-supereffective|p1a: Tyranitar\n|-damage|p1a: Tyranitar|0 fnt\n|faint|p1a: Tyranitar\n|-damage|p2a: Bruxish|91/254|[from] Recoil\n|-damage|p2a: Bruxish|66/254|[from] item: Life Orb\n|\n|-weather|Sandstorm|[upkeep]\n|-damage|p2a: Bruxish|51/254|[from] Sandstorm\n|upkeep\n|\n|t:|1783545922\n|switch|p1a: Electrode|Electrode-Hisui, L87|91/100\n|turn|8\n|inactive|Time left: 300 sec this turn | 300 sec total\n|\n|t:|1783545923\n|switch|p2a: Miraidon|Miraidon, L65|238/238\n|-fieldstart|move: Electric Terrain|[from] ability: Hadron Engine|[of] p2a: Miraidon\n|move|p1a: Electrode|Volt Switch|p2a: Miraidon\n|-resisted|p2a: Miraidon\n|-damage|p2a: Miraidon|211/238\n|-damage|p1a: Electrode|81/100|[from] item: Life Orb\n|\n|t:|1783545924\n|switch|p1a: Swalot|Swalot, L90, M|100/100|[from] Volt Switch\n|\n|-weather|Sandstorm|[upkeep]\n|-damage|p2a: Miraidon|197/238|[from] Sandstorm\n|-damage|p1a: Swalot|94/100|[from] Sandstorm\n|-heal|p1a: Swalot|100/100|[from] item: Leftovers\n|upkeep\n|turn|9\n|inactive|Time left: 300 sec this turn | 300 sec total\n|\n|t:|1783545925\n|move|p2a: Miraidon|Electro Drift|p1a: Swalot\n|-damage|p1a: Swalot|38/100\n|move|p1a: Swalot|Earthquake|p2a: Miraidon\n|-supereffective|p2a: Miraidon\n|-damage|p2a: Miraidon|51/238\n|\n|-weather|Sandstorm|[upkeep]\n|-damage|p2a: Miraidon|37/238|[from] Sandstorm\n|-damage|p1a: Swalot|32/100|[from] Sandstorm\n|-heal|p1a: Swalot|38/100|[from] item: Leftovers\n|upkeep\n|turn|10\n|inactive|Time left: 300 sec this turn | 300 sec total\n|\n|t:|1783545926\n|switch|p1a: Appletun|Appletun, L92, F|100/100\n|move|p2a: Miraidon|Electro Drift|p1a: Appletun\n|-resisted|p1a: Appletun\n|-damage|p1a: Appletun|85/100\n|\n|-weather|none\n|-heal|p1a: Appletun|91/100|[from] item: Leftovers\n|upkeep\n|turn|11\n|inactive|Time left: 300 sec this turn | 300 sec total\n|\n|t:|1783545927\n|move|p2a: Miraidon|Electro Drift|p1a: Appletun\n|-resisted|p1a: Appletun\n|-damage|p1a: Appletun|76/100\n|move|p1a: Appletun|Apple Acid|p2a: Miraidon\n|-resisted|p2a: Miraidon\n|-damage|p2a: Miraidon|0 fnt\n|faint|p2a: Miraidon\n|\n|-heal|p1a: Appletun|82/100|[from] item: Leftovers\n|upkeep\n|inactive|Time left: 300 sec this turn | 300 sec total | 5 sec grace\n|\n|t:|1783545928\n|switch|p2a: Flapple|Flapple, L88, F|26/266\n|turn|12\n|inactive|Time left: 300 sec this turn | 300 sec total\n|\n|t:|1783545928\n|move|p2a: Flapple|Outrage|p1a: Appletun\n|-supereffective|p1a: Appletun\n|-damage|p1a: Appletun|0 fnt\n|faint|p1a: Appletun\n|\n|-fieldend|move: Electric Terrain\n|upkeep\n|\n|t:|1783545929\n|switch|p1a: Quaquaval|Quaquaval, L79, F|96/100\n|turn|13\n|inactive|Time left: 300 sec this turn | 300 sec total\n|\n|t:|1783545930\n|move|p1a: Quaquaval|Rapid Spin|p2a: Flapple\n|-damage|p2a: Flapple|0 fnt\n|-boost|p1a: Quaquaval|spe|1\n|faint|p2a: Flapple\n|-ability|p1a: Quaquaval|Moxie|boost\n|-boost|p1a: Quaquaval|atk|1\n|\n|-heal|p1a: Quaquaval|100/100|[from] item: Leftovers\n|upkeep\n|inactive|Time left: 300 sec this turn | 300 sec total | 5 sec grace\n|\n|t:|1783545931\n|switch|p2a: Cobalion|Cobalion, L80|277/277\n|turn|14\n|inactive|Time left: 300 sec this turn | 300 sec total\n|\n|t:|1783545932\n|-terastallize|p2a: Cobalion|Ghost\n|move|p1a: Quaquaval|Close Combat|p2a: Cobalion\n|-immune|p2a: Cobalion\n|move|p2a: Cobalion|Iron Defense|p2a: Cobalion\n|-boost|p2a: Cobalion|def|2\n|\n|upkeep\n|turn|15\n|inactive|Time left: 300 sec this turn | 300 sec total\n|\n|t:|1783545933\n|move|p1a: Quaquaval|Aqua Step|p2a: Cobalion\n|-damage|p2a: Cobalion|229/277\n|-boost|p1a: Quaquaval|spe|1\n|move|p2a: Cobalion|Body Press|p1a: Quaquaval\n|-damage|p1a: Quaquaval|16/100\n|\n|-heal|p1a: Quaquaval|22/100|[from] item: Leftovers\n|-heal|p2a: Cobalion|246/277|[from] item: Leftovers\n|upkeep\n|turn|16\n|inactive|Time left: 300 sec this turn | 300 sec total\n|\n|t:|1783545935\n|move|p1a: Quaquaval|Aqua Step|p2a: Cobalion\n|-damage|p2a: Cobalion|195/277\n|-boost|p1a: Quaquaval|spe|1\n|move|p2a: Cobalion|Body Press|p1a: Quaquaval\n|-damage|p1a: Quaquaval|0 fnt\n|faint|p1a: Quaquaval\n|\n|-heal|p2a: Cobalion|212/277|[from] item: Leftovers\n|upkeep\n|\n|t:|1783545936\n|switch|p1a: Electrode|Electrode-Hisui, L87|81/100\n|turn|17\n|inactive|Time left: 300 sec this turn | 300 sec total\n|\n|t:|1783545937\n|-terastallize|p1a: Electrode|Electric\n|move|p1a: Electrode|Volt Switch|p2a: Cobalion\n|-damage|p2a: Cobalion|56/277\n|-damage|p1a: Electrode|71/100|[from] item: Life Orb\n|\n|t:|1783545938\n|switch|p1a: Swalot|Swalot, L90, M|38/100|[from] Volt Switch\n|move|p2a: Cobalion|Body Press|p1a: Swalot\n|-resisted|p1a: Swalot\n|-damage|p1a: Swalot|8/100\n|\n|-heal|p2a: Cobalion|73/277|[from] item: Leftovers\n|-heal|p1a: Swalot|15/100|[from] item: Leftovers\n|upkeep\n|turn|18\n|inactive|Time left: 300 sec this turn | 300 sec total\n|\n|t:|1783545939\n|move|p2a: Cobalion|Body Press|p1a: Swalot\n|-resisted|p1a: Swalot\n|-damage|p1a: Swalot|0 fnt\n|faint|p1a: Swalot\n|\n|-heal|p2a: Cobalion|90/277|[from] item: Leftovers\n|upkeep\n|\n|t:|1783545940\n|switch|p1a: Electrode|Electrode-Hisui, L87, tera:Electric|71/100\n|turn|19\n|inactive|Time left: 300 sec this turn | 300 sec total\n|\n|t:|1783545941\n|switch|p2a: Chansey|Chansey, L85, F|564/564\n|move|p1a: Electrode|Giga Drain|p2a: Chansey\n|-damage|p2a: Chansey|508/564\n|-heal|p1a: Electrode|83/100|[from] drain|[of] p2a: Chansey\n|-damage|p1a: Electrode|73/100|[from] item: Life Orb\n|\n|upkeep\n|turn|20\n|inactive|Time left: 300 sec this turn | 300 sec total\n|\n|t:|1783545942\n|move|p1a: Electrode|Giga Drain|p2a: Chansey\n|-damage|p2a: Chansey|448/564\n|-heal|p1a: Electrode|85/100|[from] drain|[of] p2a: Chansey\n|-damage|p1a: Electrode|75/100|[from] item: Life Orb\n|move|p2a: Chansey|Seismic Toss|p1a: Electrode\n|-damage|p1a: Electrode|41/100\n|\n|upkeep\n|turn|21\n|inactive|Time left: 300 sec this turn | 300 sec total\n|\n|t:|1783545943\n|move|p1a: Electrode|Giga Drain|p2a: Chansey\n|-damage|p2a: Chansey|388/564\n|-heal|p1a: Electrode|53/100|[from] drain|[of] p2a: Chansey\n|-damage|p1a: Electrode|43/100|[from] item: Life Orb\n|move|p2a: Chansey|Seismic Toss|p1a: Electrode\n|-damage|p1a: Electrode|9/100\n|\n|upkeep\n|turn|22\n|inactive|Time left: 300 sec this turn | 300 sec total\n|\n|t:|1783545944\n|move|p1a: Electrode|Giga Drain|p2a: Chansey\n|-damage|p2a: Chansey|333/564\n|-heal|p1a: Electrode|20/100|[from] drain|[of] p2a: Chansey\n|-damage|p1a: Electrode|10/100|[from] item: Life Orb\n|move|p2a: Chansey|Seismic Toss|p1a: Electrode\n|-damage|p1a: Electrode|0 fnt\n|-damage|p2a: Chansey|192/564|[from] ability: Aftermath|[of] p1a: Electrode\n|faint|p1a: Electrode\n|\n|win|p0y5905398", "uploadtime": 1783545944, "views": 0, "rating": 0, "private": 0, "password": null, "_winner": "p0y5905398", "_our_name": "p0y5905398"}