{"id": "battle-gen9randombattle-1655", "formatid": "gen9randombattle", "format": "[Gen 9] Random Battle", "players": ["p0x16554134", "p0y16554c53"], "log": "|init|battle\n|title|p0x16554134 vs. p0y16554c53\n|j|\u2606p0x16554134\n|j|\u2606p0y16554c53\n|t:|1783558413\n|gametype|singles\n|player|p1|p0x16554134|101|\n|player|p2|p0y16554c53|2|\n|gen|9\n|tier|[Gen 9] Random Battle\n|rule|Species Clause: Limit one of each Pok\u00e9mon\n|rule|HP Percentage Mod: HP is shown in percentages\n|rule|Sleep Clause Mod: Limit one foe put to sleep\n|rule|Illusion Level Mod: Illusion disguises the Pok\u00e9mon's true level\n|\n|t:|1783558413\n|teamsize|p1|6\n|teamsize|p2|6\n|start\n|switch|p1a: Raikou|Raikou, L81|278/278\n|switch|p2a: Klefki|Klefki, L84, F|100/100\n|-ability|p1a: Raikou|Pressure\n|turn|1\n|inactive|Battle timer is ON: inactive players will automatically lose when time's up. (requested by p0y16554c53)\n|inactive|Time left: 300 sec this turn | 300 sec total | 60 sec grace\n|\n|t:|1783558415\n|move|p2a: Klefki|Spikes|p1a: Raikou\n|-sidestart|p1: p0x16554134|Spikes\n|move|p1a: Raikou|Calm Mind|p1a: Raikou\n|-boost|p1a: Raikou|spa|1\n|-boost|p1a: Raikou|spd|1\n|\n|upkeep\n|turn|2\n|inactive|Time left: 300 sec this turn | 300 sec total\n|inactive|p0x16554134 also wants the timer to be on.\n|\n|t:|1783558416\n|switch|p2a: Tropius|Tropius, L91, F|100/100\n|move|p1a: Raikou|Thunderbolt|p2a: Tropius\n|-damage|p2a: Tropius|58/100\n|\n|upkeep\n|turn|3\n|inactive|Time left: 300 sec this turn | 300 sec total\n|\n|t:|1783558417\n|move|p1a: Raikou|Calm Mind|p1a: Raikou\n|-boost|p1a: Raikou|spa|1\n|-boost|p1a: Raikou|spd|1\n|move|p2a: Tropius|Synthesis|p2a: Tropius\n|-heal|p2a: Tropius|100/100\n|\n|upkeep\n|turn|4\n|inactive|Time left: 300 sec this turn | 300 sec total\n|\n|t:|1783558418\n|move|p1a: Raikou|Thunderbolt|p2a: Tropius\n|-damage|p2a: Tropius|44/100\n|-enditem|p2a: Tropius|Sitrus Berry|[eat]\n|-heal|p2a: Tropius|69/100|[from] item: Sitrus Berry\n|move|p2a: Tropius|Earthquake|p1a: Raikou\n|-supereffective|p1a: Raikou\n|-damage|p1a: Raikou|136/278\n|\n|-heal|p1a: Raikou|153/278|[from] item: Leftovers\n|-item|p2a: Tropius|Sitrus Berry|[from] ability: Harvest\n|upkeep\n|turn|5\n|inactive|Time left: 300 sec this turn | 300 sec total\n|\n|t:|1783558419\n|move|p1a: Raikou|Scald|p2a: Tropius\n|-resisted|p2a: Tropius\n|-damage|p2a: Tropius|51/100\n|move|p2a: Tropius|Earthquake|p1a: Raikou\n|-supereffective|p1a: Raikou\n|-damage|p1a: Raikou|11/278\n|\n|-heal|p1a: Raikou|28/278|[from] item: Leftovers\n|upkeep\n|turn|6\n|inactive|Time left: 300 sec this turn | 300 sec total\n|\n|t:|1783558420\n|-terastallize|p2a: Tropius|Ground\n|move|p1a: Raikou|Thunderbolt|p2a: Tropius\n|-immune|p2a: Tropius\n|move|p2a: Tropius|Earthquake|p1a: Raikou\n|-supereffective|p1a: Raikou\n|-damage|p1a: Raikou|0 fnt\n|faint|p1a: Raikou\n|\n|upkeep\n|inactive|Time left: 300 sec this turn | 300 sec total | 5 sec grace\n|\n|t:|1783558421\n|switch|p1a: Urshifu|Urshifu-Rapid-Strike, L75, M|274/274\n|-damage|p1a: Urshifu|240/274|[from] Spikes\n|turn|7\n|inactive|Time left: 300 sec this turn | 300 sec total\n|\n|t:|1783558422\n|switch|p2a: Suicune|Suicune, L82|100/100\n|-ability|p2a: Suicune|Pressure\n|move|p1a: Urshifu|Surging Strikes|p2a: Suicune\n|-resisted|p2a: Suicune\n|-crit|p2a: Suicune\n|-damage|p2a: Suicune|92/100\n|-resisted|p2a: Suicune\n|-crit|p2a: Suicune\n|-damage|p2a: Suicune|82/100\n|-resisted|p2a: Suicune\n|-crit|p2a: Suicune\n|-damage|p2a: Suicune|74/100\n|-hitcount|p2a: Suicune|3\n|\n|-heal|p2a: Suicune|80/100|[from] item: Leftovers\n|upkeep\n|turn|8\n|inactive|Time left: 300 sec this turn | 300 sec total\n|\n|t:|1783558423\n|move|p1a: Urshifu|Surging Strikes|p2a: Suicune\n|-resisted|p2a: Suicune\n|-crit|p2a: Suicune\n|-damage|p2a: Suicune|71/100\n|-resisted|p2a: Suicune\n|-crit|p2a: Suicune\n|-damage|p2a: Suicune|63/100\n|-resisted|p2a: Suicune\n|-crit|p2a: Suicune\n|-damage|p2a: Suicune|54/100\n|-hitcount|p2a: Suicune|3\n|move|p2a: Suicune|Scald|p1a: Urshifu\n|-resisted|p1a: Urshifu\n|-damage|p1a: Urshifu|185/274\n|-status|p1a: Urshifu|brn\n|\n|-heal|p2a: Suicune|60/100|[from] item: Leftovers\n|-damage|p1a: Urshifu|168/274 brn|[from] brn\n|upkeep\n|turn|9\n|inactive|Time left: 300 sec this turn | 300 sec total\n|\n|t:|1783558425\n|move|p1a: Urshifu|Surging Strikes|p2a: Suicune\n|-resisted|p2a: Suicune\n|-crit|p2a: Suicune\n|-damage|p2a: Suicune|56/100\n|-resisted|p2a: Suicune\n|-crit|p2a: Suicune\n|-damage|p2a: Suicune|52/100\n|-resisted|p2a: Suicune\n|-crit|p2a: Suicune\n|-damage|p2a: Suicune|48/100\n|-hitcount|p2a: Suicune|3\n|move|p2a: Suicune|Calm Mind|p2a: Suicune\n|-boost|p2a: Suicune|spa|1\n|-boost|p2a: Suicune|spd|1\n|\n|-heal|p2a: Suicune|54/100|[from] item: Leftovers\n|-damage|p1a: Urshifu|151/274 brn|[from] brn\n|upkeep\n|turn|10\n|inactive|Time left: 300 sec this turn | 300 sec total\n|\n|t:|1783558426\n|move|p1a: Urshifu|Surging Strikes|p2a: Suicune\n|-resisted|p2a: Suicune\n|-crit|p2a: Suicune\n|-damage|p2a: Suicune|49/100\n|-resisted|p2a: Suicune\n|-crit|p2a: Suicune\n|-damage|p2a: Suicune|45/100\n|-resisted|p2a: Suicune\n|-crit|p2a: Suicune\n|-damage|p2a: Suicune|40/100\n|-hitcount|p2a: Suicune|3\n|move|p2a: Suicune|Calm Mind|p2a: Suicune\n|-boost|p2a: Suicune|spa|1\n|-boost|p2a: Suicune|spd|1\n|\n|-heal|p2a: Suicune|46/100|[from] item: Leftovers\n|-damage|p1a: Urshifu|134/274 brn|[from] brn\n|upkeep\n|turn|11\n|inactive|Time left: 300 sec this turn | 300 sec total\n|\n|t:|1783558427\n|switch|p1a: Muk|Muk, L86, M|321/321\n|-damage|p1a: Muk|281/321|[from] Spikes\n|move|p2a: Suicune|Ice Beam|p1a: Muk\n|-crit|p1a: Muk\n|-damage|p1a: Muk|116/321\n|-status|p1a: Muk|frz\n|\n|-heal|p2a: Suicune|52/100|[from] item: Leftovers\n|-heal|p1a: Muk|136/321 frz|[from] item: Leftovers\n|upkeep\n|turn|12\n|inactive|Time left: 300 sec this turn | 300 sec total\n|\n|t:|1783558428\n|move|p2a: Suicune|Scald|p1a: Muk\n|-damage|p1a: Muk|4/321 frz\n|-curestatus|p1a: Muk|frz|[msg]\n|move|p1a: Muk|Knock Off|p2a: Suicune\n|-damage|p2a: Suicune|29/100\n|-status|p2a: Suicune|psn|[from] ability: Poison Touch|[of] p1a: Muk\n|-enditem|p2a: Suicune|Leftovers|[from] move: Knock Off|[of] p1a: Muk\n|\n|-heal|p1a: Muk|24/321|[from] item: Leftovers\n|-damage|p2a: Suicune|16/100 psn|[from] psn\n|upkeep\n|turn|13\n|inactive|Time left: 300 sec this turn | 300 sec total\n|\n|t:|1783558429\n|move|p2a: Suicune|Scald|p1a: Muk\n|-damage|p1a: Muk|0 fnt\n|faint|p1a: Muk\n|\n|-damage|p2a: Suicune|4/100 psn|[from] psn\n|upkeep\n|inactive|Time left: 300 sec this turn | 300 sec total | 5 sec grace\n|\n|t:|1783558430\n|switch|p1a: Staraptor|Staraptor, L79, F|263/263\n|turn|14\n|inactive|Time left: 300 sec this turn | 300 sec total\n|\n|t:|1783558431\n|switch|p2a: Magnezone|Magnezone, L85|100/100\n|move|p1a: Staraptor|Brave Bird|p2a: Magnezone\n|-resisted|p2a: Magnezone\n|-damage|p2a: Magnezone|83/100\n|-damage|p1a: Staraptor|248/263|[from] Recoil\n|\n|-heal|p2a: Magnezone|89/100|[from] item: Leftovers\n|upkeep\n|turn|15\n|inactive|Time left: 300 sec this turn | 300 sec total\n|\n|t:|1783558432\n|switch|p1a: Magcargo|Magcargo, L95, M|268/268\n|move|p2a: Magnezone|Discharge|p1a: Magcargo\n|-damage|p1a: Magcargo|159/268\n|\n|-heal|p2a: Magnezone|95/100|[from] item: Leftovers\n|upkeep\n|turn|16\n|inactive|Time left: 300 sec this turn | 300 sec total\n|\n|t:|1783558432\n|switch|p2a: Vaporeon|Vaporeon, L86, M|100/100\n|move|p1a: Magcargo|Shell Smash|p1a: Magcargo\n|-unboost|p1a: Magcargo|def|1\n|-unboost|p1a: Magcargo|spd|1\n|-boost|p1a: Magcargo|atk|2\n|-boost|p1a: Magcargo|spa|2\n|-boost|p1a: Magcargo|spe|2\n|\n|upkeep\n|turn|17\n|inactive|Time left: 300 sec this turn | 300 sec total\n|\n|t:|1783558433\n|-terastallize|p1a: Magcargo|Grass\n|move|p1a: Magcargo|Power Gem|p2a: Vaporeon\n|-crit|p2a: Vaporeon\n|-damage|p2a: Vaporeon|27/100\n|move|p2a: Vaporeon|Haze|p2a: Vaporeon\n|-clearallboost\n|\n|-heal|p2a: Vaporeon|33/100|[from] item: Leftovers\n|upkeep\n|turn|18\n|inactive|Time left: 300 sec this turn | 300 sec total\n|\n|t:|1783558434\n|move|p2a: Vaporeon|Wish|p2a: Vaporeon\n|move|p1a: Magcargo|Shell Smash|p1a: Magcargo\n|-unboost|p1a: Magcargo|def|1\n|-unboost|p1a: Magcargo|spd|1\n|-boost|p1a: Magcargo|atk|2\n|-boost|p1a: Magcargo|spa|2\n|-boost|p1a: Magcargo|spe|2\n|\n|-heal|p2a: Vaporeon|39/100|[from] item: Leftovers\n|upkeep\n|turn|19\n|inactive|Time left: 300 sec this turn | 300 sec total\n|\n|t:|1783558435\n|move|p2a: Vaporeon|Protect|p2a: Vaporeon\n|-singleturn|p2a: Vaporeon|Protect\n|move|p1a: Magcargo|Power Gem|p2a: Vaporeon\n|-activate|p2a: Vaporeon|move: Protect\n|\n|-heal|p2a: Vaporeon|89/100|[from] move: Wish|[wisher] Vaporeon\n|-heal|p2a: Vaporeon|95/100|[from] item: Leftovers\n|upkeep\n|turn|20\n|inactive|Time left: 300 sec this turn | 300 sec total\n|\n|t:|1783558436\n|move|p1a: Magcargo|Power Gem|p2a: Vaporeon\n|-damage|p2a: Vaporeon|47/100\n|move|p2a: Vaporeon|Haze|p2a: Vaporeon\n|-clearallboost\n|\n|-heal|p2a: Vaporeon|54/100|[from] item: Leftovers\n|upkeep\n|turn|21\n|inactive|Time left: 300 sec this turn | 300 sec total\n|\n|t:|1783558436\n|move|p2a: Vaporeon|Wish|p2a: Vaporeon\n|move|p1a: Magcargo|Shell Smash|p1a: Magcargo\n|-unboost|p1a: Magcargo|def|1\n|-unboost|p1a: Magcargo|spd|1\n|-boost|p1a: Magcargo|atk|2\n|-boost|p1a: Magcargo|spa|2\n|-boost|p1a: Magcargo|spe|2\n|\n|-heal|p2a: Vaporeon|60/100|[from] item: Leftovers\n|upkeep\n|turn|22\n|inactive|Time left: 300 sec this turn | 300 sec total\n|\n|t:|1783558437\n|move|p1a: Magcargo|Power Gem|p2a: Vaporeon\n|-damage|p2a: Vaporeon|11/100\n|move|p2a: Vaporeon|Haze|p2a: Vaporeon\n|-clearallboost\n|\n|-heal|p2a: Vaporeon|61/100|[from] move: Wish|[wisher] Vaporeon\n|-heal|p2a: Vaporeon|67/100|[from] item: Leftovers\n|upkeep\n|turn|23\n|inactive|Time left: 300 sec this turn | 300 sec total\n|\n|t:|1783558438\n|move|p2a: Vaporeon|Wish|p2a: Vaporeon\n|move|p1a: Magcargo|Shell Smash|p1a: Magcargo\n|-unboost|p1a: Magcargo|def|1\n|-unboost|p1a: Magcargo|spd|1\n|-boost|p1a: Magcargo|atk|2\n|-boost|p1a: Magcargo|spa|2\n|-boost|p1a: Magcargo|spe|2\n|\n|-heal|p2a: Vaporeon|73/100|[from] item: Leftovers\n|upkeep\n|turn|24\n|inactive|Time left: 300 sec this turn | 300 sec total\n|\n|t:|1783558439\n|move|p1a: Magcargo|Power Gem|p2a: Vaporeon\n|-damage|p2a: Vaporeon|21/100\n|move|p2a: Vaporeon|Haze|p2a: Vaporeon\n|-clearallboost\n|\n|-heal|p2a: Vaporeon|71/100|[from] move: Wish|[wisher] Vaporeon\n|-heal|p2a: Vaporeon|77/100|[from] item: Leftovers\n|upkeep\n|turn|25\n|inactive|Time left: 300 sec this turn | 300 sec total\n|\n|t:|1783558440\n|move|p2a: Vaporeon|Scald|p1a: Magcargo\n|-resisted|p1a: Magcargo\n|-damage|p1a: Magcargo|115/268\n|-status|p1a: Magcargo|brn\n|move|p1a: Magcargo|Shell Smash|p1a: Magcargo\n|-unboost|p1a: Magcargo|def|1\n|-unboost|p1a: Magcargo|spd|1\n|-boost|p1a: Magcargo|atk|2\n|-boost|p1a: Magcargo|spa|2\n|-boost|p1a: Magcargo|spe|2\n|\n|-heal|p2a: Vaporeon|83/100|[from] item: Leftovers\n|-damage|p1a: Magcargo|99/268 brn|[from] brn\n|upkeep\n|turn|26\n|inactive|Time left: 300 sec this turn | 300 sec total\n|\n|t:|1783558442\n|move|p1a: Magcargo|Power Gem|p2a: Vaporeon\n|-damage|p2a: Vaporeon|33/100\n|move|p2a: Vaporeon|Scald|p1a: Magcargo\n|-resisted|p1a: Magcargo\n|-damage|p1a: Magcargo|29/268 brn\n|\n|-heal|p2a: Vaporeon|39/100|[from] item: Leftovers\n|-damage|p1a: Magcargo|13/268 brn|[from] brn\n|upkeep\n|turn|27\n|inactive|Time left: 300 sec this turn | 300 sec total\n|\n|t:|1783558443\n|move|p2a: Vaporeon|Protect|p2a: Vaporeon\n|-singleturn|p2a: Vaporeon|Protect\n|move|p1a: Magcargo|Fire Blast|p2a: Vaporeon\n|-activate|p2a: Vaporeon|move: Protect\n|\n|-heal|p2a: Vaporeon|45/100|[from] item: Leftovers\n|-damage|p1a: Magcargo|0 fnt|[from] brn\n|faint|p1a: Magcargo\n|upkeep\n|inactive|Time left: 300 sec this turn | 300 sec total | 5 sec grace\n|\n|t:|1783558444\n|switch|p1a: Staraptor|Staraptor, L79, F|248/263\n|turn|28\n|inactive|Time left: 300 sec this turn | 300 sec total\n|\n|t:|1783558445\n|switch|p2a: Magnezone|Magnezone, L85|95/100\n|move|p1a: Staraptor|Close Combat|p2a: Magnezone\n|-supereffective|p2a: Magnezone\n|-damage|p2a: Magnezone|16/100\n|-unboost|p1a: Staraptor|def|1\n|-unboost|p1a: Staraptor|spd|1\n|\n|-heal|p2a: Magnezone|23/100|[from] item: Leftovers\n|upkeep\n|turn|29\n|inactive|Time left: 300 sec this turn | 300 sec total\n|\n|t:|1783558446\n|switch|p2a: Suicune|Suicune, L82|4/100 psn\n|-ability|p2a: Suicune|Pressure\n|move|p1a: Staraptor|Close Combat|p2a: Suicune\n|-damage|p2a: Suicune|0 fnt\n|-unboost|p1a: Staraptor|def|1\n|-unboost|p1a: Staraptor|spd|1\n|faint|p2a: Suicune\n|\n|upkeep\n|\n|t:|1783558447\n|switch|p2a: Tropius|Tropius, L91, F, tera:Ground|51/100\n|turn|30\n|inactive|Time left: 300 sec this turn | 300 sec total\n|\n|t:|1783558448\n|move|p1a: Staraptor|Close Combat|p2a: Tropius\n|-damage|p2a: Tropius|11/100\n|-unboost|p1a: Staraptor|def|1\n|-unboost|p1a: Staraptor|spd|1\n|-enditem|p2a: Tropius|Sitrus Berry|[eat]\n|-heal|p2a: Tropius|36/100|[from] item: Sitrus Berry\n|move|p2a: Tropius|Synthesis|p2a: Tropius\n|-heal|p2a: Tropius|86/100\n|\n|upkeep\n|turn|31\n|inactive|Time left: 300 sec this turn | 300 sec total\n|\n|t:|1783558449\n|switch|p1a: Urshifu|Urshifu-Rapid-Strike, L75, M|134/274 brn\n|-damage|p1a: Urshifu|100/274 brn|[from] Spikes\n|move|p2a: Tropius|Dual Wingbeat|p1a: Urshifu\n|-supereffective|p1a: Urshifu\n|-crit|p1a: Urshifu\n|-damage|p1a: Urshifu|0 fnt\n|faint|p1a: Urshifu\n|-hitcount|p1: Urshifu|1\n|\n|upkeep\n|inactive|Time left: 300 sec this turn | 300 sec total | 5 sec grace\n|\n|t:|1783558450\n|switch|p1a: Staraptor|Staraptor, L79, F|248/263\n|turn|32\n|inactive|Time left: 300 sec this turn | 300 sec total\n|\n|t:|1783558451\n|move|p1a: Staraptor|Brave Bird|p2a: Tropius\n|-damage|p2a: Tropius|12/100\n|-damage|p1a: Staraptor|168/263|[from] Recoil\n|move|p2a: Tropius|Synthesis|p2a: Tropius\n|-heal|p2a: Tropius|62/100\n|\n|upkeep\n|turn|33\n|inactive|Time left: 300 sec this turn | 300 sec total\n|\n|t:|1783558452\n|switch|p2a: Klefki|Klefki, L84, F|100/100\n|move|p1a: Staraptor|Brave Bird|p2a: Klefki\n|-resisted|p2a: Klefki\n|-damage|p2a: Klefki|49/100\n|-damage|p1a: Staraptor|128/263|[from] Recoil\n|\n|-heal|p2a: Klefki|55/100|[from] item: Leftovers\n|upkeep\n|turn|34\n|inactive|Time left: 300 sec this turn | 300 sec total\n|\n|t:|1783558453\n|move|p2a: Klefki|Thunder Wave|p1a: Staraptor\n|-status|p1a: Staraptor|par\n|move|p1a: Staraptor|Brave Bird|p2a: Klefki\n|-resisted|p2a: Klefki\n|-damage|p2a: Klefki|6/100\n|-damage|p1a: Staraptor|91/263 par|[from] Recoil\n|\n|-heal|p2a: Klefki|12/100|[from] item: Leftovers\n|upkeep\n|turn|35\n|inactive|Time left: 300 sec this turn | 300 sec total\n|\n|t:|1783558454\n|move|p2a: Klefki|Play Rough|p1a: Staraptor\n|-damage|p1a: Staraptor|0 fnt\n|faint|p1a: Staraptor\n|\n|-heal|p2a: Klefki|18/100|[from] item: Leftovers\n|upkeep\n|inactive|Time left: 300 sec this turn | 300 sec total | 5 sec grace\n|\n|t:|1783558455\n|switch|p1a: Illumise|Illumise, L91, F|266/266\n|turn|36\n|inactive|Time left: 300 sec this turn | 300 sec total\n|\n|t:|1783558457\n|move|p2a: Klefki|Thunder Wave|p1a: Illumise\n|-status|p1a: Illumise|par\n|move|p1a: Illumise|Bug Buzz|p2a: Klefki\n|-resisted|p2a: Klefki\n|-damage|p2a: Klefki|8/100\n|\n|-heal|p2a: Klefki|14/100|[from] item: Leftovers\n|upkeep\n|turn|37\n|inactive|Time left: 300 sec this turn | 300 sec total\n|\n|t:|1783558458\n|switch|p2a: Tropius|Tropius, L91, F, tera:Ground|62/100\n|move|p1a: Illumise|Bug Buzz|p2a: Tropius\n|-damage|p2a: Tropius|35/100\n|\n|-item|p2a: Tropius|Sitrus Berry|[from] ability: Harvest\n|upkeep\n|-enditem|p2a: Tropius|Sitrus Berry|[eat]\n|-heal|p2a: Tropius|60/100|[from] item: Sitrus Berry\n|turn|38\n|inactive|Time left: 300 sec this turn | 300 sec total\n|\n|t:|1783558459\n|move|p2a: Tropius|Dual Wingbeat|p1a: Illumise\n|-supereffective|p1a: Illumise\n|-damage|p1a: Illumise|182/266 par\n|-supereffective|p1a: Illumise\n|-damage|p1a: Illumise|108/266 par\n|-hitcount|p1a: Illumise|2\n|cant|p1a: Illumise|par\n|\n|upkeep\n|turn|39\n|inactive|Time left: 300 sec this turn | 300 sec total\n|\n|t:|1783558460\n|move|p1a: Illumise|Roost|p1a: Illumise\n|-heal|p1a: Illumise|241/266 par\n|-singleturn|p1a: Illumise|move: Roost\n|move|p2a: Tropius|Dual Wingbeat|p1a: Illumise\n|-supereffective|p1a: Illumise\n|-damage|p1a: Illumise|157/266 par\n|-supereffective|p1a: Illumise\n|-damage|p1a: Illumise|83/266 par\n|-hitcount|p1a: Illumise|2\n|\n|-item|p2a: Tropius|Sitrus Berry|[from] ability: Harvest\n|upkeep\n|turn|40\n|inactive|Time left: 300 sec this turn | 300 sec total\n|\n|t:|1783558461\n|move|p1a: Illumise|Roost|p1a: Illumise\n|-heal|p1a: Illumise|216/266 par\n|-singleturn|p1a: Illumise|move: Roost\n|move|p2a: Tropius|Dual Wingbeat|p1a: Illumise\n|-supereffective|p1a: Illumise\n|-damage|p1a: Illumise|136/266 par\n|-supereffective|p1a: Illumise\n|-damage|p1a: Illumise|62/266 par\n|-hitcount|p1a: Illumise|2\n|\n|upkeep\n|turn|41\n|inactive|Time left: 300 sec this turn | 300 sec total\n|\n|t:|1783558461\n|move|p1a: Illumise|Roost|p1a: Illumise\n|-heal|p1a: Illumise|195/266 par\n|-singleturn|p1a: Illumise|move: Roost\n|move|p2a: Tropius|Dual Wingbeat|p1a: Illumise\n|-supereffective|p1a: Illumise\n|-damage|p1a: Illumise|109/266 par\n|-supereffective|p1a: Illumise\n|-damage|p1a: Illumise|29/266 par\n|-hitcount|p1a: Illumise|2\n|\n|upkeep\n|turn|42\n|inactive|Time left: 300 sec this turn | 300 sec total\n|\n|t:|1783558462\n|cant|p1a: Illumise|par\n|move|p2a: Tropius|Dual Wingbeat|p1a: Illumise\n|-supereffective|p1a: Illumise\n|-damage|p1a: Illumise|0 fnt\n|faint|p1a: Illumise\n|-hitcount|p1: Illumise|1\n|\n|win|p0y16554c53", "uploadtime": 1783558462, "views": 0, "rating": 0, "private": 0, "password": null, "_winner": "p0y16554c53", "_our_name": "p0x16554134"}