{"id": "battle-gen9randombattle-190", "formatid": "gen9randombattle", "format": "[Gen 9] Random Battle", "players": ["p0x1909e38", "p0y1901eb8"], "log": "|init|battle\n|title|p0x1909e38 vs. p0y1901eb8\n|j|\u2606p0x1909e38\n|j|\u2606p0y1901eb8\n|t:|1783541765\n|gametype|singles\n|player|p1|p0x1909e38|2|\n|player|p2|p0y1901eb8|1|\n|gen|9\n|tier|[Gen 9] Random Battle\n|rule|Species Clause: Limit one of each Pok\u00e9mon\n|rule|HP Percentage Mod: HP is shown in percentages\n|rule|Sleep Clause Mod: Limit one foe put to sleep\n|rule|Illusion Level Mod: Illusion disguises the Pok\u00e9mon's true level\n|\n|t:|1783541765\n|teamsize|p1|6\n|teamsize|p2|6\n|start\n|switch|p1a: Kyurem|Kyurem-White, L73|100/100\n|switch|p2a: Emboar|Emboar, L84, F|322/322\n|-ability|p1a: Kyurem|Turboblaze\n|turn|1\n|inactive|Battle timer is ON: inactive players will automatically lose when time's up. (requested by p0x1909e38)\n|inactive|Time left: 300 sec this turn | 300 sec total | 60 sec grace\n|inactive|p0y1901eb8 also wants the timer to be on.\n|\n|t:|1783541766\n|switch|p1a: Skeledirge|Skeledirge, L79, M|100/100\n|move|p2a: Emboar|Drain Punch|p1a: Skeledirge\n|-immune|p1a: Skeledirge\n|\n|upkeep\n|turn|2\n|inactive|Time left: 300 sec this turn | 300 sec total\n|\n|t:|1783541768\n|move|p2a: Emboar|Bulk Up|p2a: Emboar\n|-boost|p2a: Emboar|atk|1\n|-boost|p2a: Emboar|def|1\n|move|p1a: Skeledirge|Torch Song|p2a: Emboar\n|-resisted|p2a: Emboar\n|-crit|p2a: Emboar\n|-damage|p2a: Emboar|238/322\n|-boost|p1a: Skeledirge|spa|1\n|\n|-heal|p2a: Emboar|258/322|[from] item: Leftovers\n|upkeep\n|turn|3\n|inactive|Time left: 300 sec this turn | 300 sec total\n|\n|t:|1783541769\n|move|p2a: Emboar|Flare Blitz|p1a: Skeledirge\n|-resisted|p1a: Skeledirge\n|-damage|p1a: Skeledirge|69/100\n|-damage|p2a: Emboar|227/322|[from] Recoil\n|move|p1a: Skeledirge|Torch Song|p2a: Emboar\n|-resisted|p2a: Emboar\n|-damage|p2a: Emboar|149/322\n|-boost|p1a: Skeledirge|spa|1\n|\n|-heal|p2a: Emboar|169/322|[from] item: Leftovers\n|upkeep\n|turn|4\n|inactive|Time left: 300 sec this turn | 300 sec total\n|\n|t:|1783541770\n|move|p2a: Emboar|Flare Blitz|p1a: Skeledirge\n|-resisted|p1a: Skeledirge\n|-damage|p1a: Skeledirge|40/100\n|-damage|p2a: Emboar|141/322|[from] Recoil\n|move|p1a: Skeledirge|Torch Song|p2a: Emboar\n|-resisted|p2a: Emboar\n|-damage|p2a: Emboar|45/322\n|-boost|p1a: Skeledirge|spa|1\n|\n|-heal|p2a: Emboar|65/322|[from] item: Leftovers\n|upkeep\n|turn|5\n|inactive|Time left: 300 sec this turn | 300 sec total\n|\n|t:|1783541772\n|move|p2a: Emboar|Flare Blitz|p1a: Skeledirge\n|-resisted|p1a: Skeledirge\n|-damage|p1a: Skeledirge|10/100\n|-damage|p2a: Emboar|37/322|[from] Recoil\n|move|p1a: Skeledirge|Slack Off|p1a: Skeledirge\n|-heal|p1a: Skeledirge|60/100\n|\n|-heal|p2a: Emboar|57/322|[from] item: Leftovers\n|upkeep\n|turn|6\n|inactive|Time left: 300 sec this turn | 300 sec total\n|\n|t:|1783541773\n|move|p2a: Emboar|Flare Blitz|p1a: Skeledirge\n|-resisted|p1a: Skeledirge\n|-damage|p1a: Skeledirge|31/100\n|-damage|p2a: Emboar|28/322|[from] Recoil\n|move|p1a: Skeledirge|Flame Charge|p2a: Emboar\n|-resisted|p2a: Emboar\n|-damage|p2a: Emboar|4/322\n|-boost|p1a: Skeledirge|spe|1\n|\n|-heal|p2a: Emboar|24/322|[from] item: Leftovers\n|upkeep\n|turn|7\n|inactive|Time left: 300 sec this turn | 300 sec total\n|\n|t:|1783541774\n|move|p1a: Skeledirge|Slack Off|p1a: Skeledirge\n|-heal|p1a: Skeledirge|81/100\n|move|p2a: Emboar|Drain Punch|p1a: Skeledirge\n|-immune|p1a: Skeledirge\n|\n|-heal|p2a: Emboar|44/322|[from] item: Leftovers\n|upkeep\n|turn|8\n|inactive|Time left: 300 sec this turn | 300 sec total\n|\n|t:|1783541775\n|move|p1a: Skeledirge|Torch Song|p2a: Emboar\n|-resisted|p2a: Emboar\n|-damage|p2a: Emboar|0 fnt\n|-boost|p1a: Skeledirge|spa|1\n|faint|p2a: Emboar\n|\n|upkeep\n|inactive|Time left: 300 sec this turn | 300 sec total | 5 sec grace\n|\n|t:|1783541776\n|switch|p2a: Glaceon|Glaceon, L94, F|275/275\n|turn|9\n|inactive|Time left: 300 sec this turn | 300 sec total\n|\n|t:|1783541777\n|-terastallize|p2a: Glaceon|Ground\n|move|p1a: Skeledirge|Torch Song|p2a: Glaceon\n|-damage|p2a: Glaceon|74/275\n|-boost|p1a: Skeledirge|spa|1\n|move|p2a: Glaceon|Mud Shot|p1a: Skeledirge\n|-supereffective|p1a: Skeledirge\n|-damage|p1a: Skeledirge|0 fnt\n|faint|p1a: Skeledirge\n|\n|upkeep\n|\n|t:|1783541778\n|switch|p1a: Kyurem|Kyurem-White, L73|100/100\n|-ability|p1a: Kyurem|Turboblaze\n|turn|10\n|inactive|Time left: 300 sec this turn | 300 sec total\n|\n|t:|1783541780\n|switch|p2a: Glastrier|Glastrier, L86|312/312\n|move|p1a: Kyurem|Ice Beam|p2a: Glastrier\n|-resisted|p2a: Glastrier\n|-damage|p2a: Glastrier|262/312\n|\n|upkeep\n|turn|11\n|inactive|Time left: 300 sec this turn | 300 sec total\n|\n|t:|1783541781\n|switch|p1a: Falinks|Falinks, L84|100/100\n|move|p2a: Glastrier|Icicle Crash|p1a: Falinks\n|-damage|p1a: Falinks|54/100\n|\n|upkeep\n|turn|12\n|inactive|Time left: 300 sec this turn | 300 sec total\n|\n|t:|1783541782\n|move|p1a: Falinks|No Retreat|p1a: Falinks\n|-boost|p1a: Falinks|atk|1\n|-boost|p1a: Falinks|def|1\n|-boost|p1a: Falinks|spa|1\n|-boost|p1a: Falinks|spd|1\n|-boost|p1a: Falinks|spe|1\n|-start|p1a: Falinks|move: No Retreat\n|move|p2a: Glastrier|High Horsepower|p1a: Falinks\n|-damage|p1a: Falinks|30/100\n|\n|upkeep\n|turn|13\n|inactive|Time left: 300 sec this turn | 300 sec total\n|\n|t:|1783541783\n|switch|p2a: Glaceon|Glaceon, L94, F, tera:Ground|74/275\n|move|p1a: Falinks|Close Combat|p2a: Glaceon\n|-damage|p2a: Glaceon|0 fnt\n|-unboost|p1a: Falinks|def|1\n|-unboost|p1a: Falinks|spd|1\n|faint|p2a: Glaceon\n|-damage|p1a: Falinks|20/100|[from] item: Life Orb\n|\n|upkeep\n|inactive|Time left: 300 sec this turn | 300 sec total | 5 sec grace\n|\n|t:|1783541784\n|switch|p2a: Phione|Phione, L91|293/293\n|turn|14\n|inactive|Time left: 300 sec this turn | 300 sec total\n|\n|t:|1783541785\n|move|p1a: Falinks|Close Combat|p2a: Phione\n|-damage|p2a: Phione|58/293\n|-unboost|p1a: Falinks|def|1\n|-unboost|p1a: Falinks|spd|1\n|-damage|p1a: Falinks|10/100|[from] item: Life Orb\n|move|p2a: Phione|Scald|p1a: Falinks\n|-damage|p1a: Falinks|0 fnt\n|faint|p1a: Falinks\n|\n|-heal|p2a: Phione|76/293|[from] item: Leftovers\n|upkeep\n|\n|t:|1783541785\n|switch|p1a: Virizion|Virizion, L82|100/100\n|turn|15\n|inactive|Time left: 300 sec this turn | 300 sec total\n|\n|t:|1783541786\n|move|p1a: Virizion|Swords Dance|p1a: Virizion\n|-boost|p1a: Virizion|atk|2\n|move|p2a: Phione|Scald|p1a: Virizion\n|-resisted|p1a: Virizion\n|-damage|p1a: Virizion|88/100\n|-status|p1a: Virizion|brn\n|\n|-heal|p2a: Phione|94/293|[from] item: Leftovers\n|-damage|p1a: Virizion|82/100 brn|[from] brn\n|upkeep\n|turn|16\n|inactive|Time left: 300 sec this turn | 300 sec total\n|\n|t:|1783541787\n|switch|p2a: Uxie|Uxie, L83|260/260\n|move|p1a: Virizion|Leaf Blade|p2a: Uxie\n|-damage|p2a: Uxie|185/260\n|-damage|p1a: Virizion|73/100 brn|[from] item: Life Orb\n|\n|-heal|p2a: Uxie|201/260|[from] item: Leftovers\n|-damage|p1a: Virizion|67/100 brn|[from] brn\n|upkeep\n|turn|17\n|inactive|Time left: 300 sec this turn | 300 sec total\n|\n|t:|1783541787\n|move|p1a: Virizion|Leaf Blade|p2a: Uxie\n|-damage|p2a: Uxie|111/260\n|-damage|p1a: Virizion|57/100 brn|[from] item: Life Orb\n|move|p2a: Uxie|Psychic Noise|p1a: Virizion\n|-supereffective|p1a: Virizion\n|-damage|p1a: Virizion|22/100 brn\n|-start|p1a: Virizion|move: Heal Block\n|\n|-heal|p2a: Uxie|127/260|[from] item: Leftovers\n|-damage|p1a: Virizion|16/100 brn|[from] brn\n|upkeep\n|turn|18\n|inactive|Time left: 300 sec this turn | 300 sec total\n|\n|t:|1783541788\n|move|p1a: Virizion|Close Combat|p2a: Uxie\n|-resisted|p2a: Uxie\n|-damage|p2a: Uxie|76/260\n|-unboost|p1a: Virizion|def|1\n|-unboost|p1a: Virizion|spd|1\n|-damage|p1a: Virizion|6/100 brn|[from] item: Life Orb\n|move|p2a: Uxie|Knock Off|p1a: Virizion\n|-resisted|p1a: Virizion\n|-damage|p1a: Virizion|0 fnt\n|-enditem|p1a: Virizion|Life Orb|[from] move: Knock Off|[of] p2a: Uxie\n|faint|p1a: Virizion\n|\n|-heal|p2a: Uxie|92/260|[from] item: Leftovers\n|upkeep\n|\n|t:|1783541789\n|switch|p1a: Iron Treads|Iron Treads, L77|100/100\n|turn|19\n|inactive|Time left: 300 sec this turn | 300 sec total\n|\n|t:|1783541790\n|move|p1a: Iron Treads|Knock Off|p2a: Uxie\n|-supereffective|p2a: Uxie\n|-damage|p2a: Uxie|0 fnt\n|-enditem|p2a: Uxie|Leftovers|[from] move: Knock Off|[of] p1a: Iron Treads\n|faint|p2a: Uxie\n|\n|upkeep\n|inactive|Time left: 300 sec this turn | 300 sec total | 5 sec grace\n|\n|t:|1783541791\n|switch|p2a: Glastrier|Glastrier, L86|262/312\n|turn|20\n|inactive|Time left: 300 sec this turn | 300 sec total\n|\n|t:|1783541792\n|move|p1a: Iron Treads|Iron Head|p2a: Glastrier\n|-supereffective|p2a: Glastrier\n|-damage|p2a: Glastrier|146/312\n|move|p2a: Glastrier|Swords Dance|p2a: Glastrier\n|-boost|p2a: Glastrier|atk|2\n|\n|upkeep\n|turn|21\n|inactive|Time left: 300 sec this turn | 300 sec total\n|\n|t:|1783541793\n|-terastallize|p1a: Iron Treads|Water\n|move|p1a: Iron Treads|Iron Head|p2a: Glastrier\n|-supereffective|p2a: Glastrier\n|-damage|p2a: Glastrier|30/312\n|move|p2a: Glastrier|Close Combat|p1a: Iron Treads\n|-damage|p1a: Iron Treads|25/100\n|-unboost|p2a: Glastrier|def|1\n|-unboost|p2a: Glastrier|spd|1\n|\n|upkeep\n|turn|22\n|inactive|Time left: 300 sec this turn | 300 sec total\n|\n|t:|1783541794\n|move|p1a: Iron Treads|Earthquake|p2a: Glastrier\n|-damage|p2a: Glastrier|0 fnt\n|faint|p2a: Glastrier\n|\n|upkeep\n|inactive|Time left: 300 sec this turn | 300 sec total | 5 sec grace\n|\n|t:|1783541795\n|switch|p2a: Terapagos|Terapagos, L77, M|265/265\n|-activate|p2a: Terapagos|ability: Tera Shift\n|detailschange|p2a: Terapagos|Terapagos-Terastal, L77, M\n|-heal|p2a: Terapagos|273/273|[silent]\n|turn|23\n|inactive|Time left: 300 sec this turn | 300 sec total\n|\n|t:|1783541796\n|move|p1a: Iron Treads|Iron Head|p2a: Terapagos\n|-activate|p2a: Terapagos|ability: Tera Shell\n|-resisted|p2a: Terapagos\n|-damage|p2a: Terapagos|238/273\n|move|p2a: Terapagos|Rapid Spin|p1a: Iron Treads\n|-damage|p1a: Iron Treads|11/100\n|-boost|p2a: Terapagos|spe|1\n|\n|upkeep\n|turn|24\n|inactive|Time left: 300 sec this turn | 300 sec total\n|\n|t:|1783541797\n|-end|p1a: Iron Treads|Quark Drive|[silent]\n|switch|p1a: Camerupt|Camerupt, L91, M|100/100\n|move|p2a: Terapagos|Calm Mind|p2a: Terapagos\n|-boost|p2a: Terapagos|spa|1\n|-boost|p2a: Terapagos|spd|1\n|\n|upkeep\n|turn|25\n|inactive|Time left: 300 sec this turn | 300 sec total\n|\n|t:|1783541798\n|move|p2a: Terapagos|Tera Starstorm|p1a: Camerupt\n|-damage|p1a: Camerupt|38/100\n|move|p1a: Camerupt|Roar|p2a: Terapagos\n|drag|p2a: Phione|Phione, L91|94/293\n|\n|-heal|p2a: Phione|112/293|[from] item: Leftovers\n|-heal|p1a: Camerupt|44/100|[from] item: Leftovers\n|upkeep\n|turn|26\n|inactive|Time left: 300 sec this turn | 300 sec total\n|\n|t:|1783541799\n|switch|p1a: Kyurem|Kyurem-White, L73|100/100\n|-ability|p1a: Kyurem|Turboblaze\n|move|p2a: Phione|Scald|p1a: Kyurem\n|-resisted|p1a: Kyurem\n|-damage|p1a: Kyurem|86/100\n|\n|-heal|p2a: Phione|130/293|[from] item: Leftovers\n|upkeep\n|turn|27\n|inactive|Time left: 300 sec this turn | 300 sec total\n|\n|t:|1783541801\n|move|p1a: Kyurem|Freeze-Dry|p2a: Phione\n|-supereffective|p2a: Phione\n|-damage|p2a: Phione|0 fnt\n|faint|p2a: Phione\n|\n|upkeep\n|inactive|Time left: 300 sec this turn | 300 sec total | 5 sec grace\n|\n|t:|1783541802\n|switch|p2a: Terapagos|Terapagos-Terastal, L77, M|238/273\n|turn|28\n|inactive|Time left: 300 sec this turn | 300 sec total\n|\n|t:|1783541803\n|move|p1a: Kyurem|Freeze-Dry|p2a: Terapagos\n|-damage|p2a: Terapagos|156/273\n|move|p2a: Terapagos|Calm Mind|p2a: Terapagos\n|-boost|p2a: Terapagos|spa|1\n|-boost|p2a: Terapagos|spd|1\n|\n|upkeep\n|turn|29\n|inactive|Time left: 300 sec this turn | 300 sec total\n|\n|t:|1783541804\n|move|p1a: Kyurem|Freeze-Dry|p2a: Terapagos\n|-damage|p2a: Terapagos|99/273\n|move|p2a: Terapagos|Rapid Spin|p1a: Kyurem\n|-damage|p1a: Kyurem|68/100\n|-boost|p2a: Terapagos|spe|1\n|\n|upkeep\n|turn|30\n|inactive|Time left: 300 sec this turn | 300 sec total\n|\n|t:|1783541805\n|move|p1a: Kyurem|Freeze-Dry|p2a: Terapagos\n|-damage|p2a: Terapagos|47/273\n|move|p2a: Terapagos|Rapid Spin|p1a: Kyurem\n|-damage|p1a: Kyurem|53/100\n|-boost|p2a: Terapagos|spe|1\n|\n|upkeep\n|turn|31\n|inactive|Time left: 300 sec this turn | 300 sec total\n|\n|t:|1783541805\n|switch|p1a: Iron Treads|Iron Treads, L77, tera:Water|11/100\n|move|p2a: Terapagos|Tera Starstorm|p1a: Iron Treads\n|-damage|p1a: Iron Treads|0 fnt\n|faint|p1a: Iron Treads\n|-end|p1a: Iron Treads|Quark Drive|[silent]\n|\n|upkeep\n|\n|t:|1783541806\n|switch|p1a: Kyurem|Kyurem-White, L73|53/100\n|-ability|p1a: Kyurem|Turboblaze\n|turn|32\n|inactive|Time left: 300 sec this turn | 300 sec total\n|\n|t:|1783541807\n|move|p2a: Terapagos|Tera Starstorm|p1a: Kyurem\n|-damage|p1a: Kyurem|0 fnt\n|faint|p1a: Kyurem\n|\n|upkeep\n|\n|t:|1783541808\n|switch|p1a: Camerupt|Camerupt, L91, M|44/100\n|turn|33\n|inactive|Time left: 300 sec this turn | 300 sec total\n|\n|t:|1783541809\n|move|p2a: Terapagos|Tera Starstorm|p1a: Camerupt\n|-damage|p1a: Camerupt|0 fnt\n|faint|p1a: Camerupt\n|\n|win|p0y1901eb8", "uploadtime": 1783541809, "views": 0, "rating": 0, "private": 0, "password": null, "_winner": "p0y1901eb8", "_our_name": "p0y1901eb8"}