{"id": "battle-gen9randombattle-2779", "formatid": "gen9randombattle", "format": "[Gen 9] Random Battle", "players": ["p0x27793539", "p0y2779d623"], "log": "|init|battle\n|title|p0x27793539 vs. p0y2779d623\n|j|\u2606p0x27793539\n|j|\u2606p0y2779d623\n|t:|1783571006\n|gametype|singles\n|player|p1|p0x27793539|265|\n|player|p2|p0y2779d623|2|\n|gen|9\n|tier|[Gen 9] Random Battle\n|rule|Species Clause: Limit one of each Pok\u00e9mon\n|rule|HP Percentage Mod: HP is shown in percentages\n|rule|Sleep Clause Mod: Limit one foe put to sleep\n|rule|Illusion Level Mod: Illusion disguises the Pok\u00e9mon's true level\n|\n|t:|1783571006\n|teamsize|p1|6\n|teamsize|p2|6\n|start\n|switch|p1a: Dugtrio|Dugtrio-Alola, L84, F|196/196\n|switch|p2a: Hoopa|Hoopa, L85|100/100\n|turn|1\n|inactive|Battle timer is ON: inactive players will automatically lose when time's up. (requested by p0x27793539)\n|inactive|p0y2779d623 also wants the timer to be on.\n|\n|t:|1783571008\n|move|p1a: Dugtrio|Sucker Punch|p2a: Hoopa\n|-supereffective|p2a: Hoopa\n|-damage|p2a: Hoopa|0 fnt\n|faint|p2a: Hoopa\n|-damage|p1a: Dugtrio|177/196|[from] item: Life Orb\n|\n|upkeep\n|\n|t:|1783571009\n|switch|p2a: Probopass|Probopass, L91, F|100/100\n|turn|2\n|inactive|Time left: 300 sec this turn | 300 sec total\n|\n|t:|1783571010\n|-terastallize|p2a: Probopass|Fighting\n|move|p1a: Dugtrio|Earthquake|p2a: Probopass\n|-damage|p2a: Probopass|67/100\n|-damage|p1a: Dugtrio|158/196|[from] item: Life Orb\n|move|p2a: Probopass|Body Press|p1a: Dugtrio\n|-supereffective|p1a: Dugtrio\n|-damage|p1a: Dugtrio|0 fnt\n|-ability|p1a: Dugtrio|Tangling Hair\n|-unboost|p2a: Probopass|spe|1\n|faint|p1a: Dugtrio\n|\n|upkeep\n|inactive|Time left: 300 sec this turn | 300 sec total | 5 sec grace\n|\n|t:|1783571011\n|switch|p1a: Abomasnow|Abomasnow, L84, F|287/287\n|-weather|Snowscape|[from] ability: Snow Warning|[of] p1a: Abomasnow\n|turn|3\n|inactive|Time left: 300 sec this turn | 300 sec total\n|\n|t:|1783571012\n|move|p1a: Abomasnow|Aurora Veil|p1a: Abomasnow\n|-sidestart|p1: p0x27793539|move: Aurora Veil\n|move|p2a: Probopass|Body Press|p1a: Abomasnow\n|-supereffective|p1a: Abomasnow\n|-damage|p1a: Abomasnow|179/287\n|\n|-weather|Snowscape|[upkeep]\n|upkeep\n|turn|4\n|inactive|Time left: 300 sec this turn | 300 sec total\n|\n|t:|1783571013\n|switch|p1a: Galvantula|Galvantula, L82, F|249/249\n|move|p2a: Probopass|Iron Defense|p2a: Probopass\n|-boost|p2a: Probopass|def|2\n|\n|-weather|Snowscape|[upkeep]\n|upkeep\n|turn|5\n|inactive|Time left: 300 sec this turn | 300 sec total\n|\n|t:|1783571014\n|move|p1a: Galvantula|Sticky Web|p2a: Probopass\n|-sidestart|p2: p0y2779d623|move: Sticky Web\n|move|p2a: Probopass|Body Press|p1a: Galvantula\n|-resisted|p1a: Galvantula\n|-damage|p1a: Galvantula|157/249\n|\n|-weather|Snowscape|[upkeep]\n|upkeep\n|turn|6\n|inactive|Time left: 300 sec this turn | 300 sec total\n|\n|t:|1783571015\n|move|p1a: Galvantula|Thunder|p2a: Probopass\n|-damage|p2a: Probopass|42/100\n|-status|p2a: Probopass|par\n|move|p2a: Probopass|Body Press|p1a: Galvantula\n|-resisted|p1a: Galvantula\n|-damage|p1a: Galvantula|61/249\n|\n|-weather|Snowscape|[upkeep]\n|upkeep\n|turn|7\n|inactive|Time left: 300 sec this turn | 300 sec total\n|\n|t:|1783571016\n|move|p1a: Galvantula|Volt Switch|p2a: Probopass\n|-damage|p2a: Probopass|27/100 par\n|inactive|Time left: 300 sec this turn | 300 sec total | 5 sec grace\n|\n|t:|1783571017\n|switch|p1a: Azelf|Azelf, L82|257/257|[from] Volt Switch\n|move|p2a: Probopass|Rest|p2a: Probopass\n|-status|p2a: Probopass|slp|[from] move: Rest\n|-heal|p2a: Probopass|100/100 slp|[silent]\n|-enditem|p2a: Probopass|Chesto Berry|[eat]\n|-curestatus|p2a: Probopass|slp|[msg]\n|\n|-weather|none\n|upkeep\n|turn|8\n|inactive|Time left: 300 sec this turn | 300 sec total\n|\n|t:|1783571018\n|move|p1a: Azelf|Psyshock|p2a: Probopass\n|-supereffective|p2a: Probopass\n|-damage|p2a: Probopass|65/100\n|move|p2a: Probopass|Body Press|p1a: Azelf\n|-resisted|p1a: Azelf\n|-damage|p1a: Azelf|172/257\n|\n|upkeep\n|turn|9\n|inactive|Time left: 300 sec this turn | 300 sec total\n|\n|t:|1783571019\n|move|p1a: Azelf|Psyshock|p2a: Probopass\n|-supereffective|p2a: Probopass\n|-damage|p2a: Probopass|27/100\n|move|p2a: Probopass|Body Press|p1a: Azelf\n|-resisted|p1a: Azelf\n|-damage|p1a: Azelf|95/257\n|\n|upkeep\n|turn|10\n|inactive|Time left: 300 sec this turn | 300 sec total\n|\n|t:|1783571021\n|move|p1a: Azelf|Psyshock|p2a: Probopass\n|-supereffective|p2a: Probopass\n|-damage|p2a: Probopass|0 fnt\n|faint|p2a: Probopass\n|\n|-sideend|p1: p0x27793539|move: Aurora Veil\n|upkeep\n|\n|t:|1783571022\n|switch|p2a: Houndoom|Houndoom, L87, F|100/100\n|turn|11\n|inactive|Time left: 300 sec this turn | 300 sec total\n|\n|t:|1783571023\n|switch|p1a: Goodra|Goodra, L85, M|292/292\n|move|p2a: Houndoom|Sludge Bomb|p1a: Goodra\n|-damage|p1a: Goodra|259/292\n|\n|upkeep\n|turn|12\n|inactive|Time left: 300 sec this turn | 300 sec total\n|\n|t:|1783571024\n|move|p2a: Houndoom|Dark Pulse|p1a: Goodra\n|-damage|p1a: Goodra|216/292\n|move|p1a: Goodra|Dragon Tail|p2a: Houndoom\n|-damage|p2a: Houndoom|63/100\n|drag|p2a: Comfey|Comfey, L85, M|100/100\n|-activate|p2a: Comfey|move: Sticky Web\n|-unboost|p2a: Comfey|spe|1\n|\n|upkeep\n|turn|13\n|inactive|Time left: 300 sec this turn | 300 sec total\n|\n|t:|1783571026\n|move|p1a: Goodra|Sludge Bomb|p2a: Comfey\n|-supereffective|p2a: Comfey\n|-damage|p2a: Comfey|47/100\n|-status|p2a: Comfey|psn\n|move|p2a: Comfey|Calm Mind|p2a: Comfey\n|-boost|p2a: Comfey|spa|1\n|-boost|p2a: Comfey|spd|1\n|\n|-heal|p2a: Comfey|53/100 psn|[from] item: Leftovers\n|-damage|p2a: Comfey|41/100 psn|[from] psn\n|upkeep\n|turn|14\n|inactive|Time left: 300 sec this turn | 300 sec total\n|\n|t:|1783571027\n|move|p2a: Comfey|Draining Kiss|p1a: Goodra\n|-supereffective|p1a: Goodra\n|-damage|p1a: Goodra|154/292\n|-heal|p2a: Comfey|62/100 psn|[from] drain|[of] p1a: Goodra\n|move|p1a: Goodra|Sludge Bomb|p2a: Comfey\n|-supereffective|p2a: Comfey\n|-damage|p2a: Comfey|24/100 psn\n|\n|-heal|p2a: Comfey|30/100 psn|[from] item: Leftovers\n|-damage|p2a: Comfey|17/100 psn|[from] psn\n|upkeep\n|turn|15\n|inactive|Time left: 300 sec this turn | 300 sec total\n|\n|t:|1783571028\n|move|p2a: Comfey|Draining Kiss|p1a: Goodra\n|-supereffective|p1a: Goodra\n|-damage|p1a: Goodra|92/292\n|-heal|p2a: Comfey|38/100 psn|[from] drain|[of] p1a: Goodra\n|move|p1a: Goodra|Sludge Bomb|p2a: Comfey\n|-supereffective|p2a: Comfey\n|-damage|p2a: Comfey|4/100 psn\n|\n|-heal|p2a: Comfey|10/100 psn|[from] item: Leftovers\n|-damage|p2a: Comfey|0 fnt|[from] psn\n|faint|p2a: Comfey\n|upkeep\n|\n|t:|1783571029\n|switch|p2a: Florges|Florges, L85, F|100/100\n|-activate|p2a: Florges|move: Sticky Web\n|-unboost|p2a: Florges|spe|1\n|turn|16\n|inactive|Time left: 300 sec this turn | 300 sec total\n|\n|t:|1783571030\n|switch|p1a: Abomasnow|Abomasnow, L84, F|179/287\n|-weather|Snowscape|[from] ability: Snow Warning|[of] p1a: Abomasnow\n|move|p2a: Florges|Calm Mind|p2a: Florges\n|-boost|p2a: Florges|spa|1\n|-boost|p2a: Florges|spd|1\n|\n|-weather|Snowscape|[upkeep]\n|upkeep\n|turn|17\n|inactive|Time left: 300 sec this turn | 300 sec total\n|\n|t:|1783571031\n|move|p1a: Abomasnow|Aurora Veil|p1a: Abomasnow\n|-sidestart|p1: p0x27793539|move: Aurora Veil\n|move|p2a: Florges|Moonblast|p1a: Abomasnow\n|-damage|p1a: Abomasnow|86/287\n|\n|-weather|Snowscape|[upkeep]\n|upkeep\n|turn|18\n|inactive|Time left: 300 sec this turn | 300 sec total\n|\n|t:|1783571032\n|move|p1a: Abomasnow|Wood Hammer|p2a: Florges\n|-damage|p2a: Florges|48/100\n|-damage|p1a: Abomasnow|39/287|[from] Recoil\n|move|p2a: Florges|Moonblast|p1a: Abomasnow\n|-damage|p1a: Abomasnow|0 fnt\n|faint|p1a: Abomasnow\n|\n|-weather|Snowscape|[upkeep]\n|-heal|p2a: Florges|54/100|[from] item: Leftovers\n|upkeep\n|inactive|Time left: 300 sec this turn | 300 sec total | 5 sec grace\n|\n|t:|1783571033\n|switch|p1a: Azelf|Azelf, L82|95/257\n|turn|19\n|inactive|Time left: 300 sec this turn | 300 sec total\n|\n|t:|1783571034\n|move|p1a: Azelf|Psyshock|p2a: Florges\n|-damage|p2a: Florges|0 fnt\n|faint|p2a: Florges\n|\n|-weather|Snowscape|[upkeep]\n|upkeep\n|\n|t:|1783571035\n|switch|p2a: Houndoom|Houndoom, L87, F|63/100\n|turn|20\n|inactive|Time left: 300 sec this turn | 300 sec total\n|\n|t:|1783571036\n|switch|p1a: Palossand|Palossand, L89, F|296/296\n|move|p2a: Houndoom|Sludge Bomb|p1a: Palossand\n|-resisted|p1a: Palossand\n|-damage|p1a: Palossand|286/296\n|-status|p1a: Palossand|psn\n|\n|-weather|none\n|-heal|p1a: Palossand|296/296 psn|[from] item: Leftovers\n|-damage|p1a: Palossand|259/296 psn|[from] psn\n|upkeep\n|turn|21\n|inactive|Time left: 300 sec this turn | 300 sec total\n|\n|t:|1783571037\n|-terastallize|p1a: Palossand|Poison\n|move|p2a: Houndoom|Dark Pulse|p1a: Palossand\n|-damage|p1a: Palossand|202/296 psn\n|move|p1a: Palossand|Earth Power|p2a: Houndoom\n|-supereffective|p2a: Houndoom\n|-damage|p2a: Houndoom|0 fnt\n|faint|p2a: Houndoom\n|\n|-heal|p1a: Palossand|220/296 psn|[from] item: Leftovers\n|-damage|p1a: Palossand|183/296 psn|[from] psn\n|upkeep\n|\n|t:|1783571038\n|switch|p2a: Meloetta|Meloetta, L82|100/100\n|-activate|p2a: Meloetta|move: Sticky Web\n|-unboost|p2a: Meloetta|spe|1\n|turn|22\n|inactive|Time left: 300 sec this turn | 300 sec total\n|\n|t:|1783571039\n|move|p2a: Meloetta|Relic Song|p1a: Palossand\n|-damage|p1a: Palossand|120/296 psn\n|-formechange|p2a: Meloetta|Meloetta-Pirouette|[msg]\n|-damage|p2a: Meloetta|91/100|[from] item: Life Orb\n|move|p1a: Palossand|Earth Power|p2a: Meloetta\n|-crit|p2a: Meloetta\n|-damage|p2a: Meloetta|28/100\n|\n|-heal|p1a: Palossand|138/296 psn|[from] item: Leftovers\n|-damage|p1a: Palossand|101/296 psn|[from] psn\n|upkeep\n|turn|23\n|inactive|Time left: 300 sec this turn | 300 sec total\n|\n|t:|1783571040\n|move|p2a: Meloetta|Relic Song|p1a: Palossand\n|-damage|p1a: Palossand|58/296 psn\n|-formechange|p2a: Meloetta|Meloetta|[msg]\n|-damage|p2a: Meloetta|19/100|[from] item: Life Orb\n|move|p1a: Palossand|Earth Power|p2a: Meloetta\n|-damage|p2a: Meloetta|0 fnt\n|faint|p2a: Meloetta\n|\n|win|p0x27793539", "uploadtime": 1783571040, "views": 0, "rating": 0, "private": 0, "password": null, "_winner": "p0x27793539", "_our_name": "p0x27793539"}