{"id": "battle-gen9randombattle-224", "formatid": "gen9randombattle", "format": "[Gen 9] Random Battle", "players": ["p0x2242860", "p0y224176e"], "log": "|init|battle\n|title|p0x2242860 vs. p0y224176e\n|j|\u2606p0x2242860\n|j|\u2606p0y224176e\n|t:|1783542166\n|gametype|singles\n|player|p1|p0x2242860|169|\n|player|p2|p0y224176e|265|\n|gen|9\n|tier|[Gen 9] Random Battle\n|rule|Species Clause: Limit one of each Pok\u00e9mon\n|rule|HP Percentage Mod: HP is shown in percentages\n|rule|Sleep Clause Mod: Limit one foe put to sleep\n|rule|Illusion Level Mod: Illusion disguises the Pok\u00e9mon's true level\n|\n|t:|1783542166\n|teamsize|p1|6\n|teamsize|p2|6\n|start\n|switch|p1a: Electivire|Electivire, L84, M|263/263\n|switch|p2a: Mabosstiff|Mabosstiff, L86, M|100/100\n|turn|1\n|inactive|Battle timer is ON: inactive players will automatically lose when time's up. (requested by p0x2242860)\n|inactive|p0y224176e also wants the timer to be on.\n|\n|t:|1783542168\n|move|p1a: Electivire|Supercell Slam|p2a: Mabosstiff\n|-damage|p2a: Mabosstiff|56/100\n|move|p2a: Mabosstiff|Crunch|p1a: Electivire\n|-damage|p1a: Electivire|136/263\n|\n|upkeep\n|turn|2\n|inactive|Time left: 300 sec this turn | 300 sec total\n|\n|t:|1783542169\n|move|p1a: Electivire|Supercell Slam|p2a: Mabosstiff\n|-damage|p2a: Mabosstiff|15/100\n|move|p2a: Mabosstiff|Crunch|p1a: Electivire\n|-damage|p1a: Electivire|10/263\n|\n|upkeep\n|turn|3\n|inactive|Time left: 300 sec this turn | 300 sec total\n|\n|t:|1783542171\n|move|p1a: Electivire|Supercell Slam|p2a: Mabosstiff\n|-damage|p2a: Mabosstiff|0 fnt\n|faint|p2a: Mabosstiff\n|\n|upkeep\n|\n|t:|1783542172\n|switch|p2a: Sandaconda|Sandaconda, L84, M|100/100\n|turn|4\n|inactive|Time left: 300 sec this turn | 300 sec total\n|\n|t:|1783542173\n|switch|p1a: Torterra|Torterra, L78, M|276/276\n|move|p2a: Sandaconda|Coil|p2a: Sandaconda\n|-boost|p2a: Sandaconda|atk|1\n|-boost|p2a: Sandaconda|def|1\n|-boost|p2a: Sandaconda|accuracy|1\n|\n|upkeep\n|turn|5\n|inactive|Time left: 300 sec this turn | 300 sec total\n|\n|t:|1783542174\n|move|p2a: Sandaconda|Coil|p2a: Sandaconda\n|-boost|p2a: Sandaconda|atk|1\n|-boost|p2a: Sandaconda|def|1\n|-boost|p2a: Sandaconda|accuracy|1\n|move|p1a: Torterra|Shell Smash|p1a: Torterra\n|-unboost|p1a: Torterra|def|1\n|-unboost|p1a: Torterra|spd|1\n|-boost|p1a: Torterra|atk|2\n|-boost|p1a: Torterra|spa|2\n|-boost|p1a: Torterra|spe|2\n|\n|upkeep\n|turn|6\n|inactive|Time left: 300 sec this turn | 300 sec total\n|\n|t:|1783542175\n|-terastallize|p2a: Sandaconda|Dragon\n|move|p1a: Torterra|Bullet Seed|p2a: Sandaconda\n|-resisted|p2a: Sandaconda\n|-damage|p2a: Sandaconda|97/100\n|-resisted|p2a: Sandaconda\n|-damage|p2a: Sandaconda|93/100\n|-resisted|p2a: Sandaconda\n|-damage|p2a: Sandaconda|89/100\n|-resisted|p2a: Sandaconda\n|-damage|p2a: Sandaconda|85/100\n|-resisted|p2a: Sandaconda\n|-damage|p2a: Sandaconda|82/100\n|-hitcount|p2a: Sandaconda|5\n|move|p2a: Sandaconda|Scale Shot|p1a: Torterra\n|-damage|p1a: Torterra|201/276\n|-damage|p1a: Torterra|120/276\n|-damage|p1a: Torterra|38/276\n|-damage|p1a: Torterra|0 fnt\n|faint|p1a: Torterra\n|-hitcount|p1: Torterra|4\n|-unboost|p2a: Sandaconda|def|1\n|-boost|p2a: Sandaconda|spe|1\n|\n|upkeep\n|inactive|Time left: 300 sec this turn | 300 sec total | 5 sec grace\n|\n|t:|1783542176\n|switch|p1a: Giratina|Giratina-Origin, L72|335/335\n|turn|7\n|inactive|Time left: 300 sec this turn | 300 sec total\n|\n|t:|1783542177\n|-terastallize|p1a: Giratina|Ghost\n|move|p2a: Sandaconda|Scale Shot|p1a: Giratina\n|-damage|p1a: Giratina|272/335\n|-damage|p1a: Giratina|215/335\n|-damage|p1a: Giratina|155/335\n|-damage|p1a: Giratina|98/335\n|-hitcount|p1a: Giratina|4\n|-unboost|p2a: Sandaconda|def|1\n|-boost|p2a: Sandaconda|spe|1\n|move|p1a: Giratina|Draco Meteor|p2a: Sandaconda\n|-supereffective|p2a: Sandaconda\n|-damage|p2a: Sandaconda|0 fnt\n|-unboost|p1a: Giratina|spa|2\n|faint|p2a: Sandaconda\n|\n|upkeep\n|\n|t:|1783542177\n|switch|p2a: Brambleghast|Brambleghast, L88, M|100/100\n|turn|8\n|inactive|Time left: 300 sec this turn | 300 sec total\n|\n|t:|1783542178\n|switch|p1a: Arcanine|Arcanine, L84, M|288/288\n|-ability|p1a: Arcanine|Intimidate|boost\n|-unboost|p2a: Brambleghast|atk|1\n|move|p2a: Brambleghast|Poltergeist|p1a: Arcanine\n|-activate|p1a: Arcanine|move: Poltergeist|Heavy-Duty Boots\n|-damage|p1a: Arcanine|189/288\n|\n|upkeep\n|turn|9\n|inactive|Time left: 300 sec this turn | 300 sec total\n|\n|t:|1783542179\n|switch|p2a: Slowking|Slowking, L88, F|100/100\n|move|p1a: Arcanine|Flare Blitz|p2a: Slowking\n|-resisted|p2a: Slowking\n|-damage|p2a: Slowking|78/100\n|-damage|p1a: Arcanine|166/288|[from] Recoil\n|\n|upkeep\n|turn|10\n|inactive|Time left: 300 sec this turn | 300 sec total\n|\n|t:|1783542179\n|switch|p1a: Electivire|Electivire, L84, M|10/263\n|move|p2a: Slowking|Scald|p1a: Electivire\n|-damage|p1a: Electivire|0 fnt\n|faint|p1a: Electivire\n|\n|upkeep\n|inactive|Time left: 300 sec this turn | 300 sec total | 5 sec grace\n|\n|t:|1783542180\n|switch|p1a: Decidueye|Decidueye, L88, F|281/281\n|turn|11\n|inactive|Time left: 300 sec this turn | 300 sec total\n|\n|t:|1783542181\n|switch|p2a: Dunsparce|Dunsparce, L86, M|100/100\n|move|p1a: Decidueye|Spirit Shackle|p2a: Dunsparce\n|-immune|p2a: Dunsparce\n|\n|upkeep\n|turn|12\n|inactive|Time left: 300 sec this turn | 300 sec total\n|\n|t:|1783542182\n|move|p1a: Decidueye|Knock Off|p2a: Dunsparce\n|-damage|p2a: Dunsparce|81/100\n|-enditem|p2a: Dunsparce|Eviolite|[from] move: Knock Off|[of] p1a: Decidueye\n|move|p2a: Dunsparce|Coil|p2a: Dunsparce\n|-boost|p2a: Dunsparce|atk|1\n|-boost|p2a: Dunsparce|def|1\n|-boost|p2a: Dunsparce|accuracy|1\n|\n|upkeep\n|turn|13\n|inactive|Time left: 300 sec this turn | 300 sec total\n|\n|t:|1783542183\n|move|p1a: Decidueye|Leaf Storm|p2a: Dunsparce\n|-damage|p2a: Dunsparce|17/100\n|-unboost|p1a: Decidueye|spa|2\n|move|p2a: Dunsparce|Roost|p2a: Dunsparce\n|-heal|p2a: Dunsparce|67/100\n|-singleturn|p2a: Dunsparce|move: Roost\n|\n|upkeep\n|turn|14\n|inactive|Time left: 300 sec this turn | 300 sec total\n|\n|t:|1783542184\n|move|p1a: Decidueye|U-turn|p2a: Dunsparce\n|-damage|p2a: Dunsparce|51/100\n|inactive|Time left: 300 sec this turn | 300 sec total | 5 sec grace\n|\n|t:|1783542184\n|switch|p1a: Giratina|Giratina-Origin, L72, tera:Ghost|98/335|[from] U-turn\n|move|p2a: Dunsparce|Roost|p2a: Dunsparce\n|-heal|p2a: Dunsparce|100/100\n|-singleturn|p2a: Dunsparce|move: Roost\n|\n|upkeep\n|turn|15\n|inactive|Time left: 300 sec this turn | 300 sec total\n|\n|t:|1783542186\n|move|p2a: Dunsparce|Coil|p2a: Dunsparce\n|-boost|p2a: Dunsparce|atk|1\n|-boost|p2a: Dunsparce|def|1\n|-boost|p2a: Dunsparce|accuracy|1\n|move|p1a: Giratina|Dragon Tail|p2a: Dunsparce\n|-crit|p2a: Dunsparce\n|-damage|p2a: Dunsparce|65/100\n|drag|p2a: Alomomola|Alomomola, L87, M|100/100\n|\n|upkeep\n|turn|16\n|inactive|Time left: 300 sec this turn | 300 sec total\n|\n|t:|1783542187\n|move|p1a: Giratina|Poltergeist|p2a: Alomomola\n|-activate|p2a: Alomomola|move: Poltergeist|Heavy-Duty Boots\n|-damage|p2a: Alomomola|61/100\n|move|p2a: Alomomola|Scald|p1a: Giratina\n|-damage|p1a: Giratina|43/335\n|\n|upkeep\n|turn|17\n|inactive|Time left: 300 sec this turn | 300 sec total\n|\n|t:|1783542188\n|move|p1a: Giratina|Poltergeist|p2a: Alomomola\n|-activate|p2a: Alomomola|move: Poltergeist|Heavy-Duty Boots\n|-damage|p2a: Alomomola|18/100\n|move|p2a: Alomomola|Flip Turn|p1a: Giratina\n|-damage|p1a: Giratina|0 fnt\n|faint|p1a: Giratina\n|\n|t:|1783542189\n|switch|p2a: Dunsparce|Dunsparce, L86, M|65/100|[from] Flip Turn\n|\n|upkeep\n|inactive|Time left: 300 sec this turn | 300 sec total | 10 sec grace\n|\n|t:|1783542190\n|switch|p1a: Delphox|Delphox, L84, F|263/263\n|turn|18\n|inactive|Time left: 300 sec this turn | 300 sec total\n|\n|t:|1783542191\n|switch|p2a: Slowking|Slowking, L88, F|100/100\n|move|p1a: Delphox|Nasty Plot|p1a: Delphox\n|-boost|p1a: Delphox|spa|2\n|\n|upkeep\n|turn|19\n|inactive|Time left: 300 sec this turn | 300 sec total\n|\n|t:|1783542192\n|move|p1a: Delphox|Psyshock|p2a: Slowking\n|-resisted|p2a: Slowking\n|-damage|p2a: Slowking|69/100\n|move|p2a: Slowking|Scald|p1a: Delphox\n|-supereffective|p1a: Delphox\n|-damage|p1a: Delphox|87/263\n|\n|upkeep\n|turn|20\n|inactive|Time left: 300 sec this turn | 300 sec total\n|\n|t:|1783542193\n|move|p1a: Delphox|Fire Blast|p2a: Slowking\n|-resisted|p2a: Slowking\n|-damage|p2a: Slowking|20/100\n|move|p2a: Slowking|Scald|p1a: Delphox\n|-supereffective|p1a: Delphox\n|-damage|p1a: Delphox|0 fnt\n|faint|p1a: Delphox\n|\n|upkeep\n|inactive|Time left: 300 sec this turn | 300 sec total | 5 sec grace\n|\n|t:|1783542194\n|switch|p1a: Decidueye|Decidueye, L88, F|281/281\n|turn|21\n|inactive|Time left: 300 sec this turn | 300 sec total\n|\n|t:|1783542195\n|switch|p2a: Dunsparce|Dunsparce, L86, M|65/100\n|move|p1a: Decidueye|Knock Off|p2a: Dunsparce\n|-damage|p2a: Dunsparce|46/100\n|\n|upkeep\n|turn|22\n|inactive|Time left: 300 sec this turn | 300 sec total\n|\n|t:|1783542197\n|move|p1a: Decidueye|Leaf Storm|p2a: Dunsparce\n|-damage|p2a: Dunsparce|0 fnt\n|-unboost|p1a: Decidueye|spa|2\n|faint|p2a: Dunsparce\n|\n|upkeep\n|\n|t:|1783542198\n|switch|p2a: Brambleghast|Brambleghast, L88, M|100/100\n|turn|23\n|inactive|Time left: 300 sec this turn | 300 sec total\n|\n|t:|1783542199\n|switch|p1a: Arcanine|Arcanine, L84, M|166/288\n|-ability|p1a: Arcanine|Intimidate|boost\n|-unboost|p2a: Brambleghast|atk|1\n|move|p2a: Brambleghast|Poltergeist|p1a: Arcanine|[miss]\n|-miss|p2a: Brambleghast|p1a: Arcanine\n|\n|upkeep\n|turn|24\n|inactive|Time left: 300 sec this turn | 300 sec total\n|\n|t:|1783542200\n|switch|p2a: Slowking|Slowking, L88, F|53/100\n|move|p1a: Arcanine|Flare Blitz|p2a: Slowking\n|-resisted|p2a: Slowking\n|-damage|p2a: Slowking|30/100\n|-damage|p1a: Arcanine|143/288|[from] Recoil\n|\n|upkeep\n|turn|25\n|inactive|Time left: 300 sec this turn | 300 sec total\n|\n|t:|1783542201\n|move|p1a: Arcanine|Morning Sun|p1a: Arcanine\n|-heal|p1a: Arcanine|287/288\n|move|p2a: Slowking|Slack Off|p2a: Slowking\n|-heal|p2a: Slowking|80/100\n|\n|upkeep\n|turn|26\n|inactive|Time left: 300 sec this turn | 300 sec total\n|\n|t:|1783542202\n|switch|p1a: Decidueye|Decidueye, L88, F|281/281\n|-prepare|p2a: Slowking|Chilly Reception|[premajor]\n|move|p2a: Slowking|Chilly Reception|p2a: Slowking\n|-weather|Snowscape\n|\n|t:|1783542203\n|switch|p2a: Brambleghast|Brambleghast, L88, M|100/100|[from] Chilly Reception\n|\n|-weather|Snowscape|[upkeep]\n|upkeep\n|turn|27\n|inactive|Time left: 300 sec this turn | 300 sec total\n|\n|t:|1783542204\n|switch|p1a: Arcanine|Arcanine, L84, M|287/288\n|-ability|p1a: Arcanine|Intimidate|boost\n|-unboost|p2a: Brambleghast|atk|1\n|move|p2a: Brambleghast|Poltergeist|p1a: Arcanine\n|-activate|p1a: Arcanine|move: Poltergeist|Heavy-Duty Boots\n|-damage|p1a: Arcanine|184/288\n|\n|-weather|Snowscape|[upkeep]\n|upkeep\n|turn|28\n|inactive|Time left: 300 sec this turn | 300 sec total\n|\n|t:|1783542205\n|switch|p2a: Alomomola|Alomomola, L87, M|51/100\n|switch|p1a: Decidueye|Decidueye, L88, F|281/281\n|\n|-weather|Snowscape|[upkeep]\n|upkeep\n|turn|29\n|inactive|Time left: 300 sec this turn | 300 sec total\n|\n|t:|1783542206\n|switch|p2a: Brambleghast|Brambleghast, L88, M|100/100\n|move|p1a: Decidueye|Leaf Storm|p2a: Brambleghast\n|-resisted|p2a: Brambleghast\n|-damage|p2a: Brambleghast|65/100\n|-unboost|p1a: Decidueye|spa|2\n|\n|-weather|Snowscape|[upkeep]\n|-heal|p2a: Brambleghast|72/100|[from] item: Leftovers\n|upkeep\n|turn|30\n|inactive|Time left: 300 sec this turn | 300 sec total\n|\n|t:|1783542207\n|switch|p1a: Arcanine|Arcanine, L84, M|184/288\n|-ability|p1a: Arcanine|Intimidate|boost\n|-unboost|p2a: Brambleghast|atk|1\n|move|p2a: Brambleghast|Poltergeist|p1a: Arcanine\n|-activate|p1a: Arcanine|move: Poltergeist|Heavy-Duty Boots\n|-damage|p1a: Arcanine|87/288\n|\n|-weather|none\n|-heal|p2a: Brambleghast|78/100|[from] item: Leftovers\n|upkeep\n|turn|31\n|inactive|Time left: 300 sec this turn | 300 sec total\n|\n|t:|1783542209\n|move|p2a: Brambleghast|Poltergeist|p1a: Arcanine\n|-activate|p1a: Arcanine|move: Poltergeist|Heavy-Duty Boots\n|-damage|p1a: Arcanine|0 fnt\n|faint|p1a: Arcanine\n|\n|-heal|p2a: Brambleghast|84/100|[from] item: Leftovers\n|upkeep\n|inactive|Time left: 300 sec this turn | 300 sec total | 5 sec grace\n|\n|t:|1783542210\n|switch|p1a: Decidueye|Decidueye, L88, F|281/281\n|turn|32\n|inactive|Time left: 300 sec this turn | 300 sec total\n|\n|t:|1783542211\n|move|p2a: Brambleghast|Strength Sap|p1a: Decidueye\n|-unboost|p1a: Decidueye|atk|1\n|-heal|p2a: Brambleghast|100/100\n|move|p1a: Decidueye|Spirit Shackle|p2a: Brambleghast\n|-supereffective|p2a: Brambleghast\n|-damage|p2a: Brambleghast|38/100\n|\n|-heal|p2a: Brambleghast|44/100|[from] item: Leftovers\n|upkeep\n|turn|33\n|inactive|Time left: 300 sec this turn | 300 sec total\n|\n|t:|1783542212\n|move|p2a: Brambleghast|Strength Sap|p1a: Decidueye\n|-unboost|p1a: Decidueye|atk|1\n|-heal|p2a: Brambleghast|100/100\n|move|p1a: Decidueye|Spirit Shackle|p2a: Brambleghast\n|-supereffective|p2a: Brambleghast\n|-damage|p2a: Brambleghast|53/100\n|\n|-heal|p2a: Brambleghast|59/100|[from] item: Leftovers\n|upkeep\n|turn|34\n|inactive|Time left: 300 sec this turn | 300 sec total\n|\n|t:|1783542213\n|move|p2a: Brambleghast|Poltergeist|p1a: Decidueye|[miss]\n|-miss|p2a: Brambleghast|p1a: Decidueye\n|move|p1a: Decidueye|Spirit Shackle|p2a: Brambleghast\n|-supereffective|p2a: Brambleghast\n|-damage|p2a: Brambleghast|7/100\n|\n|-heal|p2a: Brambleghast|13/100|[from] item: Leftovers\n|upkeep\n|turn|35\n|inactive|Time left: 300 sec this turn | 300 sec total\n|\n|t:|1783542214\n|move|p2a: Brambleghast|Strength Sap|p1a: Decidueye\n|-unboost|p1a: Decidueye|atk|1\n|-heal|p2a: Brambleghast|63/100\n|move|p1a: Decidueye|Spirit Shackle|p2a: Brambleghast\n|-supereffective|p2a: Brambleghast\n|-damage|p2a: Brambleghast|22/100\n|\n|-heal|p2a: Brambleghast|28/100|[from] item: Leftovers\n|upkeep\n|turn|36\n|inactive|Time left: 300 sec this turn | 300 sec total\n|\n|t:|1783542215\n|move|p2a: Brambleghast|Strength Sap|p1a: Decidueye\n|-unboost|p1a: Decidueye|atk|1\n|-heal|p2a: Brambleghast|68/100\n|move|p1a: Decidueye|Knock Off|p2a: Brambleghast\n|-supereffective|p2a: Brambleghast\n|-damage|p2a: Brambleghast|40/100\n|-enditem|p2a: Brambleghast|Leftovers|[from] move: Knock Off|[of] p1a: Decidueye\n|\n|upkeep\n|turn|37\n|inactive|Time left: 300 sec this turn | 300 sec total\n|\n|t:|1783542216\n|move|p2a: Brambleghast|Poltergeist|p1a: Decidueye\n|-activate|p1a: Decidueye|move: Poltergeist|Assault Vest\n|-supereffective|p1a: Decidueye\n|-damage|p1a: Decidueye|75/281\n|move|p1a: Decidueye|Knock Off|p2a: Brambleghast\n|-supereffective|p2a: Brambleghast\n|-damage|p2a: Brambleghast|23/100\n|\n|upkeep\n|turn|38\n|inactive|Time left: 300 sec this turn | 300 sec total\n|\n|t:|1783542216\n|move|p2a: Brambleghast|Poltergeist|p1a: Decidueye\n|-activate|p1a: Decidueye|move: Poltergeist|Assault Vest\n|-supereffective|p1a: Decidueye\n|-damage|p1a: Decidueye|0 fnt\n|faint|p1a: Decidueye\n|\n|win|p0y224176e", "uploadtime": 1783542216, "views": 0, "rating": 0, "private": 0, "password": null, "_winner": "p0y224176e", "_our_name": "p0x2242860"}