{"id": "battle-gen9randombattle-1670", "formatid": "gen9randombattle", "format": "[Gen 9] Random Battle", "players": ["p0x16709b3c", "p0y16702757"], "log": "|init|battle\n|title|p0x16709b3c vs. p0y16702757\n|j|\u2606p0x16709b3c\n|j|\u2606p0y16702757\n|t:|1783559378\n|gametype|singles\n|player|p1|p0x16709b3c|102|\n|player|p2|p0y16702757|102|\n|gen|9\n|tier|[Gen 9] Random Battle\n|rule|Species Clause: Limit one of each Pok\u00e9mon\n|rule|HP Percentage Mod: HP is shown in percentages\n|rule|Sleep Clause Mod: Limit one foe put to sleep\n|rule|Illusion Level Mod: Illusion disguises the Pok\u00e9mon's true level\n|\n|t:|1783559378\n|teamsize|p1|6\n|teamsize|p2|6\n|start\n|switch|p1a: Regice|Regice, L88|100/100\n|switch|p2a: Great Tusk|Great Tusk, L77|304/304\n|turn|1\n|inactive|Battle timer is ON: inactive players will automatically lose when time's up. (requested by p0y16702757)\n|inactive|p0x16709b3c also wants the timer to be on.\n|\n|t:|1783559380\n|-end|p2a: Great Tusk|Protosynthesis|[silent]\n|switch|p2a: Pachirisu|Pachirisu, L96, M|271/271\n|move|p1a: Regice|Ice Beam|p2a: Pachirisu\n|-damage|p2a: Pachirisu|205/271\n|\n|upkeep\n|turn|2\n|inactive|Time left: 300 sec this turn | 300 sec total\n|\n|t:|1783559381\n|move|p2a: Pachirisu|Super Fang|p1a: Regice\n|-damage|p1a: Regice|50/100\n|move|p1a: Regice|Ice Beam|p2a: Pachirisu\n|-damage|p2a: Pachirisu|139/271\n|\n|upkeep\n|turn|3\n|inactive|Time left: 300 sec this turn | 300 sec total\n|\n|t:|1783559382\n|move|p2a: Pachirisu|Nuzzle|p1a: Regice\n|-damage|p1a: Regice|46/100\n|-status|p1a: Regice|par\n|move|p1a: Regice|Ice Beam|p2a: Pachirisu\n|-damage|p2a: Pachirisu|75/271\n|\n|upkeep\n|turn|4\n|inactive|Time left: 300 sec this turn | 300 sec total\n|\n|t:|1783559383\n|move|p2a: Pachirisu|Super Fang|p1a: Regice\n|-damage|p1a: Regice|23/100 par\n|move|p1a: Regice|Ice Beam|p2a: Pachirisu\n|-damage|p2a: Pachirisu|15/271\n|\n|upkeep\n|turn|5\n|inactive|Time left: 300 sec this turn | 300 sec total\n|\n|t:|1783559384\n|switch|p2a: Chandelure|Chandelure, L83, M|235/235\n|cant|p1a: Regice|par\n|\n|upkeep\n|turn|6\n|inactive|Time left: 300 sec this turn | 300 sec total\n|\n|t:|1783559385\n|move|p2a: Chandelure|Fire Blast|p1a: Regice\n|-supereffective|p1a: Regice\n|-damage|p1a: Regice|0 fnt\n|faint|p1a: Regice\n|\n|upkeep\n|\n|t:|1783559385\n|switch|p1a: Flapple|Flapple, L88, M|100/100\n|turn|7\n|inactive|Time left: 300 sec this turn | 300 sec total\n|\n|t:|1783559386\n|move|p2a: Chandelure|Fire Blast|p1a: Flapple\n|-damage|p1a: Flapple|28/100\n|move|p1a: Flapple|Outrage|p2a: Chandelure\n|-damage|p2a: Chandelure|0 fnt\n|faint|p2a: Chandelure\n|\n|upkeep\n|inactive|Time left: 300 sec this turn | 300 sec total | 5 sec grace\n|\n|t:|1783559387\n|switch|p2a: Great Tusk|Great Tusk, L77|304/304\n|turn|8\n|inactive|Time left: 300 sec this turn | 300 sec total\n|\n|t:|1783559388\n|move|p2a: Great Tusk|Bulk Up|p2a: Great Tusk\n|-boost|p2a: Great Tusk|atk|1\n|-boost|p2a: Great Tusk|def|1\n|move|p1a: Flapple|Outrage|p2a: Great Tusk|[from] lockedmove\n|-damage|p2a: Great Tusk|135/304\n|\n|-heal|p2a: Great Tusk|154/304|[from] item: Leftovers\n|upkeep\n|turn|9\n|inactive|Time left: 300 sec this turn | 300 sec total\n|\n|t:|1783559389\n|move|p2a: Great Tusk|Bulk Up|p2a: Great Tusk\n|-boost|p2a: Great Tusk|atk|1\n|-boost|p2a: Great Tusk|def|1\n|move|p1a: Flapple|Outrage|p2a: Great Tusk|[from] lockedmove\n|-damage|p2a: Great Tusk|3/304\n|-start|p1a: Flapple|confusion|[fatigue]\n|\n|-heal|p2a: Great Tusk|22/304|[from] item: Leftovers\n|upkeep\n|turn|10\n|inactive|Time left: 300 sec this turn | 300 sec total\n|\n|t:|1783559390\n|switch|p1a: Zapdos|Zapdos-Galar, L77|100/100\n|move|p2a: Great Tusk|Rapid Spin|p1a: Zapdos\n|-damage|p1a: Zapdos|71/100\n|-boost|p2a: Great Tusk|spe|1\n|\n|-heal|p2a: Great Tusk|41/304|[from] item: Leftovers\n|upkeep\n|turn|11\n|inactive|Time left: 300 sec this turn | 300 sec total\n|\n|t:|1783559391\n|move|p1a: Zapdos|Close Combat|p2a: Great Tusk\n|-damage|p2a: Great Tusk|0 fnt\n|-unboost|p1a: Zapdos|def|1\n|-unboost|p1a: Zapdos|spd|1\n|faint|p2a: Great Tusk\n|-end|p2a: Great Tusk|Protosynthesis|[silent]\n|\n|upkeep\n|inactive|Time left: 300 sec this turn | 300 sec total | 5 sec grace\n|\n|t:|1783559392\n|switch|p2a: Metagross|Metagross, L79|256/256\n|turn|12\n|inactive|Time left: 300 sec this turn | 300 sec total\n|\n|t:|1783559393\n|switch|p1a: Hippowdon|Hippowdon, L82, F|100/100\n|-weather|Sandstorm|[from] ability: Sand Stream|[of] p1a: Hippowdon\n|move|p2a: Metagross|Knock Off|p1a: Hippowdon\n|-damage|p1a: Hippowdon|78/100\n|-damage|p2a: Metagross|214/256|[from] item: Rocky Helmet|[of] p1a: Hippowdon\n|-enditem|p1a: Hippowdon|Rocky Helmet|[from] move: Knock Off|[of] p2a: Metagross\n|\n|-weather|Sandstorm|[upkeep]\n|-heal|p2a: Metagross|230/256|[from] item: Leftovers\n|upkeep\n|turn|13\n|inactive|Time left: 300 sec this turn | 300 sec total\n|\n|t:|1783559394\n|move|p2a: Metagross|Stealth Rock|p1a: Hippowdon\n|-sidestart|p1: p0x16709b3c|move: Stealth Rock\n|move|p1a: Hippowdon|Earthquake|p2a: Metagross\n|-supereffective|p2a: Metagross\n|-damage|p2a: Metagross|44/256\n|\n|-weather|Sandstorm|[upkeep]\n|-heal|p2a: Metagross|60/256|[from] item: Leftovers\n|upkeep\n|turn|14\n|inactive|Time left: 300 sec this turn | 300 sec total\n|\n|t:|1783559395\n|switch|p2a: Exeggutor|Exeggutor-Alola, L89, F|314/314\n|move|p1a: Hippowdon|Earthquake|p2a: Exeggutor\n|-resisted|p2a: Exeggutor\n|-damage|p2a: Exeggutor|256/314\n|\n|-weather|Sandstorm|[upkeep]\n|-damage|p2a: Exeggutor|237/314|[from] Sandstorm\n|upkeep\n|turn|15\n|inactive|Time left: 300 sec this turn | 300 sec total\n|\n|t:|1783559396\n|switch|p1a: Grumpig|Grumpig, L92, F|100/100\n|-damage|p1a: Grumpig|88/100|[from] Stealth Rock\n|move|p2a: Exeggutor|Wood Hammer|p1a: Grumpig\n|-damage|p1a: Grumpig|35/100\n|-damage|p2a: Exeggutor|185/314|[from] Recoil\n|\n|-weather|Sandstorm|[upkeep]\n|-damage|p1a: Grumpig|29/100|[from] Sandstorm\n|-damage|p2a: Exeggutor|166/314|[from] Sandstorm\n|-heal|p1a: Grumpig|35/100|[from] item: Leftovers\n|upkeep\n|turn|16\n|inactive|Time left: 300 sec this turn | 300 sec total\n|\n|t:|1783559397\n|move|p1a: Grumpig|Psyshock|p2a: Exeggutor\n|-damage|p2a: Exeggutor|72/314\n|-enditem|p2a: Exeggutor|Sitrus Berry|[eat]\n|-heal|p2a: Exeggutor|150/314|[from] item: Sitrus Berry\n|move|p2a: Exeggutor|Wood Hammer|p1a: Grumpig\n|-damage|p1a: Grumpig|0 fnt\n|faint|p1a: Grumpig\n|-damage|p2a: Exeggutor|116/314|[from] Recoil\n|\n|-weather|none\n|-item|p2a: Exeggutor|Sitrus Berry|[from] ability: Harvest\n|upkeep\n|-enditem|p2a: Exeggutor|Sitrus Berry|[eat]\n|-heal|p2a: Exeggutor|194/314|[from] item: Sitrus Berry\n|\n|t:|1783559398\n|switch|p1a: Flapple|Flapple, L88, M|28/100\n|-damage|p1a: Flapple|16/100|[from] Stealth Rock\n|turn|17\n|inactive|Time left: 300 sec this turn | 300 sec total\n|\n|t:|1783559399\n|move|p1a: Flapple|Outrage|p2a: Exeggutor\n|-supereffective|p2a: Exeggutor\n|-crit|p2a: Exeggutor\n|-damage|p2a: Exeggutor|0 fnt\n|faint|p2a: Exeggutor\n|\n|upkeep\n|inactive|Time left: 300 sec this turn | 300 sec total | 5 sec grace\n|\n|t:|1783559400\n|switch|p2a: Pachirisu|Pachirisu, L96, M|15/271\n|turn|18\n|inactive|Time left: 300 sec this turn | 300 sec total\n|\n|t:|1783559401\n|move|p2a: Pachirisu|U-turn|p1a: Flapple\n|-supereffective|p1a: Flapple\n|-damage|p1a: Flapple|0 fnt\n|faint|p1a: Flapple\n|inactive|Time left: 300 sec this turn | 300 sec total | 5 sec grace\n|\n|t:|1783559402\n|switch|p2a: Metagross|Metagross, L79|60/256|[from] U-turn\n|\n|-heal|p2a: Metagross|76/256|[from] item: Leftovers\n|upkeep\n|\n|t:|1783559403\n|switch|p1a: Zapdos|Zapdos-Galar, L77|71/100\n|-damage|p1a: Zapdos|58/100|[from] Stealth Rock\n|turn|19\n|inactive|Time left: 300 sec this turn | 300 sec total\n|\n|t:|1783559404\n|move|p1a: Zapdos|Knock Off|p2a: Metagross\n|-supereffective|p2a: Metagross\n|-damage|p2a: Metagross|0 fnt\n|-enditem|p2a: Metagross|Leftovers|[from] move: Knock Off|[of] p1a: Zapdos\n|faint|p2a: Metagross\n|\n|upkeep\n|inactive|Time left: 300 sec this turn | 300 sec total | 5 sec grace\n|\n|t:|1783559405\n|switch|p2a: Pachirisu|Pachirisu, L96, M|15/271\n|turn|20\n|inactive|Time left: 300 sec this turn | 300 sec total\n|\n|t:|1783559406\n|switch|p2a: Ditto|Ditto, L87|225/225\n|-transform|p2a: Ditto|p1a: Zapdos|[from] ability: Imposter\n|move|p1a: Zapdos|Knock Off|p2a: Ditto\n|-resisted|p2a: Ditto\n|-damage|p2a: Ditto|189/225\n|-enditem|p2a: Ditto|Choice Scarf|[from] move: Knock Off|[of] p1a: Zapdos\n|\n|upkeep\n|turn|21\n|inactive|Time left: 300 sec this turn | 300 sec total\n|\n|t:|1783559407\n|move|p1a: Zapdos|Knock Off|p2a: Ditto\n|-resisted|p2a: Ditto\n|-damage|p2a: Ditto|165/225\n|move|p2a: Ditto|Brave Bird|p1a: Zapdos\n|-supereffective|p1a: Zapdos\n|-damage|p1a: Zapdos|0 fnt\n|faint|p1a: Zapdos\n|-damage|p2a: Ditto|115/225|[from] Recoil\n|\n|upkeep\n|\n|t:|1783559408\n|switch|p1a: Hippowdon|Hippowdon, L82, F|78/100\n|-damage|p1a: Hippowdon|72/100|[from] Stealth Rock\n|-weather|Sandstorm|[from] ability: Sand Stream|[of] p1a: Hippowdon\n|turn|22\n|inactive|Time left: 300 sec this turn | 300 sec total\n|\n|t:|1783559409\n|move|p2a: Ditto|Close Combat|p1a: Hippowdon\n|-damage|p1a: Hippowdon|36/100\n|-unboost|p2a: Ditto|def|1\n|-unboost|p2a: Ditto|spd|1\n|move|p1a: Hippowdon|Stone Edge|p2a: Ditto|[miss]\n|-miss|p1a: Hippowdon|p2a: Ditto\n|\n|-weather|Sandstorm|[upkeep]\n|-damage|p2a: Ditto|101/225|[from] Sandstorm\n|upkeep\n|turn|23\n|inactive|Time left: 300 sec this turn | 300 sec total\n|\n|t:|1783559410\n|move|p2a: Ditto|U-turn|p1a: Hippowdon\n|-damage|p1a: Hippowdon|21/100\n|inactive|Time left: 300 sec this turn | 300 sec total | 5 sec grace\n|\n|t:|1783559410\n|switch|p2a: Pachirisu|Pachirisu, L96, M|15/271|[from] U-turn\n|move|p1a: Hippowdon|Slack Off|p1a: Hippowdon\n|-heal|p1a: Hippowdon|71/100\n|\n|-weather|Sandstorm|[upkeep]\n|-damage|p2a: Pachirisu|0 fnt|[from] Sandstorm\n|faint|p2a: Pachirisu\n|upkeep\n|inactive|Time left: 300 sec this turn | 300 sec total | 10 sec grace\n|\n|t:|1783559411\n|switch|p2a: Ditto|Ditto, L87|101/225\n|-transform|p2a: Ditto|p1a: Hippowdon|[from] ability: Imposter\n|turn|24\n|inactive|Time left: 300 sec this turn | 300 sec total\n|\n|t:|1783559412\n|-terastallize|p2a: Ditto|Ghost\n|move|p1a: Hippowdon|Earthquake|p2a: Ditto\n|-damage|p2a: Ditto|14/225\n|move|p2a: Ditto|Slack Off|p2a: Ditto\n|-heal|p2a: Ditto|127/225\n|\n|-weather|Sandstorm|[upkeep]\n|-damage|p2a: Ditto|113/225|[from] Sandstorm\n|upkeep\n|turn|25\n|inactive|Time left: 300 sec this turn | 300 sec total\n|\n|t:|1783559413\n|switch|p1a: Darkrai|Darkrai, L77|100/100\n|-damage|p1a: Darkrai|88/100|[from] Stealth Rock\n|move|p2a: Ditto|Slack Off|p2a: Ditto\n|-heal|p2a: Ditto|225/225\n|\n|-weather|Sandstorm|[upkeep]\n|-damage|p1a: Darkrai|82/100|[from] Sandstorm\n|-damage|p2a: Ditto|211/225|[from] Sandstorm\n|-heal|p1a: Darkrai|88/100|[from] item: Leftovers\n|upkeep\n|turn|26\n|inactive|Time left: 300 sec this turn | 300 sec total\n|\n|t:|1783559414\n|move|p1a: Darkrai|Dark Pulse|p2a: Ditto\n|-supereffective|p2a: Ditto\n|-damage|p2a: Ditto|0 fnt\n|faint|p2a: Ditto\n|\n|win|p0x16709b3c", "uploadtime": 1783559414, "views": 0, "rating": 0, "private": 0, "password": null, "_winner": "p0x16709b3c", "_our_name": "p0y16702757"}