{"id": "battle-gen9randombattle-2028", "formatid": "gen9randombattle", "format": "[Gen 9] Random Battle", "players": ["p0x20294b58", "p0y202979f3"], "log": "|init|battle\n|title|p0x20294b58 vs. p0y202979f3\n|j|\u2606p0x20294b58\n|j|\u2606p0y202979f3\n|t:|1783563497\n|gametype|singles\n|player|p1|p0x20294b58|266|\n|player|p2|p0y202979f3|169|\n|gen|9\n|tier|[Gen 9] Random Battle\n|rule|Species Clause: Limit one of each Pok\u00e9mon\n|rule|HP Percentage Mod: HP is shown in percentages\n|rule|Sleep Clause Mod: Limit one foe put to sleep\n|rule|Illusion Level Mod: Illusion disguises the Pok\u00e9mon's true level\n|\n|t:|1783563497\n|teamsize|p1|6\n|teamsize|p2|6\n|start\n|switch|p1a: Skarmory|Skarmory, L80, M|100/100\n|switch|p2a: Furret|Furret, L94, F|312/312\n|-item|p1a: Skarmory|Leftovers|[from] ability: Frisk|[of] p2a: Furret\n|turn|1\n|inactive|Battle timer is ON: inactive players will automatically lose when time's up. (requested by p0y202979f3)\n|\n|t:|1783563498\n|move|p2a: Furret|Knock Off|p1a: Skarmory\n|-damage|p1a: Skarmory|70/100\n|-enditem|p1a: Skarmory|Leftovers|[from] move: Knock Off|[of] p2a: Furret\n|move|p1a: Skarmory|Stealth Rock|p2a: Furret\n|-sidestart|p2: p0y202979f3|move: Stealth Rock\n|\n|upkeep\n|turn|2\n|inactive|Time left: 300 sec this turn | 300 sec total\n|inactive|p0x20294b58 also wants the timer to be on.\n|\n|t:|1783563500\n|move|p2a: Furret|Knock Off|p1a: Skarmory\n|-damage|p1a: Skarmory|49/100\n|move|p1a: Skarmory|Roost|p1a: Skarmory\n|-heal|p1a: Skarmory|99/100\n|-singleturn|p1a: Skarmory|move: Roost\n|\n|upkeep\n|turn|3\n|inactive|Time left: 300 sec this turn | 300 sec total\n|\n|t:|1783563501\n|move|p2a: Furret|Knock Off|p1a: Skarmory\n|-damage|p1a: Skarmory|79/100\n|move|p1a: Skarmory|Body Press|p2a: Furret\n|-supereffective|p2a: Furret\n|-damage|p2a: Furret|162/312\n|\n|upkeep\n|turn|4\n|inactive|Time left: 300 sec this turn | 300 sec total\n|\n|t:|1783563502\n|move|p2a: Furret|Knock Off|p1a: Skarmory\n|-damage|p1a: Skarmory|57/100\n|move|p1a: Skarmory|Body Press|p2a: Furret\n|-supereffective|p2a: Furret\n|-damage|p2a: Furret|0 fnt\n|faint|p2a: Furret\n|\n|upkeep\n|inactive|Time left: 300 sec this turn | 300 sec total | 5 sec grace\n|\n|t:|1783563503\n|switch|p2a: Falinks|Falinks, L84|246/246\n|-damage|p2a: Falinks|231/246|[from] Stealth Rock\n|turn|5\n|inactive|Time left: 300 sec this turn | 300 sec total\n|\n|t:|1783563504\n|move|p2a: Falinks|No Retreat|p2a: Falinks\n|-boost|p2a: Falinks|atk|1\n|-boost|p2a: Falinks|def|1\n|-boost|p2a: Falinks|spa|1\n|-boost|p2a: Falinks|spd|1\n|-boost|p2a: Falinks|spe|1\n|-start|p2a: Falinks|move: No Retreat\n|move|p1a: Skarmory|Brave Bird|p2a: Falinks\n|-supereffective|p2a: Falinks\n|-damage|p2a: Falinks|103/246\n|-damage|p1a: Skarmory|39/100|[from] Recoil\n|\n|upkeep\n|turn|6\n|inactive|Time left: 300 sec this turn | 300 sec total\n|\n|t:|1783563505\n|move|p2a: Falinks|Close Combat|p1a: Skarmory\n|-damage|p1a: Skarmory|0 fnt\n|-unboost|p2a: Falinks|def|1\n|-unboost|p2a: Falinks|spd|1\n|faint|p1a: Skarmory\n|-damage|p2a: Falinks|79/246|[from] item: Life Orb\n|\n|upkeep\n|\n|t:|1783563506\n|switch|p1a: Persian|Persian, L92, M|100/100\n|turn|7\n|inactive|Time left: 300 sec this turn | 300 sec total\n|\n|t:|1783563507\n|-terastallize|p2a: Falinks|Steel\n|move|p1a: Persian|Fake Out|p2a: Falinks\n|-resisted|p2a: Falinks\n|-damage|p2a: Falinks|47/246\n|cant|p2a: Falinks|flinch\n|\n|upkeep\n|turn|8\n|inactive|Time left: 300 sec this turn | 300 sec total\n|\n|t:|1783563508\n|move|p1a: Persian|Knock Off|p2a: Falinks\n|-damage|p2a: Falinks|0 fnt\n|-enditem|p2a: Falinks|Life Orb|[from] move: Knock Off|[of] p1a: Persian\n|faint|p2a: Falinks\n|\n|upkeep\n|inactive|Time left: 300 sec this turn | 300 sec total | 5 sec grace\n|\n|t:|1783563509\n|switch|p2a: Ting-Lu|Ting-Lu, L78|370/370\n|-damage|p2a: Ting-Lu|347/370|[from] Stealth Rock\n|-ability|p2a: Ting-Lu|Vessel of Ruin\n|turn|9\n|inactive|Time left: 300 sec this turn | 300 sec total\n|\n|t:|1783563510\n|move|p1a: Persian|U-turn|p2a: Ting-Lu\n|-supereffective|p2a: Ting-Lu\n|-damage|p2a: Ting-Lu|263/370\n|\n|t:|1783563511\n|switch|p1a: Articuno|Articuno, L86|100/100|[from] U-turn\n|-ability|p1a: Articuno|Pressure\n|move|p2a: Ting-Lu|Throat Chop|p1a: Articuno\n|-crit|p1a: Articuno\n|-damage|p1a: Articuno|64/100\n|-start|p1a: Articuno|Throat Chop|[silent]\n|\n|-heal|p2a: Ting-Lu|286/370|[from] item: Leftovers\n|upkeep\n|turn|10\n|inactive|Time left: 300 sec this turn | 300 sec total\n|\n|t:|1783563512\n|move|p1a: Articuno|Freeze-Dry|p2a: Ting-Lu\n|-supereffective|p2a: Ting-Lu\n|-damage|p2a: Ting-Lu|160/370\n|move|p2a: Ting-Lu|Throat Chop|p1a: Articuno\n|-damage|p1a: Articuno|39/100\n|\n|-heal|p2a: Ting-Lu|183/370|[from] item: Leftovers\n|-end|p1a: Articuno|Throat Chop|[silent]\n|upkeep\n|turn|11\n|inactive|Time left: 300 sec this turn | 300 sec total\n|\n|t:|1783563513\n|move|p1a: Articuno|Freeze-Dry|p2a: Ting-Lu\n|-supereffective|p2a: Ting-Lu\n|-damage|p2a: Ting-Lu|49/370\n|move|p2a: Ting-Lu|Throat Chop|p1a: Articuno\n|-crit|p1a: Articuno\n|-damage|p1a: Articuno|3/100\n|-start|p1a: Articuno|Throat Chop|[silent]\n|\n|-heal|p2a: Ting-Lu|72/370|[from] item: Leftovers\n|upkeep\n|turn|12\n|inactive|Time left: 300 sec this turn | 300 sec total\n|\n|t:|1783563515\n|switch|p2a: Carbink|Carbink, L90|236/236\n|-damage|p2a: Carbink|207/236|[from] Stealth Rock\n|move|p1a: Articuno|Roost|p1a: Articuno\n|-heal|p1a: Articuno|53/100\n|-singleturn|p1a: Articuno|move: Roost\n|\n|-end|p1a: Articuno|Throat Chop|[silent]\n|upkeep\n|turn|13\n|inactive|Time left: 300 sec this turn | 300 sec total\n|\n|t:|1783563516\n|move|p1a: Articuno|Roost|p1a: Articuno\n|-heal|p1a: Articuno|100/100\n|-singleturn|p1a: Articuno|move: Roost\n|move|p2a: Carbink|Body Press|p1a: Articuno\n|-supereffective|p1a: Articuno\n|-damage|p1a: Articuno|49/100\n|\n|upkeep\n|turn|14\n|inactive|Time left: 300 sec this turn | 300 sec total\n|\n|t:|1783563517\n|move|p1a: Articuno|Roost|p1a: Articuno\n|-heal|p1a: Articuno|99/100\n|-singleturn|p1a: Articuno|move: Roost\n|move|p2a: Carbink|Body Press|p1a: Articuno\n|-supereffective|p1a: Articuno\n|-crit|p1a: Articuno\n|-damage|p1a: Articuno|10/100\n|\n|upkeep\n|turn|15\n|inactive|Time left: 300 sec this turn | 300 sec total\n|\n|t:|1783563518\n|move|p1a: Articuno|Roost|p1a: Articuno\n|-heal|p1a: Articuno|60/100\n|-singleturn|p1a: Articuno|move: Roost\n|move|p2a: Carbink|Body Press|p1a: Articuno\n|-supereffective|p1a: Articuno\n|-damage|p1a: Articuno|8/100\n|\n|upkeep\n|turn|16\n|inactive|Time left: 300 sec this turn | 300 sec total\n|\n|t:|1783563519\n|move|p1a: Articuno|Roost|p1a: Articuno\n|-heal|p1a: Articuno|58/100\n|-singleturn|p1a: Articuno|move: Roost\n|move|p2a: Carbink|Body Press|p1a: Articuno\n|-supereffective|p1a: Articuno\n|-damage|p1a: Articuno|0 fnt\n|faint|p1a: Articuno\n|\n|upkeep\n|\n|t:|1783563520\n|switch|p1a: Galvantula|Galvantula, L82, M|100/100\n|turn|17\n|inactive|Time left: 300 sec this turn | 300 sec total\n|\n|t:|1783563521\n|move|p1a: Galvantula|Sticky Web|p2a: Carbink\n|-sidestart|p2: p0y202979f3|move: Sticky Web\n|move|p2a: Carbink|Moonblast|p1a: Galvantula\n|-damage|p1a: Galvantula|60/100\n|\n|upkeep\n|turn|18\n|inactive|Time left: 300 sec this turn | 300 sec total\n|\n|t:|1783563522\n|move|p1a: Galvantula|Thunder|p2a: Carbink\n|-damage|p2a: Carbink|137/236\n|move|p2a: Carbink|Moonblast|p1a: Galvantula\n|-damage|p1a: Galvantula|19/100\n|-unboost|p1a: Galvantula|spa|1\n|\n|upkeep\n|turn|19\n|inactive|Time left: 300 sec this turn | 300 sec total\n|\n|t:|1783563523\n|move|p1a: Galvantula|Volt Switch|p2a: Carbink\n|-damage|p2a: Carbink|109/236\n|\n|t:|1783563524\n|switch|p1a: Carbink|Carbink, L90|100/100|[from] Volt Switch\n|move|p2a: Carbink|Moonblast|p1a: Carbink\n|-damage|p1a: Carbink|83/100\n|\n|-heal|p1a: Carbink|89/100|[from] item: Leftovers\n|upkeep\n|turn|20\n|inactive|Time left: 300 sec this turn | 300 sec total\n|\n|t:|1783563525\n|move|p2a: Carbink|Iron Defense|p2a: Carbink\n|-boost|p2a: Carbink|def|2\n|move|p1a: Carbink|Rock Polish|p1a: Carbink\n|-boost|p1a: Carbink|spe|2\n|\n|-heal|p1a: Carbink|95/100|[from] item: Leftovers\n|upkeep\n|turn|21\n|inactive|Time left: 300 sec this turn | 300 sec total\n|\n|t:|1783563526\n|move|p1a: Carbink|Iron Defense|p1a: Carbink\n|-boost|p1a: Carbink|def|2\n|move|p2a: Carbink|Rest|p2a: Carbink\n|-status|p2a: Carbink|slp|[from] move: Rest\n|-heal|p2a: Carbink|236/236 slp|[silent]\n|-enditem|p2a: Carbink|Chesto Berry|[eat]\n|-curestatus|p2a: Carbink|slp|[msg]\n|\n|-heal|p1a: Carbink|100/100|[from] item: Leftovers\n|upkeep\n|turn|22\n|inactive|Time left: 300 sec this turn | 300 sec total\n|\n|t:|1783563526\n|move|p1a: Carbink|Moonblast|p2a: Carbink\n|-damage|p2a: Carbink|191/236\n|move|p2a: Carbink|Moonblast|p1a: Carbink\n|-damage|p1a: Carbink|81/100\n|-unboost|p1a: Carbink|spa|1\n|\n|-heal|p1a: Carbink|87/100|[from] item: Leftovers\n|upkeep\n|turn|23\n|inactive|Time left: 300 sec this turn | 300 sec total\n|\n|t:|1783563527\n|move|p1a: Carbink|Iron Defense|p1a: Carbink\n|-boost|p1a: Carbink|def|2\n|move|p2a: Carbink|Moonblast|p1a: Carbink\n|-damage|p1a: Carbink|68/100\n|\n|-heal|p1a: Carbink|74/100|[from] item: Leftovers\n|upkeep\n|turn|24\n|inactive|Time left: 300 sec this turn | 300 sec total\n|\n|t:|1783563528\n|move|p1a: Carbink|Body Press|p2a: Carbink\n|-damage|p2a: Carbink|111/236\n|move|p2a: Carbink|Moonblast|p1a: Carbink\n|-damage|p1a: Carbink|54/100\n|\n|-heal|p1a: Carbink|60/100|[from] item: Leftovers\n|upkeep\n|turn|25\n|inactive|Time left: 300 sec this turn | 300 sec total\n|\n|t:|1783563529\n|-terastallize|p1a: Carbink|Fighting\n|move|p1a: Carbink|Body Press|p2a: Carbink\n|-damage|p2a: Carbink|0 fnt\n|faint|p2a: Carbink\n|\n|-heal|p1a: Carbink|66/100|[from] item: Leftovers\n|upkeep\n|inactive|Time left: 300 sec this turn | 300 sec total | 5 sec grace\n|\n|t:|1783563530\n|switch|p2a: Ting-Lu|Ting-Lu, L78|72/370\n|-damage|p2a: Ting-Lu|49/370|[from] Stealth Rock\n|-activate|p2a: Ting-Lu|move: Sticky Web\n|-unboost|p2a: Ting-Lu|spe|1\n|-ability|p2a: Ting-Lu|Vessel of Ruin\n|turn|26\n|inactive|Time left: 300 sec this turn | 300 sec total\n|\n|t:|1783563531\n|move|p1a: Carbink|Body Press|p2a: Ting-Lu\n|-supereffective|p2a: Ting-Lu\n|-damage|p2a: Ting-Lu|0 fnt\n|faint|p2a: Ting-Lu\n|\n|-heal|p1a: Carbink|72/100|[from] item: Leftovers\n|upkeep\n|inactive|Time left: 300 sec this turn | 300 sec total | 5 sec grace\n|\n|t:|1783563531\n|switch|p2a: Staraptor|Staraptor, L79, F|263/263\n|-damage|p2a: Staraptor|198/263|[from] Stealth Rock\n|turn|27\n|inactive|Time left: 300 sec this turn | 300 sec total\n|\n|t:|1783563532\n|move|p1a: Carbink|Body Press|p2a: Staraptor\n|-damage|p2a: Staraptor|0 fnt\n|faint|p2a: Staraptor\n|\n|-heal|p1a: Carbink|78/100|[from] item: Leftovers\n|upkeep\n|inactive|Time left: 300 sec this turn | 300 sec total | 5 sec grace\n|\n|t:|1783563533\n|switch|p2a: Mamoswine|Mamoswine, L81, F|311/311\n|-damage|p2a: Mamoswine|273/311|[from] Stealth Rock\n|-activate|p2a: Mamoswine|move: Sticky Web\n|-unboost|p2a: Mamoswine|spe|1\n|turn|28\n|inactive|Time left: 300 sec this turn | 300 sec total\n|\n|t:|1783563534\n|move|p2a: Mamoswine|Ice Shard|p1a: Carbink\n|-damage|p1a: Carbink|71/100\n|-damage|p2a: Mamoswine|242/311|[from] item: Life Orb\n|move|p1a: Carbink|Body Press|p2a: Mamoswine\n|-supereffective|p2a: Mamoswine\n|-damage|p2a: Mamoswine|0 fnt\n|faint|p2a: Mamoswine\n|\n|win|p0x20294b58", "uploadtime": 1783563534, "views": 0, "rating": 0, "private": 0, "password": null, "_winner": "p0x20294b58", "_our_name": "p0y202979f3"}