{"id": "battle-gen9randombattle-2654", "formatid": "gen9randombattle", "format": "[Gen 9] Random Battle", "players": ["p0x265423aa", "p0y26548229"], "log": "|init|battle\n|title|p0x265423aa vs. p0y26548229\n|j|\u2606p0x265423aa\n|j|\u2606p0y26548229\n|t:|1783569623\n|gametype|singles\n|player|p1|p0x265423aa|170|\n|player|p2|p0y26548229|266|\n|gen|9\n|tier|[Gen 9] Random Battle\n|rule|Species Clause: Limit one of each Pok\u00e9mon\n|rule|HP Percentage Mod: HP is shown in percentages\n|rule|Sleep Clause Mod: Limit one foe put to sleep\n|rule|Illusion Level Mod: Illusion disguises the Pok\u00e9mon's true level\n|\n|t:|1783569623\n|teamsize|p1|6\n|teamsize|p2|6\n|start\n|switch|p1a: Sandaconda|Sandaconda, L84, F|100/100\n|switch|p2a: Great Tusk|Great Tusk, L77|304/304\n|turn|1\n|inactive|Battle timer is ON: inactive players will automatically lose when time's up. (requested by p0y26548229)\n|\n|t:|1783569624\n|move|p2a: Great Tusk|Bulk Up|p2a: Great Tusk\n|-boost|p2a: Great Tusk|atk|1\n|-boost|p2a: Great Tusk|def|1\n|move|p1a: Sandaconda|Coil|p1a: Sandaconda\n|-boost|p1a: Sandaconda|atk|1\n|-boost|p1a: Sandaconda|def|1\n|-boost|p1a: Sandaconda|accuracy|1\n|\n|upkeep\n|turn|2\n|inactive|Time left: 300 sec this turn | 300 sec total\n|inactive|p0x265423aa also wants the timer to be on.\n|\n|t:|1783569625\n|move|p2a: Great Tusk|Bulk Up|p2a: Great Tusk\n|-boost|p2a: Great Tusk|atk|1\n|-boost|p2a: Great Tusk|def|1\n|move|p1a: Sandaconda|Coil|p1a: Sandaconda\n|-boost|p1a: Sandaconda|atk|1\n|-boost|p1a: Sandaconda|def|1\n|-boost|p1a: Sandaconda|accuracy|1\n|\n|upkeep\n|turn|3\n|inactive|Time left: 300 sec this turn | 300 sec total\n|\n|t:|1783569626\n|move|p2a: Great Tusk|Bulk Up|p2a: Great Tusk\n|-boost|p2a: Great Tusk|atk|1\n|-boost|p2a: Great Tusk|def|1\n|move|p1a: Sandaconda|Coil|p1a: Sandaconda\n|-boost|p1a: Sandaconda|atk|1\n|-boost|p1a: Sandaconda|def|1\n|-boost|p1a: Sandaconda|accuracy|1\n|\n|upkeep\n|turn|4\n|inactive|Time left: 300 sec this turn | 300 sec total\n|\n|t:|1783569627\n|move|p2a: Great Tusk|Earthquake|p1a: Sandaconda\n|-damage|p1a: Sandaconda|68/100\n|move|p1a: Sandaconda|Earthquake|p2a: Great Tusk\n|-damage|p2a: Great Tusk|220/304\n|\n|-heal|p2a: Great Tusk|239/304|[from] item: Leftovers\n|upkeep\n|turn|5\n|inactive|Time left: 300 sec this turn | 300 sec total\n|\n|t:|1783569628\n|move|p2a: Great Tusk|Earthquake|p1a: Sandaconda\n|-damage|p1a: Sandaconda|34/100\n|move|p1a: Sandaconda|Coil|p1a: Sandaconda\n|-boost|p1a: Sandaconda|atk|1\n|-boost|p1a: Sandaconda|def|1\n|-boost|p1a: Sandaconda|accuracy|1\n|\n|-heal|p2a: Great Tusk|258/304|[from] item: Leftovers\n|upkeep\n|turn|6\n|inactive|Time left: 300 sec this turn | 300 sec total\n|\n|t:|1783569629\n|move|p2a: Great Tusk|Earthquake|p1a: Sandaconda\n|-damage|p1a: Sandaconda|6/100\n|move|p1a: Sandaconda|Earthquake|p2a: Great Tusk\n|-damage|p2a: Great Tusk|152/304\n|\n|-heal|p2a: Great Tusk|171/304|[from] item: Leftovers\n|upkeep\n|turn|7\n|inactive|Time left: 300 sec this turn | 300 sec total\n|\n|t:|1783569630\n|move|p2a: Great Tusk|Rapid Spin|p1a: Sandaconda\n|-damage|p1a: Sandaconda|0 fnt\n|-boost|p2a: Great Tusk|spe|1\n|faint|p1a: Sandaconda\n|\n|-heal|p2a: Great Tusk|190/304|[from] item: Leftovers\n|upkeep\n|\n|t:|1783569631\n|switch|p1a: Stantler|Stantler, L92, M|100/100\n|-ability|p1a: Stantler|Intimidate|boost\n|-unboost|p2a: Great Tusk|atk|1\n|turn|8\n|inactive|Time left: 300 sec this turn | 300 sec total\n|\n|t:|1783569632\n|-terastallize|p1a: Stantler|Fairy\n|move|p2a: Great Tusk|Close Combat|p1a: Stantler\n|-resisted|p1a: Stantler\n|-damage|p1a: Stantler|62/100\n|-unboost|p2a: Great Tusk|def|1\n|-unboost|p2a: Great Tusk|spd|1\n|move|p1a: Stantler|Earth Power|p2a: Great Tusk\n|-damage|p2a: Great Tusk|27/304\n|-unboost|p2a: Great Tusk|spd|1\n|\n|-heal|p2a: Great Tusk|46/304|[from] item: Leftovers\n|upkeep\n|turn|9\n|inactive|Time left: 300 sec this turn | 300 sec total\n|\n|t:|1783569633\n|move|p2a: Great Tusk|Earthquake|p1a: Stantler\n|-damage|p1a: Stantler|0 fnt\n|faint|p1a: Stantler\n|\n|-heal|p2a: Great Tusk|65/304|[from] item: Leftovers\n|upkeep\n|\n|t:|1783569634\n|switch|p1a: Passimian|Passimian, L83, F|100/100\n|turn|10\n|inactive|Time left: 300 sec this turn | 300 sec total\n|\n|t:|1783569636\n|move|p1a: Passimian|Knock Off|p2a: Great Tusk\n|-resisted|p2a: Great Tusk\n|-damage|p2a: Great Tusk|49/304\n|-enditem|p2a: Great Tusk|Leftovers|[from] move: Knock Off|[of] p1a: Passimian\n|move|p2a: Great Tusk|Earthquake|p1a: Passimian\n|-damage|p1a: Passimian|31/100\n|\n|upkeep\n|turn|11\n|inactive|Time left: 300 sec this turn | 300 sec total\n|\n|t:|1783569637\n|move|p1a: Passimian|Knock Off|p2a: Great Tusk\n|-resisted|p2a: Great Tusk\n|-damage|p2a: Great Tusk|39/304\n|move|p2a: Great Tusk|Earthquake|p1a: Passimian\n|-damage|p1a: Passimian|0 fnt\n|faint|p1a: Passimian\n|\n|upkeep\n|\n|t:|1783569638\n|switch|p1a: Regieleki|Regieleki, L79|100/100\n|turn|12\n|inactive|Time left: 300 sec this turn | 300 sec total\n|\n|t:|1783569639\n|move|p1a: Regieleki|Explosion|p2a: Great Tusk\n|-damage|p2a: Great Tusk|0 fnt\n|faint|p1a: Regieleki\n|faint|p2a: Great Tusk\n|-end|p2a: Great Tusk|Protosynthesis|[silent]\n|\n|upkeep\n|inactive|Time left: 300 sec this turn | 300 sec total | 5 sec grace\n|\n|t:|1783569640\n|switch|p1a: Raging Bolt|Raging Bolt, L78|100/100\n|switch|p2a: Iron Valiant|Iron Valiant, L78|244/244\n|turn|13\n|inactive|Time left: 300 sec this turn | 300 sec total\n|\n|t:|1783569641\n|move|p2a: Iron Valiant|Spirit Break|p1a: Raging Bolt\n|-supereffective|p1a: Raging Bolt\n|-crit|p1a: Raging Bolt\n|-damage|p1a: Raging Bolt|0 fnt\n|faint|p1a: Raging Bolt\n|-end|p1a: Raging Bolt|Protosynthesis|[silent]\n|-damage|p2a: Iron Valiant|220/244|[from] item: Life Orb\n|\n|upkeep\n|\n|t:|1783569642\n|switch|p1a: Seviper|Seviper, L93, F|100/100\n|turn|14\n|inactive|Time left: 300 sec this turn | 300 sec total\n|\n|t:|1783569643\n|-terastallize|p2a: Iron Valiant|Dark\n|move|p2a: Iron Valiant|Knock Off|p1a: Seviper\n|-crit|p1a: Seviper\n|-damage|p1a: Seviper|2/100\n|-enditem|p1a: Seviper|Leftovers|[from] move: Knock Off|[of] p2a: Iron Valiant\n|-damage|p2a: Iron Valiant|196/244|[from] item: Life Orb\n|move|p1a: Seviper|Gunk Shot|p2a: Iron Valiant|[miss]\n|-miss|p1a: Seviper|p2a: Iron Valiant\n|\n|upkeep\n|turn|15\n|inactive|Time left: 300 sec this turn | 300 sec total\n|\n|t:|1783569644\n|move|p2a: Iron Valiant|Knock Off|p1a: Seviper\n|-damage|p1a: Seviper|0 fnt\n|faint|p1a: Seviper\n|-damage|p2a: Iron Valiant|172/244|[from] item: Life Orb\n|\n|win|p0y26548229", "uploadtime": 1783569644, "views": 0, "rating": 0, "private": 0, "password": null, "_winner": "p0y26548229", "_our_name": "p0y26548229"}