{"id": "battle-gen9randombattle-1622", "formatid": "gen9randombattle", "format": "[Gen 9] Random Battle", "players": ["p0x16226910", "p0y16223805"], "log": "|init|battle\n|title|p0x16226910 vs. p0y16223805\n|j|\u2606p0x16226910\n|j|\u2606p0y16223805\n|t:|1783558773\n|gametype|singles\n|player|p1|p0x16226910|265|\n|player|p2|p0y16223805|2|\n|gen|9\n|tier|[Gen 9] Random Battle\n|rule|Species Clause: Limit one of each Pok\u00e9mon\n|rule|HP Percentage Mod: HP is shown in percentages\n|rule|Sleep Clause Mod: Limit one foe put to sleep\n|rule|Illusion Level Mod: Illusion disguises the Pok\u00e9mon's true level\n|\n|t:|1783558773\n|teamsize|p1|6\n|teamsize|p2|6\n|start\n|switch|p1a: Dewgong|Dewgong, L94, F|100/100\n|switch|p2a: Ninetales|Ninetales-Alola, L78, M|242/242\n|-weather|Snowscape|[from] ability: Snow Warning|[of] p2a: Ninetales\n|turn|1\n|inactive|Battle timer is ON: inactive players will automatically lose when time's up. (requested by p0x16226910)\n|inactive|Time left: 300 sec this turn | 300 sec total | 60 sec grace\n|inactive|p0y16223805 also wants the timer to be on.\n|\n|t:|1783558775\n|move|p2a: Ninetales|Aurora Veil|p2a: Ninetales\n|-sidestart|p2: p0y16223805|move: Aurora Veil\n|move|p1a: Dewgong|Ice Beam|p2a: Ninetales\n|-resisted|p2a: Ninetales\n|-damage|p2a: Ninetales|219/242\n|\n|-weather|Snowscape|[upkeep]\n|upkeep\n|turn|2\n|inactive|Time left: 300 sec this turn | 300 sec total\n|\n|t:|1783558776\n|move|p2a: Ninetales|Moonblast|p1a: Dewgong\n|-damage|p1a: Dewgong|80/100\n|-unboost|p1a: Dewgong|spa|1\n|move|p1a: Dewgong|Knock Off|p2a: Ninetales\n|-resisted|p2a: Ninetales\n|-damage|p2a: Ninetales|207/242\n|-enditem|p2a: Ninetales|Light Clay|[from] move: Knock Off|[of] p1a: Dewgong\n|\n|-weather|Snowscape|[upkeep]\n|upkeep\n|turn|3\n|inactive|Time left: 300 sec this turn | 300 sec total\n|\n|t:|1783558777\n|switch|p1a: Ting-Lu|Ting-Lu, L78|100/100\n|-ability|p1a: Ting-Lu|Vessel of Ruin\n|move|p2a: Ninetales|Moonblast|p1a: Ting-Lu\n|-supereffective|p1a: Ting-Lu\n|-damage|p1a: Ting-Lu|66/100\n|-unboost|p1a: Ting-Lu|spa|1\n|\n|-weather|Snowscape|[upkeep]\n|-heal|p1a: Ting-Lu|73/100|[from] item: Leftovers\n|upkeep\n|turn|4\n|inactive|Time left: 300 sec this turn | 300 sec total\n|\n|t:|1783558778\n|move|p2a: Ninetales|Moonblast|p1a: Ting-Lu\n|-supereffective|p1a: Ting-Lu\n|-damage|p1a: Ting-Lu|36/100\n|move|p1a: Ting-Lu|Stealth Rock|p2a: Ninetales\n|-sidestart|p2: p0y16223805|move: Stealth Rock\n|\n|-weather|Snowscape|[upkeep]\n|-heal|p1a: Ting-Lu|43/100|[from] item: Leftovers\n|upkeep\n|turn|5\n|inactive|Time left: 300 sec this turn | 300 sec total\n|\n|t:|1783558779\n|move|p2a: Ninetales|Blizzard|p1a: Ting-Lu\n|-supereffective|p1a: Ting-Lu\n|-damage|p1a: Ting-Lu|2/100\n|move|p1a: Ting-Lu|Spikes|p2a: Ninetales\n|-sidestart|p2: p0y16223805|Spikes\n|\n|-weather|none\n|-heal|p1a: Ting-Lu|8/100|[from] item: Leftovers\n|upkeep\n|turn|6\n|inactive|Time left: 300 sec this turn | 300 sec total\n|\n|t:|1783558780\n|switch|p1a: Iron Treads|Iron Treads, L77|100/100\n|move|p2a: Ninetales|Freeze-Dry|p1a: Iron Treads\n|-damage|p1a: Iron Treads|82/100\n|\n|upkeep\n|turn|7\n|inactive|Time left: 300 sec this turn | 300 sec total\n|\n|t:|1783558781\n|move|p2a: Ninetales|Freeze-Dry|p1a: Iron Treads\n|-damage|p1a: Iron Treads|64/100\n|move|p1a: Iron Treads|Iron Head|p2a: Ninetales\n|-supereffective|p2a: Ninetales\n|-damage|p2a: Ninetales|25/242\n|\n|upkeep\n|turn|8\n|inactive|Time left: 300 sec this turn | 300 sec total\n|\n|t:|1783558782\n|move|p2a: Ninetales|Blizzard|p1a: Iron Treads\n|-damage|p1a: Iron Treads|34/100\n|move|p1a: Iron Treads|Earthquake|p2a: Ninetales\n|-damage|p2a: Ninetales|0 fnt\n|faint|p2a: Ninetales\n|\n|-sideend|p2: p0y16223805|move: Aurora Veil\n|upkeep\n|inactive|Time left: 300 sec this turn | 300 sec total | 5 sec grace\n|\n|t:|1783558783\n|switch|p2a: Exeggutor|Exeggutor-Alola, L89, F|314/314\n|-damage|p2a: Exeggutor|275/314|[from] Stealth Rock\n|-damage|p2a: Exeggutor|236/314|[from] Spikes\n|-item|p1a: Iron Treads|Assault Vest|[from] ability: Frisk|[of] p2a: Exeggutor\n|turn|9\n|inactive|Time left: 300 sec this turn | 300 sec total\n|\n|t:|1783558784\n|move|p1a: Iron Treads|Iron Head|p2a: Exeggutor\n|-damage|p2a: Exeggutor|164/314\n|cant|p2a: Exeggutor|flinch\n|\n|upkeep\n|turn|10\n|inactive|Time left: 300 sec this turn | 300 sec total\n|\n|t:|1783558785\n|move|p1a: Iron Treads|Knock Off|p2a: Exeggutor\n|-damage|p2a: Exeggutor|101/314\n|-enditem|p2a: Exeggutor|Choice Specs|[from] move: Knock Off|[of] p1a: Iron Treads\n|move|p2a: Exeggutor|Giga Drain|p1a: Iron Treads\n|-damage|p1a: Iron Treads|0 fnt\n|-heal|p2a: Exeggutor|146/314|[from] drain|[of] p1a: Iron Treads\n|faint|p1a: Iron Treads\n|-end|p1a: Iron Treads|Quark Drive|[silent]\n|\n|upkeep\n|\n|t:|1783558786\n|switch|p1a: Bruxish|Bruxish, L85, M|100/100\n|turn|11\n|inactive|Time left: 300 sec this turn | 300 sec total\n|\n|t:|1783558787\n|switch|p2a: Umbreon|Umbreon, L84, M|297/297\n|-damage|p2a: Umbreon|260/297|[from] Stealth Rock\n|-damage|p2a: Umbreon|223/297|[from] Spikes\n|move|p1a: Bruxish|Ice Fang|p2a: Umbreon\n|-damage|p2a: Umbreon|153/297\n|\n|-heal|p2a: Umbreon|171/297|[from] item: Leftovers\n|upkeep\n|turn|12\n|inactive|Time left: 300 sec this turn | 300 sec total\n|\n|t:|1783558788\n|switch|p1a: Ting-Lu|Ting-Lu, L78|8/100\n|-ability|p1a: Ting-Lu|Vessel of Ruin\n|move|p2a: Umbreon|Foul Play|p1a: Ting-Lu\n|-resisted|p1a: Ting-Lu\n|-damage|p1a: Ting-Lu|0 fnt\n|faint|p1a: Ting-Lu\n|\n|-heal|p2a: Umbreon|189/297|[from] item: Leftovers\n|upkeep\n|\n|t:|1783558789\n|switch|p1a: Dewgong|Dewgong, L94, F|80/100\n|turn|13\n|inactive|Time left: 300 sec this turn | 300 sec total\n|\n|t:|1783558790\n|move|p1a: Dewgong|Surf|p2a: Umbreon\n|-damage|p2a: Umbreon|116/297\n|move|p2a: Umbreon|Foul Play|p1a: Dewgong\n|-damage|p1a: Dewgong|54/100\n|\n|-heal|p2a: Umbreon|134/297|[from] item: Leftovers\n|upkeep\n|turn|14\n|inactive|Time left: 300 sec this turn | 300 sec total\n|\n|t:|1783558791\n|move|p1a: Dewgong|Surf|p2a: Umbreon\n|-crit|p2a: Umbreon\n|-damage|p2a: Umbreon|35/297\n|move|p2a: Umbreon|Wish|p2a: Umbreon\n|\n|-heal|p2a: Umbreon|53/297|[from] item: Leftovers\n|upkeep\n|turn|15\n|inactive|Time left: 300 sec this turn | 300 sec total\n|\n|t:|1783558792\n|move|p2a: Umbreon|Protect|p2a: Umbreon\n|-singleturn|p2a: Umbreon|Protect\n|move|p1a: Dewgong|Ice Beam|p2a: Umbreon\n|-activate|p2a: Umbreon|move: Protect\n|\n|-heal|p2a: Umbreon|201/297|[from] move: Wish|[wisher] Umbreon\n|-heal|p2a: Umbreon|219/297|[from] item: Leftovers\n|upkeep\n|turn|16\n|inactive|Time left: 300 sec this turn | 300 sec total\n|\n|t:|1783558793\n|move|p1a: Dewgong|Encore|p2a: Umbreon\n|-start|p2a: Umbreon|Encore\n|move|p2a: Umbreon|Protect||[still]\n|-fail|p2a: Umbreon\n|\n|-heal|p2a: Umbreon|237/297|[from] item: Leftovers\n|upkeep\n|turn|17\n|inactive|Time left: 300 sec this turn | 300 sec total\n|\n|t:|1783558794\n|move|p2a: Umbreon|Protect|p2a: Umbreon\n|-singleturn|p2a: Umbreon|Protect\n|move|p1a: Dewgong|Ice Beam|p2a: Umbreon\n|-activate|p2a: Umbreon|move: Protect\n|\n|-heal|p2a: Umbreon|255/297|[from] item: Leftovers\n|upkeep\n|turn|18\n|inactive|Time left: 300 sec this turn | 300 sec total\n|\n|t:|1783558795\n|move|p2a: Umbreon|Protect||[still]\n|-fail|p2a: Umbreon\n|move|p1a: Dewgong|Ice Beam|p2a: Umbreon\n|-damage|p2a: Umbreon|183/297\n|\n|-heal|p2a: Umbreon|201/297|[from] item: Leftovers\n|-end|p2a: Umbreon|Encore\n|upkeep\n|turn|19\n|inactive|Time left: 300 sec this turn | 300 sec total\n|\n|t:|1783558796\n|move|p1a: Dewgong|Encore|p2a: Umbreon\n|-start|p2a: Umbreon|Encore\n|move|p2a: Umbreon|Protect||[still]\n|-fail|p2a: Umbreon\n|\n|-heal|p2a: Umbreon|219/297|[from] item: Leftovers\n|upkeep\n|turn|20\n|inactive|Time left: 300 sec this turn | 300 sec total\n|\n|t:|1783558797\n|move|p2a: Umbreon|Protect|p2a: Umbreon\n|-singleturn|p2a: Umbreon|Protect\n|move|p1a: Dewgong|Knock Off|p2a: Umbreon\n|-activate|p2a: Umbreon|move: Protect\n|\n|-heal|p2a: Umbreon|237/297|[from] item: Leftovers\n|upkeep\n|turn|21\n|inactive|Time left: 300 sec this turn | 300 sec total\n|\n|t:|1783558798\n|move|p2a: Umbreon|Protect||[still]\n|-fail|p2a: Umbreon\n|move|p1a: Dewgong|Ice Beam|p2a: Umbreon\n|-damage|p2a: Umbreon|162/297\n|\n|-heal|p2a: Umbreon|180/297|[from] item: Leftovers\n|-end|p2a: Umbreon|Encore\n|upkeep\n|turn|22\n|inactive|Time left: 300 sec this turn | 300 sec total\n|\n|t:|1783558799\n|move|p1a: Dewgong|Encore|p2a: Umbreon\n|-start|p2a: Umbreon|Encore\n|move|p2a: Umbreon|Protect||[still]\n|-fail|p2a: Umbreon\n|\n|-heal|p2a: Umbreon|198/297|[from] item: Leftovers\n|upkeep\n|turn|23\n|inactive|Time left: 300 sec this turn | 300 sec total\n|\n|t:|1783558800\n|move|p2a: Umbreon|Protect|p2a: Umbreon\n|-singleturn|p2a: Umbreon|Protect\n|move|p1a: Dewgong|Ice Beam|p2a: Umbreon\n|-activate|p2a: Umbreon|move: Protect\n|\n|-heal|p2a: Umbreon|216/297|[from] item: Leftovers\n|upkeep\n|turn|24\n|inactive|Time left: 300 sec this turn | 300 sec total\n|\n|t:|1783558801\n|move|p2a: Umbreon|Protect||[still]\n|-fail|p2a: Umbreon\n|move|p1a: Dewgong|Knock Off|p2a: Umbreon\n|-resisted|p2a: Umbreon\n|-crit|p2a: Umbreon\n|-damage|p2a: Umbreon|170/297\n|-enditem|p2a: Umbreon|Leftovers|[from] move: Knock Off|[of] p1a: Dewgong\n|\n|-end|p2a: Umbreon|Encore\n|upkeep\n|turn|25\n|inactive|Time left: 300 sec this turn | 300 sec total\n|\n|t:|1783558802\n|move|p1a: Dewgong|Encore|p2a: Umbreon\n|-start|p2a: Umbreon|Encore\n|move|p2a: Umbreon|Protect||[still]\n|-fail|p2a: Umbreon\n|\n|upkeep\n|turn|26\n|inactive|Time left: 300 sec this turn | 300 sec total\n|\n|t:|1783558803\n|move|p2a: Umbreon|Protect|p2a: Umbreon\n|-singleturn|p2a: Umbreon|Protect\n|move|p1a: Dewgong|Knock Off|p2a: Umbreon\n|-activate|p2a: Umbreon|move: Protect\n|\n|upkeep\n|turn|27\n|inactive|Time left: 300 sec this turn | 300 sec total\n|\n|t:|1783558804\n|move|p2a: Umbreon|Protect||[still]\n|-fail|p2a: Umbreon\n|move|p1a: Dewgong|Surf|p2a: Umbreon\n|-damage|p2a: Umbreon|104/297\n|\n|-end|p2a: Umbreon|Encore\n|upkeep\n|turn|28\n|inactive|Time left: 300 sec this turn | 300 sec total\n|\n|t:|1783558805\n|move|p1a: Dewgong|Encore|p2a: Umbreon\n|-start|p2a: Umbreon|Encore\n|move|p2a: Umbreon|Protect||[still]\n|-fail|p2a: Umbreon\n|\n|upkeep\n|turn|29\n|inactive|Time left: 300 sec this turn | 300 sec total\n|\n|t:|1783558805\n|move|p2a: Umbreon|Protect|p2a: Umbreon\n|-singleturn|p2a: Umbreon|Protect\n|move|p1a: Dewgong|Ice Beam|p2a: Umbreon\n|-activate|p2a: Umbreon|move: Protect\n|\n|upkeep\n|turn|30\n|inactive|Time left: 300 sec this turn | 300 sec total\n|\n|t:|1783558806\n|move|p2a: Umbreon|Protect||[still]\n|-fail|p2a: Umbreon\n|move|p1a: Dewgong|Surf|p2a: Umbreon\n|-damage|p2a: Umbreon|38/297\n|\n|-end|p2a: Umbreon|Encore\n|upkeep\n|turn|31\n|inactive|Time left: 300 sec this turn | 300 sec total\n|\n|t:|1783558807\n|move|p1a: Dewgong|Surf|p2a: Umbreon\n|-damage|p2a: Umbreon|0 fnt\n|faint|p2a: Umbreon\n|\n|upkeep\n|inactive|Time left: 300 sec this turn | 300 sec total | 5 sec grace\n|\n|t:|1783558808\n|switch|p2a: Mesprit|Mesprit, L85|275/275\n|-damage|p2a: Mesprit|241/275|[from] Stealth Rock\n|turn|32\n|inactive|Time left: 300 sec this turn | 300 sec total\n|\n|t:|1783558809\n|move|p2a: Mesprit|Knock Off|p1a: Dewgong\n|-damage|p1a: Dewgong|30/100\n|-enditem|p1a: Dewgong|Heavy-Duty Boots|[from] move: Knock Off|[of] p2a: Mesprit\n|move|p1a: Dewgong|Knock Off|p2a: Mesprit\n|-supereffective|p2a: Mesprit\n|-damage|p2a: Mesprit|119/275\n|-enditem|p2a: Mesprit|Leftovers|[from] move: Knock Off|[of] p1a: Dewgong\n|\n|upkeep\n|turn|33\n|inactive|Time left: 300 sec this turn | 300 sec total\n|\n|t:|1783558811\n|move|p2a: Mesprit|Thunder Wave|p1a: Dewgong\n|-status|p1a: Dewgong|par\n|move|p1a: Dewgong|Ice Beam|p2a: Mesprit\n|-damage|p2a: Mesprit|35/275\n|\n|upkeep\n|turn|34\n|inactive|Time left: 300 sec this turn | 300 sec total\n|\n|t:|1783558812\n|move|p2a: Mesprit|Psychic Noise|p1a: Dewgong\n|-damage|p1a: Dewgong|8/100 par\n|-start|p1a: Dewgong|move: Heal Block\n|move|p1a: Dewgong|Ice Beam|p2a: Mesprit\n|-damage|p2a: Mesprit|0 fnt\n|faint|p2a: Mesprit\n|\n|upkeep\n|inactive|Time left: 300 sec this turn | 300 sec total | 5 sec grace\n|\n|t:|1783558813\n|switch|p2a: Skeledirge|Skeledirge, L79, M|294/294\n|turn|35\n|inactive|Time left: 300 sec this turn | 300 sec total\n|\n|t:|1783558814\n|move|p2a: Skeledirge|Torch Song|p1a: Dewgong\n|-damage|p1a: Dewgong|0 fnt\n|-boost|p2a: Skeledirge|spa|1\n|faint|p1a: Dewgong\n|\n|upkeep\n|\n|t:|1783558814\n|switch|p1a: Bruxish|Bruxish, L85, M|100/100\n|turn|36\n|inactive|Time left: 300 sec this turn | 300 sec total\n|\n|t:|1783558816\n|move|p1a: Bruxish|Wave Crash|p2a: Skeledirge\n|-supereffective|p2a: Skeledirge\n|-damage|p2a: Skeledirge|16/294\n|-damage|p1a: Bruxish|64/100|[from] Recoil\n|move|p2a: Skeledirge|Hex|p1a: Bruxish\n|-supereffective|p1a: Bruxish\n|-damage|p1a: Bruxish|0 fnt\n|faint|p1a: Bruxish\n|\n|upkeep\n|\n|t:|1783558817\n|switch|p1a: Meowstic|Meowstic, L89, M|100/100\n|turn|37\n|inactive|Time left: 300 sec this turn | 300 sec total\n|\n|t:|1783558818\n|switch|p2a: Chansey|Chansey, L85, F|564/564\n|-damage|p2a: Chansey|494/564|[from] Stealth Rock\n|-damage|p2a: Chansey|424/564|[from] Spikes\n|move|p1a: Meowstic|Psychic Noise|p2a: Chansey\n|-damage|p2a: Chansey|381/564\n|-start|p2a: Chansey|move: Heal Block\n|\n|upkeep\n|turn|38\n|inactive|Time left: 300 sec this turn | 300 sec total\n|\n|t:|1783558818\n|move|p1a: Meowstic|Yawn|p2a: Chansey\n|-start|p2a: Chansey|move: Yawn|[of] p1a: Meowstic\n|move|p2a: Chansey|Thunder Wave|p1a: Meowstic\n|-status|p1a: Meowstic|par\n|\n|-end|p2a: Chansey|move: Heal Block\n|upkeep\n|turn|39\n|inactive|Time left: 300 sec this turn | 300 sec total\n|\n|t:|1783558819\n|switch|p1a: Scovillain|Scovillain, L91, M|100/100\n|move|p2a: Chansey|Soft-Boiled|p2a: Chansey\n|-heal|p2a: Chansey|564/564\n|\n|-end|p2a: Chansey|move: Yawn|[silent]\n|-status|p2a: Chansey|slp\n|upkeep\n|turn|40\n|inactive|Time left: 300 sec this turn | 300 sec total\n|\n|t:|1783558820\n|move|p1a: Scovillain|Stomping Tantrum|p2a: Chansey\n|-damage|p2a: Chansey|422/564 slp\n|cant|p2a: Chansey|slp\n|\n|upkeep\n|turn|41\n|inactive|Time left: 300 sec this turn | 300 sec total\n|\n|t:|1783558821\n|move|p1a: Scovillain|Stomping Tantrum|p2a: Chansey\n|-damage|p2a: Chansey|254/564 slp\n|cant|p2a: Chansey|slp\n|\n|upkeep\n|turn|42\n|inactive|Time left: 300 sec this turn | 300 sec total\n|\n|t:|1783558822\n|move|p1a: Scovillain|Stomping Tantrum|p2a: Chansey\n|-damage|p2a: Chansey|103/564 slp\n|-curestatus|p2a: Chansey|slp|[msg]\n|move|p2a: Chansey|Soft-Boiled|p2a: Chansey\n|-heal|p2a: Chansey|385/564\n|\n|upkeep\n|turn|43\n|inactive|Time left: 300 sec this turn | 300 sec total\n|\n|t:|1783558823\n|move|p1a: Scovillain|Stomping Tantrum|p2a: Chansey\n|-damage|p2a: Chansey|243/564\n|move|p2a: Chansey|Soft-Boiled|p2a: Chansey\n|-heal|p2a: Chansey|525/564\n|\n|upkeep\n|turn|44\n|inactive|Time left: 300 sec this turn | 300 sec total\n|\n|t:|1783558824\n|move|p1a: Scovillain|Fire Blast|p2a: Chansey\n|-damage|p2a: Chansey|440/564\n|-status|p2a: Chansey|brn\n|move|p2a: Chansey|Seismic Toss|p1a: Scovillain\n|-damage|p1a: Scovillain|69/100\n|\n|-damage|p2a: Chansey|405/564 brn|[from] brn\n|upkeep\n|turn|45\n|inactive|Time left: 300 sec this turn | 300 sec total\n|\n|t:|1783558825\n|-terastallize|p1a: Scovillain|Ground\n|move|p1a: Scovillain|Stomping Tantrum|p2a: Chansey\n|-damage|p2a: Chansey|156/564 brn\n|move|p2a: Chansey|Soft-Boiled|p2a: Chansey\n|-heal|p2a: Chansey|438/564 brn\n|\n|-damage|p2a: Chansey|403/564 brn|[from] brn\n|upkeep\n|turn|46\n|inactive|Time left: 300 sec this turn | 300 sec total\n|\n|t:|1783558826\n|move|p1a: Scovillain|Stomping Tantrum|p2a: Chansey\n|-damage|p2a: Chansey|187/564 brn\n|move|p2a: Chansey|Soft-Boiled|p2a: Chansey\n|-heal|p2a: Chansey|469/564 brn\n|\n|-damage|p2a: Chansey|434/564 brn|[from] brn\n|upkeep\n|turn|47\n|inactive|Time left: 300 sec this turn | 300 sec total\n|\n|t:|1783558827\n|move|p1a: Scovillain|Stomping Tantrum|p2a: Chansey\n|-damage|p2a: Chansey|182/564 brn\n|move|p2a: Chansey|Soft-Boiled|p2a: Chansey\n|-heal|p2a: Chansey|464/564 brn\n|\n|-damage|p2a: Chansey|429/564 brn|[from] brn\n|upkeep\n|turn|48\n|inactive|Time left: 300 sec this turn | 300 sec total\n|\n|t:|1783558828\n|move|p1a: Scovillain|Stomping Tantrum|p2a: Chansey\n|-damage|p2a: Chansey|209/564 brn\n|move|p2a: Chansey|Soft-Boiled|p2a: Chansey\n|-heal|p2a: Chansey|491/564 brn\n|\n|-damage|p2a: Chansey|456/564 brn|[from] brn\n|upkeep\n|turn|49\n|inactive|Time left: 300 sec this turn | 300 sec total\n|\n|t:|1783558829\n|move|p1a: Scovillain|Stomping Tantrum|p2a: Chansey\n|-damage|p2a: Chansey|240/564 brn\n|move|p2a: Chansey|Soft-Boiled|p2a: Chansey\n|-heal|p2a: Chansey|522/564 brn\n|\n|-damage|p2a: Chansey|487/564 brn|[from] brn\n|upkeep\n|turn|50\n|inactive|Time left: 300 sec this turn | 300 sec total\n|\n|t:|1783558830\n|move|p1a: Scovillain|Stomping Tantrum|p2a: Chansey\n|-damage|p2a: Chansey|256/564 brn\n|move|p2a: Chansey|Seismic Toss|p1a: Scovillain\n|-damage|p1a: Scovillain|37/100\n|\n|-damage|p2a: Chansey|221/564 brn|[from] brn\n|upkeep\n|turn|51\n|inactive|Time left: 300 sec this turn | 300 sec total\n|\n|t:|1783558831\n|move|p1a: Scovillain|Stomping Tantrum|p2a: Chansey\n|-damage|p2a: Chansey|0 fnt\n|faint|p2a: Chansey\n|\n|upkeep\n|inactive|Time left: 300 sec this turn | 300 sec total | 5 sec grace\n|\n|t:|1783558832\n|switch|p2a: Skeledirge|Skeledirge, L79, M|16/294\n|turn|52\n|inactive|Time left: 300 sec this turn | 300 sec total\n|\n|t:|1783558833\n|switch|p2a: Exeggutor|Exeggutor-Alola, L89, F|146/314\n|-damage|p2a: Exeggutor|107/314|[from] Stealth Rock\n|-damage|p2a: Exeggutor|68/314|[from] Spikes\n|-item|p1a: Scovillain|Heavy-Duty Boots|[from] ability: Frisk|[of] p2a: Exeggutor\n|move|p1a: Scovillain|Stomping Tantrum|p2a: Exeggutor\n|-resisted|p2a: Exeggutor\n|-damage|p2a: Exeggutor|17/314\n|\n|upkeep\n|turn|53\n|inactive|Time left: 300 sec this turn | 300 sec total\n|\n|t:|1783558833\n|-terastallize|p2a: Exeggutor|Fire\n|move|p1a: Scovillain|Energy Ball|p2a: Exeggutor\n|-resisted|p2a: Exeggutor\n|-damage|p2a: Exeggutor|0 fnt\n|faint|p2a: Exeggutor\n|\n|upkeep\n|inactive|Time left: 300 sec this turn | 300 sec total | 5 sec grace\n|\n|t:|1783558834\n|switch|p2a: Skeledirge|Skeledirge, L79, M|16/294\n|turn|54\n|inactive|Time left: 300 sec this turn | 300 sec total\n|\n|t:|1783558835\n|move|p1a: Scovillain|Stomping Tantrum|p2a: Skeledirge\n|-supereffective|p2a: Skeledirge\n|-damage|p2a: Skeledirge|0 fnt\n|faint|p2a: Skeledirge\n|\n|win|p0x16226910", "uploadtime": 1783558835, "views": 0, "rating": 0, "private": 0, "password": null, "_winner": "p0x16226910", "_our_name": "p0y16223805"}