{"id": "battle-gen9randombattle-279", "formatid": "gen9randombattle", "format": "[Gen 9] Random Battle", "players": ["p0x2797475", "p0y279dc63"], "log": "|init|battle\n|title|p0x2797475 vs. p0y279dc63\n|j|\u2606p0x2797475\n|j|\u2606p0y279dc63\n|t:|1783542816\n|gametype|singles\n|player|p1|p0x2797475|170|\n|player|p2|p0y279dc63|2|\n|gen|9\n|tier|[Gen 9] Random Battle\n|rule|Species Clause: Limit one of each Pok\u00e9mon\n|rule|HP Percentage Mod: HP is shown in percentages\n|rule|Sleep Clause Mod: Limit one foe put to sleep\n|rule|Illusion Level Mod: Illusion disguises the Pok\u00e9mon's true level\n|\n|t:|1783542816\n|teamsize|p1|6\n|teamsize|p2|6\n|start\n|switch|p1a: Kyogre|Kyogre, L71|259/259\n|switch|p2a: Raging Bolt|Raging Bolt, L78|100/100\n|-weather|RainDance|[from] ability: Drizzle|[of] p1a: Kyogre\n|turn|1\n|inactive|Battle timer is ON: inactive players will automatically lose when time's up. (requested by p0y279dc63)\n|inactive|Time left: 300 sec this turn | 300 sec total | 60 sec grace\n|inactive|p0x2797475 also wants the timer to be on.\n|\n|t:|1783542818\n|move|p1a: Kyogre|Calm Mind|p1a: Kyogre\n|-boost|p1a: Kyogre|spa|1\n|-boost|p1a: Kyogre|spd|1\n|move|p2a: Raging Bolt|Thunderbolt|p1a: Kyogre\n|-supereffective|p1a: Kyogre\n|-damage|p1a: Kyogre|139/259\n|\n|-weather|RainDance|[upkeep]\n|-heal|p1a: Kyogre|155/259|[from] item: Leftovers\n|upkeep\n|turn|2\n|inactive|Time left: 300 sec this turn | 300 sec total\n|\n|t:|1783542819\n|move|p1a: Kyogre|Ice Beam|p2a: Raging Bolt\n|-supereffective|p2a: Raging Bolt\n|-damage|p2a: Raging Bolt|35/100\n|move|p2a: Raging Bolt|Thunderbolt|p1a: Kyogre\n|-supereffective|p1a: Kyogre\n|-damage|p1a: Kyogre|27/259\n|\n|-weather|RainDance|[upkeep]\n|-heal|p1a: Kyogre|43/259|[from] item: Leftovers\n|-heal|p2a: Raging Bolt|41/100|[from] item: Leftovers\n|upkeep\n|turn|3\n|inactive|Time left: 300 sec this turn | 300 sec total\n|\n|t:|1783542820\n|move|p2a: Raging Bolt|Thunderclap|p1a: Kyogre\n|-supereffective|p1a: Kyogre\n|-damage|p1a: Kyogre|0 fnt\n|faint|p1a: Kyogre\n|\n|-weather|RainDance|[upkeep]\n|-heal|p2a: Raging Bolt|47/100|[from] item: Leftovers\n|upkeep\n|inactive|Time left: 300 sec this turn | 300 sec total | 5 sec grace\n|\n|t:|1783542821\n|switch|p1a: Sandaconda|Sandaconda, L84, M|258/258\n|turn|4\n|inactive|Time left: 300 sec this turn | 300 sec total\n|\n|t:|1783542822\n|-end|p2a: Raging Bolt|Protosynthesis|[silent]\n|switch|p2a: Oranguru|Oranguru, L92, M|100/100\n|move|p1a: Sandaconda|Earthquake|p2a: Oranguru\n|-damage|p2a: Oranguru|64/100\n|\n|-weather|RainDance|[upkeep]\n|-heal|p2a: Oranguru|70/100|[from] item: Leftovers\n|upkeep\n|turn|5\n|inactive|Time left: 300 sec this turn | 300 sec total\n|\n|t:|1783542823\n|move|p1a: Sandaconda|Coil|p1a: Sandaconda\n|-boost|p1a: Sandaconda|atk|1\n|-boost|p1a: Sandaconda|def|1\n|-boost|p1a: Sandaconda|accuracy|1\n|move|p2a: Oranguru|Nasty Plot|p2a: Oranguru\n|-boost|p2a: Oranguru|spa|2\n|\n|-weather|none\n|-heal|p2a: Oranguru|76/100|[from] item: Leftovers\n|upkeep\n|turn|6\n|inactive|Time left: 300 sec this turn | 300 sec total\n|\n|t:|1783542824\n|move|p1a: Sandaconda|Earthquake|p2a: Oranguru\n|-damage|p2a: Oranguru|26/100\n|move|p2a: Oranguru|Focus Blast|p1a: Sandaconda\n|-damage|p1a: Sandaconda|37/258\n|\n|-heal|p1a: Sandaconda|53/258|[from] item: Leftovers\n|-heal|p2a: Oranguru|32/100|[from] item: Leftovers\n|upkeep\n|turn|7\n|inactive|Time left: 300 sec this turn | 300 sec total\n|\n|t:|1783542825\n|switch|p2a: Lilligant|Lilligant, L86, F|100/100\n|move|p1a: Sandaconda|Earthquake|p2a: Lilligant\n|-resisted|p2a: Lilligant\n|-damage|p2a: Lilligant|66/100\n|\n|-heal|p1a: Sandaconda|69/258|[from] item: Leftovers\n|upkeep\n|turn|8\n|inactive|Time left: 300 sec this turn | 300 sec total\n|\n|t:|1783542826\n|move|p2a: Lilligant|Giga Drain|p1a: Sandaconda\n|-supereffective|p1a: Sandaconda\n|-damage|p1a: Sandaconda|0 fnt\n|-heal|p2a: Lilligant|79/100|[from] drain|[of] p1a: Sandaconda\n|faint|p1a: Sandaconda\n|-damage|p2a: Lilligant|69/100|[from] item: Life Orb\n|\n|upkeep\n|inactive|Time left: 300 sec this turn | 300 sec total | 5 sec grace\n|\n|t:|1783542827\n|switch|p1a: Haxorus|Haxorus, L77, F|244/244\n|-ability|p1a: Haxorus|Mold Breaker\n|turn|9\n|inactive|Time left: 300 sec this turn | 300 sec total\n|\n|t:|1783542828\n|move|p2a: Lilligant|Sleep Powder|p1a: Haxorus\n|-status|p1a: Haxorus|slp|[from] move: Sleep Powder\n|-enditem|p1a: Haxorus|Lum Berry|[eat]\n|-curestatus|p1a: Haxorus|slp|[msg]\n|move|p1a: Haxorus|Outrage|p2a: Lilligant\n|-damage|p2a: Lilligant|1/100\n|\n|upkeep\n|turn|10\n|inactive|Time left: 300 sec this turn | 300 sec total\n|\n|t:|1783542829\n|move|p2a: Lilligant|Sleep Powder|p1a: Haxorus|[miss]\n|-miss|p2a: Lilligant|p1a: Haxorus\n|move|p1a: Haxorus|Outrage|p2a: Lilligant|[from] lockedmove\n|-damage|p2a: Lilligant|0 fnt\n|faint|p2a: Lilligant\n|\n|upkeep\n|\n|t:|1783542830\n|switch|p2a: Pecharunt|Pecharunt, L77|100/100\n|turn|11\n|inactive|Time left: 300 sec this turn | 300 sec total\n|\n|t:|1783542832\n|move|p1a: Haxorus|Outrage|p2a: Pecharunt|[from] lockedmove\n|-damage|p2a: Pecharunt|61/100\n|-start|p1a: Haxorus|confusion|[fatigue]\n|move|p2a: Pecharunt|Malignant Chain|p1a: Haxorus\n|-damage|p1a: Haxorus|129/244\n|\n|-heal|p2a: Pecharunt|67/100|[from] item: Leftovers\n|upkeep\n|turn|12\n|inactive|Time left: 300 sec this turn | 300 sec total\n|\n|t:|1783542833\n|switch|p1a: Iron Treads|Iron Treads, L77|265/265\n|move|p2a: Pecharunt|Malignant Chain|p1a: Iron Treads\n|-immune|p1a: Iron Treads\n|\n|-heal|p2a: Pecharunt|73/100|[from] item: Leftovers\n|upkeep\n|turn|13\n|inactive|Time left: 300 sec this turn | 300 sec total\n|\n|t:|1783542834\n|move|p1a: Iron Treads|Knock Off|p2a: Pecharunt\n|-supereffective|p2a: Pecharunt\n|-damage|p2a: Pecharunt|38/100\n|-enditem|p2a: Pecharunt|Leftovers|[from] move: Knock Off|[of] p1a: Iron Treads\n|move|p2a: Pecharunt|Parting Shot|p1a: Iron Treads\n|-unboost|p1a: Iron Treads|atk|1\n|-unboost|p1a: Iron Treads|spa|1\n|\n|t:|1783542835\n|switch|p2a: Gogoat|Gogoat, L88, M|100/100|[from] Parting Shot\n|\n|upkeep\n|turn|14\n|inactive|Time left: 300 sec this turn | 300 sec total\n|\n|t:|1783542836\n|-end|p1a: Iron Treads|Quark Drive|[silent]\n|switch|p1a: Haxorus|Haxorus, L77, F|129/244\n|-ability|p1a: Haxorus|Mold Breaker\n|move|p2a: Gogoat|Bulk Up|p2a: Gogoat\n|-boost|p2a: Gogoat|atk|1\n|-boost|p2a: Gogoat|def|1\n|\n|upkeep\n|turn|15\n|inactive|Time left: 300 sec this turn | 300 sec total\n|\n|t:|1783542837\n|move|p1a: Haxorus|Iron Head|p2a: Gogoat\n|-damage|p2a: Gogoat|85/100\n|move|p2a: Gogoat|Earthquake|p1a: Haxorus\n|-damage|p1a: Haxorus|4/244\n|\n|-heal|p2a: Gogoat|92/100|[from] item: Leftovers\n|upkeep\n|turn|16\n|inactive|Time left: 300 sec this turn | 300 sec total\n|\n|t:|1783542838\n|move|p1a: Haxorus|Iron Head|p2a: Gogoat\n|-damage|p2a: Gogoat|77/100\n|move|p2a: Gogoat|Horn Leech|p1a: Haxorus\n|-resisted|p1a: Haxorus\n|-damage|p1a: Haxorus|0 fnt\n|-heal|p2a: Gogoat|78/100|[from] drain|[of] p1a: Haxorus\n|faint|p1a: Haxorus\n|\n|-heal|p2a: Gogoat|84/100|[from] item: Leftovers\n|upkeep\n|inactive|Time left: 300 sec this turn | 300 sec total | 5 sec grace\n|\n|t:|1783542839\n|switch|p1a: Iron Treads|Iron Treads, L77|265/265\n|turn|17\n|inactive|Time left: 300 sec this turn | 300 sec total\n|\n|t:|1783542841\n|move|p1a: Iron Treads|Iron Head|p2a: Gogoat\n|-damage|p2a: Gogoat|65/100\n|cant|p2a: Gogoat|flinch\n|\n|-heal|p2a: Gogoat|71/100|[from] item: Leftovers\n|upkeep\n|turn|18\n|inactive|Time left: 300 sec this turn | 300 sec total\n|\n|t:|1783542842\n|move|p1a: Iron Treads|Iron Head|p2a: Gogoat\n|-damage|p2a: Gogoat|54/100\n|cant|p2a: Gogoat|flinch\n|\n|-heal|p2a: Gogoat|60/100|[from] item: Leftovers\n|upkeep\n|turn|19\n|inactive|Time left: 300 sec this turn | 300 sec total\n|\n|t:|1783542843\n|move|p1a: Iron Treads|Iron Head|p2a: Gogoat\n|-damage|p2a: Gogoat|43/100\n|move|p2a: Gogoat|Horn Leech|p1a: Iron Treads\n|-damage|p1a: Iron Treads|147/265\n|-heal|p2a: Gogoat|59/100|[from] drain|[of] p1a: Iron Treads\n|\n|-heal|p2a: Gogoat|65/100|[from] item: Leftovers\n|upkeep\n|turn|20\n|inactive|Time left: 300 sec this turn | 300 sec total\n|\n|t:|1783542844\n|move|p1a: Iron Treads|Iron Head|p2a: Gogoat\n|-damage|p2a: Gogoat|46/100\n|move|p2a: Gogoat|Earthquake|p1a: Iron Treads\n|-supereffective|p1a: Iron Treads\n|-damage|p1a: Iron Treads|0 fnt\n|faint|p1a: Iron Treads\n|-end|p1a: Iron Treads|Quark Drive|[silent]\n|\n|-heal|p2a: Gogoat|52/100|[from] item: Leftovers\n|upkeep\n|inactive|Time left: 300 sec this turn | 300 sec total | 5 sec grace\n|\n|t:|1783542845\n|switch|p1a: Chansey|Chansey, L85, F|564/564\n|turn|21\n|inactive|Time left: 300 sec this turn | 300 sec total\n|\n|t:|1783542846\n|move|p2a: Gogoat|Horn Leech|p1a: Chansey\n|-damage|p1a: Chansey|230/564\n|-heal|p2a: Gogoat|99/100|[from] drain|[of] p1a: Chansey\n|move|p1a: Chansey|Thunder Wave|p2a: Gogoat\n|-status|p2a: Gogoat|par\n|\n|-heal|p2a: Gogoat|100/100 par|[from] item: Leftovers\n|upkeep\n|turn|22\n|inactive|Time left: 300 sec this turn | 300 sec total\n|\n|t:|1783542847\n|move|p1a: Chansey|Soft-Boiled|p1a: Chansey\n|-heal|p1a: Chansey|512/564\n|cant|p2a: Gogoat|par\n|\n|upkeep\n|turn|23\n|inactive|Time left: 300 sec this turn | 300 sec total\n|\n|t:|1783542848\n|move|p1a: Chansey|Heal Bell||[still]\n|-activate|p1a: Chansey|move: Heal Bell\n|-fail|p1a: Chansey\n|cant|p2a: Gogoat|par\n|\n|upkeep\n|turn|24\n|inactive|Time left: 300 sec this turn | 300 sec total\n|\n|t:|1783542849\n|move|p1a: Chansey|Seismic Toss|p2a: Gogoat\n|-damage|p2a: Gogoat|77/100 par\n|move|p2a: Gogoat|Bulk Up|p2a: Gogoat\n|-boost|p2a: Gogoat|atk|1\n|-boost|p2a: Gogoat|def|1\n|\n|-heal|p2a: Gogoat|83/100 par|[from] item: Leftovers\n|upkeep\n|turn|25\n|inactive|Time left: 300 sec this turn | 300 sec total\n|\n|t:|1783542850\n|move|p1a: Chansey|Seismic Toss|p2a: Gogoat\n|-damage|p2a: Gogoat|59/100 par\n|cant|p2a: Gogoat|par\n|\n|-heal|p2a: Gogoat|65/100 par|[from] item: Leftovers\n|upkeep\n|turn|26\n|inactive|Time left: 300 sec this turn | 300 sec total\n|\n|t:|1783542851\n|switch|p1a: Bellibolt|Bellibolt, L84, F|320/320\n|move|p2a: Gogoat|Horn Leech|p1a: Bellibolt\n|-damage|p1a: Bellibolt|151/320\n|-heal|p2a: Gogoat|89/100 par|[from] drain|[of] p1a: Bellibolt\n|-start|p1a: Bellibolt|Charge|Horn Leech|[from] ability: Electromorphosis\n|\n|-heal|p1a: Bellibolt|171/320|[from] item: Leftovers\n|-heal|p2a: Gogoat|95/100 par|[from] item: Leftovers\n|upkeep\n|turn|27\n|inactive|Time left: 300 sec this turn | 300 sec total\n|\n|t:|1783542852\n|move|p1a: Bellibolt|Slack Off|p1a: Bellibolt\n|-heal|p1a: Bellibolt|320/320\n|move|p2a: Gogoat|Earthquake|p1a: Bellibolt\n|-supereffective|p1a: Bellibolt\n|-damage|p1a: Bellibolt|0 fnt\n|faint|p1a: Bellibolt\n|\n|-heal|p2a: Gogoat|100/100 par|[from] item: Leftovers\n|upkeep\n|inactive|Time left: 300 sec this turn | 300 sec total | 5 sec grace\n|\n|t:|1783542853\n|switch|p1a: Chansey|Chansey, L85, F|512/564\n|turn|28\n|inactive|Time left: 300 sec this turn | 300 sec total\n|\n|t:|1783542854\n|-terastallize|p2a: Gogoat|Ground\n|move|p1a: Chansey|Soft-Boiled|p1a: Chansey\n|-heal|p1a: Chansey|564/564\n|move|p2a: Gogoat|Earthquake|p1a: Chansey\n|-damage|p1a: Chansey|2/564\n|\n|upkeep\n|turn|29\n|inactive|Time left: 300 sec this turn | 300 sec total\n|\n|t:|1783542855\n|-terastallize|p1a: Chansey|Fairy\n|move|p1a: Chansey|Soft-Boiled|p1a: Chansey\n|-heal|p1a: Chansey|284/564\n|cant|p2a: Gogoat|par\n|\n|upkeep\n|turn|30\n|inactive|Time left: 300 sec this turn | 300 sec total\n|\n|t:|1783542856\n|move|p1a: Chansey|Soft-Boiled|p1a: Chansey\n|-heal|p1a: Chansey|564/564\n|cant|p2a: Gogoat|par\n|\n|upkeep\n|turn|31\n|inactive|Time left: 300 sec this turn | 300 sec total\n|\n|t:|1783542856\n|move|p1a: Chansey|Thunder Wave|p2a: Gogoat\n|-immune|p2a: Gogoat\n|cant|p2a: Gogoat|par\n|\n|upkeep\n|turn|32\n|inactive|Time left: 300 sec this turn | 300 sec total\n|\n|t:|1783542857\n|move|p1a: Chansey|Thunder Wave|p2a: Gogoat\n|-immune|p2a: Gogoat\n|move|p2a: Gogoat|Earthquake|p1a: Chansey\n|-damage|p1a: Chansey|14/564\n|\n|upkeep\n|turn|33\n|inactive|Time left: 300 sec this turn | 300 sec total\n|\n|t:|1783542858\n|move|p1a: Chansey|Soft-Boiled|p1a: Chansey\n|-heal|p1a: Chansey|296/564\n|cant|p2a: Gogoat|par\n|\n|upkeep\n|turn|34\n|inactive|Time left: 300 sec this turn | 300 sec total\n|\n|t:|1783542859\n|move|p1a: Chansey|Soft-Boiled|p1a: Chansey\n|-heal|p1a: Chansey|564/564\n|move|p2a: Gogoat|Earthquake|p1a: Chansey\n|-damage|p1a: Chansey|8/564\n|\n|upkeep\n|turn|35\n|inactive|Time left: 300 sec this turn | 300 sec total\n|\n|t:|1783542861\n|move|p1a: Chansey|Soft-Boiled|p1a: Chansey\n|-heal|p1a: Chansey|290/564\n|move|p2a: Gogoat|Horn Leech|p1a: Chansey\n|-crit|p1a: Chansey\n|-damage|p1a: Chansey|0 fnt\n|faint|p1a: Chansey\n|\n|win|p0y279dc63", "uploadtime": 1783542861, "views": 0, "rating": 0, "private": 0, "password": null, "_winner": "p0y279dc63", "_our_name": "p0x2797475"}