{"id": "battle-gen9randombattle-2448", "formatid": "gen9randombattle", "format": "[Gen 9] Random Battle", "players": ["p0x24480a41", "p0y24487dfb"], "log": "|init|battle\n|title|p0x24480a41 vs. p0y24487dfb\n|j|\u2606p0x24480a41\n|j|\u2606p0y24487dfb\n|t:|1783568398\n|gametype|singles\n|player|p1|p0x24480a41|265|\n|player|p2|p0y24487dfb|170|\n|gen|9\n|tier|[Gen 9] Random Battle\n|rule|Species Clause: Limit one of each Pok\u00e9mon\n|rule|HP Percentage Mod: HP is shown in percentages\n|rule|Sleep Clause Mod: Limit one foe put to sleep\n|rule|Illusion Level Mod: Illusion disguises the Pok\u00e9mon's true level\n|\n|t:|1783568398\n|teamsize|p1|6\n|teamsize|p2|6\n|start\n|switch|p1a: Snorlax|Snorlax, L82, M|100/100\n|switch|p2a: Suicune|Suicune, L82|298/298\n|-ability|p2a: Suicune|Pressure\n|turn|1\n|inactive|Battle timer is ON: inactive players will automatically lose when time's up. (requested by p0y24487dfb)\n|inactive|p0x24480a41 also wants the timer to be on.\n|\n|t:|1783568399\n|move|p2a: Suicune|Scald|p1a: Snorlax\n|-damage|p1a: Snorlax|84/100\n|-status|p1a: Snorlax|brn\n|move|p1a: Snorlax|Body Slam|p2a: Suicune\n|-damage|p2a: Suicune|260/298\n|-status|p2a: Suicune|par\n|\n|-heal|p1a: Snorlax|90/100 brn|[from] item: Leftovers\n|-heal|p2a: Suicune|278/298 par|[from] item: Leftovers\n|-damage|p1a: Snorlax|84/100 brn|[from] brn\n|upkeep\n|turn|2\n|inactive|Time left: 300 sec this turn | 300 sec total\n|\n|t:|1783568400\n|move|p1a: Snorlax|Curse|p1a: Snorlax\n|-unboost|p1a: Snorlax|spe|1\n|-boost|p1a: Snorlax|atk|1\n|-boost|p1a: Snorlax|def|1\n|move|p2a: Suicune|Calm Mind|p2a: Suicune\n|-boost|p2a: Suicune|spa|1\n|-boost|p2a: Suicune|spd|1\n|\n|-heal|p2a: Suicune|296/298 par|[from] item: Leftovers\n|-heal|p1a: Snorlax|90/100 brn|[from] item: Leftovers\n|-damage|p1a: Snorlax|84/100 brn|[from] brn\n|upkeep\n|turn|3\n|inactive|Time left: 300 sec this turn | 300 sec total\n|\n|t:|1783568401\n|move|p2a: Suicune|Calm Mind|p2a: Suicune\n|-boost|p2a: Suicune|spa|1\n|-boost|p2a: Suicune|spd|1\n|move|p1a: Snorlax|Body Slam|p2a: Suicune\n|-damage|p2a: Suicune|233/298 par\n|\n|-heal|p2a: Suicune|251/298 par|[from] item: Leftovers\n|-heal|p1a: Snorlax|90/100 brn|[from] item: Leftovers\n|-damage|p1a: Snorlax|84/100 brn|[from] brn\n|upkeep\n|turn|4\n|inactive|Time left: 300 sec this turn | 300 sec total\n|\n|t:|1783568402\n|move|p2a: Suicune|Scald|p1a: Snorlax\n|-damage|p1a: Snorlax|50/100 brn\n|move|p1a: Snorlax|Body Slam|p2a: Suicune\n|-damage|p2a: Suicune|190/298 par\n|\n|-heal|p2a: Suicune|208/298 par|[from] item: Leftovers\n|-heal|p1a: Snorlax|56/100 brn|[from] item: Leftovers\n|-damage|p1a: Snorlax|50/100 brn|[from] brn\n|upkeep\n|turn|5\n|inactive|Time left: 300 sec this turn | 300 sec total\n|\n|t:|1783568402\n|move|p2a: Suicune|Scald|p1a: Snorlax\n|-damage|p1a: Snorlax|15/100 brn\n|move|p1a: Snorlax|Crunch|p2a: Suicune\n|-damage|p2a: Suicune|172/298 par\n|\n|-heal|p2a: Suicune|190/298 par|[from] item: Leftovers\n|-heal|p1a: Snorlax|21/100 brn|[from] item: Leftovers\n|-damage|p1a: Snorlax|15/100 brn|[from] brn\n|upkeep\n|turn|6\n|inactive|Time left: 300 sec this turn | 300 sec total\n|\n|t:|1783568403\n|move|p2a: Suicune|Scald|p1a: Snorlax\n|-damage|p1a: Snorlax|0 fnt\n|faint|p1a: Snorlax\n|\n|-heal|p2a: Suicune|208/298 par|[from] item: Leftovers\n|upkeep\n|\n|t:|1783568404\n|switch|p1a: Brambleghast|Brambleghast, L88, M|100/100\n|turn|7\n|inactive|Time left: 300 sec this turn | 300 sec total\n|\n|t:|1783568405\n|-terastallize|p2a: Suicune|Steel\n|move|p1a: Brambleghast|Power Whip|p2a: Suicune\n|-resisted|p2a: Suicune\n|-damage|p2a: Suicune|145/298 par\n|move|p2a: Suicune|Ice Beam|p1a: Brambleghast\n|-supereffective|p1a: Brambleghast\n|-damage|p1a: Brambleghast|0 fnt\n|faint|p1a: Brambleghast\n|\n|-heal|p2a: Suicune|163/298 par|[from] item: Leftovers\n|upkeep\n|\n|t:|1783568405\n|switch|p1a: Armarouge|Armarouge, L80, M|100/100\n|turn|8\n|inactive|Time left: 300 sec this turn | 300 sec total\n|\n|t:|1783568406\n|move|p1a: Armarouge|Armor Cannon|p2a: Suicune\n|-supereffective|p2a: Suicune\n|-damage|p2a: Suicune|0 fnt\n|-unboost|p1a: Armarouge|def|1\n|-unboost|p1a: Armarouge|spd|1\n|faint|p2a: Suicune\n|\n|upkeep\n|inactive|Time left: 300 sec this turn | 300 sec total | 5 sec grace\n|\n|t:|1783568407\n|switch|p2a: Golem|Golem-Alola, L93, M|300/300\n|turn|9\n|inactive|Time left: 300 sec this turn | 300 sec total\n|\n|t:|1783568408\n|move|p1a: Armarouge|Armor Cannon|p2a: Golem\n|-resisted|p2a: Golem\n|-damage|p2a: Golem|179/300\n|-unboost|p1a: Armarouge|def|1\n|-unboost|p1a: Armarouge|spd|1\n|move|p2a: Golem|Stone Edge|p1a: Armarouge\n|-supereffective|p1a: Armarouge\n|-damage|p1a: Armarouge|0 fnt\n|faint|p1a: Armarouge\n|-damage|p2a: Golem|149/300|[from] item: Life Orb\n|\n|upkeep\n|\n|t:|1783568409\n|switch|p1a: Cloyster|Cloyster, L80, M|100/100\n|turn|10\n|inactive|Time left: 300 sec this turn | 300 sec total\n|\n|t:|1783568410\n|-terastallize|p1a: Cloyster|Ground\n|move|p1a: Cloyster|Shell Smash|p1a: Cloyster\n|-unboost|p1a: Cloyster|def|1\n|-unboost|p1a: Cloyster|spd|1\n|-boost|p1a: Cloyster|atk|2\n|-boost|p1a: Cloyster|spa|2\n|-boost|p1a: Cloyster|spe|2\n|-enditem|p1a: Cloyster|White Herb\n|-clearnegativeboost|p1a: Cloyster|[silent]\n|move|p2a: Golem|Double-Edge|p1a: Cloyster\n|-immune|p1a: Cloyster\n|\n|upkeep\n|turn|11\n|inactive|Time left: 300 sec this turn | 300 sec total\n|\n|t:|1783568411\n|switch|p2a: Orthworm|Orthworm, L88, F|266/266\n|move|p1a: Cloyster|Icicle Spear|p2a: Orthworm\n|-resisted|p2a: Orthworm\n|-damage|p2a: Orthworm|251/266\n|-resisted|p2a: Orthworm\n|-damage|p2a: Orthworm|236/266\n|-resisted|p2a: Orthworm\n|-damage|p2a: Orthworm|221/266\n|-resisted|p2a: Orthworm\n|-damage|p2a: Orthworm|206/266\n|-resisted|p2a: Orthworm\n|-damage|p2a: Orthworm|191/266\n|-hitcount|p2a: Orthworm|5\n|\n|-heal|p2a: Orthworm|207/266|[from] item: Leftovers\n|upkeep\n|turn|12\n|inactive|Time left: 300 sec this turn | 300 sec total\n|\n|t:|1783568413\n|move|p1a: Cloyster|Shell Smash|p1a: Cloyster\n|-unboost|p1a: Cloyster|def|1\n|-unboost|p1a: Cloyster|spd|1\n|-boost|p1a: Cloyster|atk|2\n|-boost|p1a: Cloyster|spa|2\n|-boost|p1a: Cloyster|spe|2\n|move|p2a: Orthworm|Body Press|p1a: Cloyster\n|-damage|p1a: Cloyster|65/100\n|\n|-heal|p2a: Orthworm|223/266|[from] item: Leftovers\n|upkeep\n|turn|13\n|inactive|Time left: 300 sec this turn | 300 sec total\n|\n|t:|1783568414\n|move|p1a: Cloyster|Icicle Spear|p2a: Orthworm\n|-resisted|p2a: Orthworm\n|-damage|p2a: Orthworm|200/266\n|-resisted|p2a: Orthworm\n|-damage|p2a: Orthworm|176/266\n|-resisted|p2a: Orthworm\n|-damage|p2a: Orthworm|152/266\n|-resisted|p2a: Orthworm\n|-damage|p2a: Orthworm|127/266\n|-resisted|p2a: Orthworm\n|-damage|p2a: Orthworm|103/266\n|-hitcount|p2a: Orthworm|5\n|move|p2a: Orthworm|Body Press|p1a: Cloyster\n|-damage|p1a: Cloyster|27/100\n|\n|-heal|p2a: Orthworm|119/266|[from] item: Leftovers\n|upkeep\n|turn|14\n|inactive|Time left: 300 sec this turn | 300 sec total\n|\n|t:|1783568415\n|move|p1a: Cloyster|Icicle Spear|p2a: Orthworm\n|-resisted|p2a: Orthworm\n|-damage|p2a: Orthworm|95/266\n|-resisted|p2a: Orthworm\n|-damage|p2a: Orthworm|70/266\n|-resisted|p2a: Orthworm\n|-damage|p2a: Orthworm|47/266\n|-resisted|p2a: Orthworm\n|-damage|p2a: Orthworm|22/266\n|-resisted|p2a: Orthworm\n|-damage|p2a: Orthworm|1/266\n|-hitcount|p2a: Orthworm|5\n|move|p2a: Orthworm|Body Press|p1a: Cloyster\n|-damage|p1a: Cloyster|0 fnt\n|faint|p1a: Cloyster\n|\n|-heal|p2a: Orthworm|17/266|[from] item: Leftovers\n|upkeep\n|\n|t:|1783568416\n|switch|p1a: Wugtrio|Wugtrio, L91, M|100/100\n|turn|15\n|inactive|Time left: 300 sec this turn | 300 sec total\n|\n|t:|1783568417\n|switch|p2a: Samurott|Samurott, L88, M|310/310\n|move|p1a: Wugtrio|Liquidation|p2a: Samurott\n|-resisted|p2a: Samurott\n|-damage|p2a: Samurott|226/310\n|\n|upkeep\n|turn|16\n|inactive|Time left: 300 sec this turn | 300 sec total\n|\n|t:|1783568418\n|move|p1a: Wugtrio|Liquidation|p2a: Samurott\n|-resisted|p2a: Samurott\n|-damage|p2a: Samurott|145/310\n|-unboost|p2a: Samurott|def|1\n|move|p2a: Samurott|Knock Off|p1a: Wugtrio\n|-damage|p1a: Wugtrio|55/100\n|-ability|p1a: Wugtrio|Gooey\n|-unboost|p2a: Samurott|spe|1\n|-enditem|p1a: Wugtrio|Choice Band|[from] move: Knock Off|[of] p2a: Samurott\n|\n|upkeep\n|turn|17\n|inactive|Time left: 300 sec this turn | 300 sec total\n|\n|t:|1783568420\n|move|p1a: Wugtrio|Throat Chop|p2a: Samurott\n|-damage|p2a: Samurott|50/310\n|-start|p2a: Samurott|Throat Chop|[silent]\n|move|p2a: Samurott|Flip Turn|p1a: Wugtrio\n|-resisted|p1a: Wugtrio\n|-damage|p1a: Wugtrio|21/100\n|-ability|p1a: Wugtrio|Gooey\n|-unboost|p2a: Samurott|spe|1\n|inactive|Time left: 300 sec this turn | 300 sec total | 5 sec grace\n|\n|t:|1783568421\n|switch|p2a: Misdreavus|Misdreavus, L90, M|254/254|[from] Flip Turn\n|\n|upkeep\n|turn|18\n|inactive|Time left: 300 sec this turn | 300 sec total\n|\n|t:|1783568422\n|move|p1a: Wugtrio|Throat Chop|p2a: Misdreavus\n|-supereffective|p2a: Misdreavus\n|-damage|p2a: Misdreavus|142/254\n|-start|p2a: Misdreavus|Throat Chop|[silent]\n|move|p2a: Misdreavus|Shadow Ball|p1a: Wugtrio\n|-damage|p1a: Wugtrio|0 fnt\n|faint|p1a: Wugtrio\n|\n|upkeep\n|\n|t:|1783568423\n|switch|p1a: Incineroar|Incineroar, L82, F|100/100\n|-ability|p1a: Incineroar|Intimidate|boost\n|-unboost|p2a: Misdreavus|atk|1\n|turn|19\n|inactive|Time left: 300 sec this turn | 300 sec total\n|\n|t:|1783568424\n|switch|p2a: Samurott|Samurott, L88, M|50/310\n|move|p1a: Incineroar|Knock Off|p2a: Samurott\n|-damage|p2a: Samurott|0 fnt\n|-enditem|p2a: Samurott|Assault Vest|[from] move: Knock Off|[of] p1a: Incineroar\n|faint|p2a: Samurott\n|\n|upkeep\n|inactive|Time left: 300 sec this turn | 300 sec total | 5 sec grace\n|\n|t:|1783568425\n|switch|p2a: Golem|Golem-Alola, L93, M|149/300\n|turn|20\n|inactive|Time left: 300 sec this turn | 300 sec total\n|\n|t:|1783568426\n|move|p1a: Incineroar|Knock Off|p2a: Golem\n|-damage|p2a: Golem|68/300\n|-enditem|p2a: Golem|Life Orb|[from] move: Knock Off|[of] p1a: Incineroar\n|move|p2a: Golem|Stone Edge|p1a: Incineroar\n|-supereffective|p1a: Incineroar\n|-damage|p1a: Incineroar|0 fnt\n|faint|p1a: Incineroar\n|\n|win|p0y24487dfb", "uploadtime": 1783568426, "views": 0, "rating": 0, "private": 0, "password": null, "_winner": "p0y24487dfb", "_our_name": "p0y24487dfb"}