{"id": "battle-gen9randombattle-2026", "formatid": "gen9randombattle", "format": "[Gen 9] Random Battle", "players": ["p0x20269283", "p0y2026150c"], "log": "|init|battle\n|title|p0x20269283 vs. p0y2026150c\n|j|\u2606p0x20269283\n|j|\u2606p0y2026150c\n|t:|1783562711\n|gametype|singles\n|player|p1|p0x20269283|169|\n|player|p2|p0y2026150c|102|\n|gen|9\n|tier|[Gen 9] Random Battle\n|rule|Species Clause: Limit one of each Pok\u00e9mon\n|rule|HP Percentage Mod: HP is shown in percentages\n|rule|Sleep Clause Mod: Limit one foe put to sleep\n|rule|Illusion Level Mod: Illusion disguises the Pok\u00e9mon's true level\n|\n|t:|1783562711\n|teamsize|p1|6\n|teamsize|p2|6\n|start\n|switch|p1a: Salamence|Salamence, L77, M|273/273\n|switch|p2a: Swanna|Swanna, L89, M|100/100\n|-ability|p1a: Salamence|Intimidate|boost\n|-unboost|p2a: Swanna|atk|1\n|turn|1\n|inactive|Battle timer is ON: inactive players will automatically lose when time's up. (requested by p0x20269283)\n|inactive|p0y2026150c also wants the timer to be on.\n|\n|t:|1783562712\n|switch|p2a: Porygon2|Porygon2, L81|100/100\n|-ability|p2a: Porygon2|Download|boost\n|-boost|p2a: Porygon2|spa|1\n|move|p1a: Salamence|Dragon Dance|p1a: Salamence\n|-boost|p1a: Salamence|atk|1\n|-boost|p1a: Salamence|spe|1\n|\n|upkeep\n|turn|2\n|inactive|Time left: 300 sec this turn | 300 sec total\n|\n|t:|1783562713\n|-terastallize|p1a: Salamence|Dragon\n|move|p1a: Salamence|Outrage|p2a: Porygon2\n|-damage|p2a: Porygon2|36/100\n|move|p2a: Porygon2|Ice Beam|p1a: Salamence\n|-supereffective|p1a: Salamence\n|-damage|p1a: Salamence|41/273\n|\n|upkeep\n|turn|3\n|inactive|Time left: 300 sec this turn | 300 sec total\n|\n|t:|1783562714\n|switch|p2a: Amoonguss|Amoonguss, L82, F|100/100\n|move|p1a: Salamence|Outrage|p2a: Amoonguss|[from] lockedmove\n|-damage|p2a: Amoonguss|0 fnt\n|-damage|p1a: Salamence|0 fnt|[from] item: Rocky Helmet|[of] p2a: Amoonguss\n|faint|p2a: Amoonguss\n|faint|p1a: Salamence\n|\n|upkeep\n|inactive|Time left: 300 sec this turn | 300 sec total | 5 sec grace\n|\n|t:|1783562715\n|switch|p1a: Azumarill|Azumarill, L82, M|298/298\n|switch|p2a: Porygon2|Porygon2, L81|36/100\n|-ability|p2a: Porygon2|Download|boost\n|-boost|p2a: Porygon2|spa|1\n|turn|4\n|inactive|Time left: 300 sec this turn | 300 sec total\n|\n|t:|1783562716\n|move|p2a: Porygon2|Recover|p2a: Porygon2\n|-heal|p2a: Porygon2|86/100\n|move|p1a: Azumarill|Liquidation|p2a: Porygon2\n|-damage|p2a: Porygon2|49/100\n|\n|upkeep\n|turn|5\n|inactive|Time left: 300 sec this turn | 300 sec total\n|\n|t:|1783562717\n|move|p2a: Porygon2|Discharge|p1a: Azumarill\n|-supereffective|p1a: Azumarill\n|-damage|p1a: Azumarill|96/298\n|-status|p1a: Azumarill|par\n|cant|p1a: Azumarill|par\n|\n|upkeep\n|turn|6\n|inactive|Time left: 300 sec this turn | 300 sec total\n|\n|t:|1783562718\n|move|p2a: Porygon2|Discharge|p1a: Azumarill\n|-supereffective|p1a: Azumarill\n|-crit|p1a: Azumarill\n|-damage|p1a: Azumarill|0 fnt\n|faint|p1a: Azumarill\n|\n|upkeep\n|inactive|Time left: 300 sec this turn | 300 sec total | 5 sec grace\n|\n|t:|1783562719\n|switch|p1a: Mightyena|Mightyena, L96, M|290/290\n|-ability|p1a: Mightyena|Intimidate|boost\n|-unboost|p2a: Porygon2|atk|1\n|turn|7\n|inactive|Time left: 300 sec this turn | 300 sec total\n|\n|t:|1783562720\n|move|p1a: Mightyena|Crunch|p2a: Porygon2\n|-damage|p2a: Porygon2|21/100\n|move|p2a: Porygon2|Recover|p2a: Porygon2\n|-heal|p2a: Porygon2|71/100\n|\n|upkeep\n|turn|8\n|inactive|Time left: 300 sec this turn | 300 sec total\n|\n|t:|1783562721\n|move|p1a: Mightyena|Crunch|p2a: Porygon2\n|-damage|p2a: Porygon2|45/100\n|move|p2a: Porygon2|Tri Attack|p1a: Mightyena\n|-crit|p1a: Mightyena\n|-damage|p1a: Mightyena|58/290\n|\n|-heal|p1a: Mightyena|76/290|[from] item: Leftovers\n|upkeep\n|turn|9\n|inactive|Time left: 300 sec this turn | 300 sec total\n|\n|t:|1783562722\n|move|p1a: Mightyena|Crunch|p2a: Porygon2\n|-damage|p2a: Porygon2|18/100\n|move|p2a: Porygon2|Recover|p2a: Porygon2\n|-heal|p2a: Porygon2|68/100\n|\n|-heal|p1a: Mightyena|94/290|[from] item: Leftovers\n|upkeep\n|turn|10\n|inactive|Time left: 300 sec this turn | 300 sec total\n|\n|t:|1783562723\n|switch|p1a: Magearna|Magearna, L77|250/250\n|move|p2a: Porygon2|Tri Attack|p1a: Magearna\n|-resisted|p1a: Magearna\n|-damage|p1a: Magearna|193/250\n|\n|-heal|p1a: Magearna|208/250|[from] item: Leftovers\n|upkeep\n|turn|11\n|inactive|Time left: 300 sec this turn | 300 sec total\n|\n|t:|1783562724\n|move|p1a: Magearna|Aura Sphere|p2a: Porygon2\n|-supereffective|p2a: Porygon2\n|-damage|p2a: Porygon2|39/100\n|move|p2a: Porygon2|Discharge|p1a: Magearna\n|-damage|p1a: Magearna|139/250\n|\n|-heal|p1a: Magearna|154/250|[from] item: Leftovers\n|upkeep\n|turn|12\n|inactive|Time left: 300 sec this turn | 300 sec total\n|\n|t:|1783562725\n|move|p1a: Magearna|Aura Sphere|p2a: Porygon2\n|-supereffective|p2a: Porygon2\n|-damage|p2a: Porygon2|11/100\n|move|p2a: Porygon2|Recover|p2a: Porygon2\n|-heal|p2a: Porygon2|61/100\n|\n|-heal|p1a: Magearna|169/250|[from] item: Leftovers\n|upkeep\n|turn|13\n|inactive|Time left: 300 sec this turn | 300 sec total\n|\n|t:|1783562726\n|move|p1a: Magearna|Flash Cannon|p2a: Porygon2\n|-damage|p2a: Porygon2|39/100\n|move|p2a: Porygon2|Discharge|p1a: Magearna\n|-damage|p1a: Magearna|95/250\n|\n|-heal|p1a: Magearna|110/250|[from] item: Leftovers\n|upkeep\n|turn|14\n|inactive|Time left: 300 sec this turn | 300 sec total\n|\n|t:|1783562728\n|move|p1a: Magearna|Flash Cannon|p2a: Porygon2\n|-damage|p2a: Porygon2|18/100\n|move|p2a: Porygon2|Recover|p2a: Porygon2\n|-heal|p2a: Porygon2|68/100\n|\n|-heal|p1a: Magearna|125/250|[from] item: Leftovers\n|upkeep\n|turn|15\n|inactive|Time left: 300 sec this turn | 300 sec total\n|\n|t:|1783562729\n|move|p1a: Magearna|Flash Cannon|p2a: Porygon2\n|-damage|p2a: Porygon2|47/100\n|move|p2a: Porygon2|Recover|p2a: Porygon2\n|-heal|p2a: Porygon2|97/100\n|\n|-heal|p1a: Magearna|140/250|[from] item: Leftovers\n|upkeep\n|turn|16\n|inactive|Time left: 300 sec this turn | 300 sec total\n|\n|t:|1783562730\n|move|p1a: Magearna|Pain Split|p2a: Porygon2\n|-sethp|p2a: Porygon2|75/100|[from] move: Pain Split|[silent]\n|-sethp|p1a: Magearna|200/250|[from] move: Pain Split\n|move|p2a: Porygon2|Discharge|p1a: Magearna\n|-damage|p1a: Magearna|121/250\n|\n|-heal|p1a: Magearna|136/250|[from] item: Leftovers\n|upkeep\n|turn|17\n|inactive|Time left: 300 sec this turn | 300 sec total\n|\n|t:|1783562731\n|move|p1a: Magearna|Pain Split|p2a: Porygon2\n|-sethp|p2a: Porygon2|63/100|[from] move: Pain Split|[silent]\n|-sethp|p1a: Magearna|168/250|[from] move: Pain Split\n|move|p2a: Porygon2|Discharge|p1a: Magearna\n|-damage|p1a: Magearna|88/250\n|\n|-heal|p1a: Magearna|103/250|[from] item: Leftovers\n|upkeep\n|turn|18\n|inactive|Time left: 300 sec this turn | 300 sec total\n|\n|t:|1783562732\n|move|p1a: Magearna|Pain Split|p2a: Porygon2\n|-sethp|p2a: Porygon2|50/100|[from] move: Pain Split|[silent]\n|-sethp|p1a: Magearna|135/250|[from] move: Pain Split\n|move|p2a: Porygon2|Recover|p2a: Porygon2\n|-heal|p2a: Porygon2|100/100\n|\n|-heal|p1a: Magearna|150/250|[from] item: Leftovers\n|upkeep\n|turn|19\n|inactive|Time left: 300 sec this turn | 300 sec total\n|\n|t:|1783562733\n|move|p1a: Magearna|Pain Split|p2a: Porygon2\n|-sethp|p2a: Porygon2|78/100|[from] move: Pain Split|[silent]\n|-sethp|p1a: Magearna|210/250|[from] move: Pain Split\n|move|p2a: Porygon2|Discharge|p1a: Magearna\n|-damage|p1a: Magearna|138/250\n|\n|-heal|p1a: Magearna|153/250|[from] item: Leftovers\n|upkeep\n|turn|20\n|inactive|Time left: 300 sec this turn | 300 sec total\n|\n|t:|1783562735\n|move|p1a: Magearna|Aura Sphere|p2a: Porygon2\n|-supereffective|p2a: Porygon2\n|-damage|p2a: Porygon2|52/100\n|move|p2a: Porygon2|Tri Attack|p1a: Magearna\n|-resisted|p1a: Magearna\n|-damage|p1a: Magearna|96/250\n|\n|-heal|p1a: Magearna|111/250|[from] item: Leftovers\n|upkeep\n|turn|21\n|inactive|Time left: 300 sec this turn | 300 sec total\n|\n|t:|1783562736\n|move|p1a: Magearna|Flash Cannon|p2a: Porygon2\n|-damage|p2a: Porygon2|30/100\n|move|p2a: Porygon2|Discharge|p1a: Magearna\n|-damage|p1a: Magearna|41/250\n|\n|-heal|p1a: Magearna|56/250|[from] item: Leftovers\n|upkeep\n|turn|22\n|inactive|Time left: 300 sec this turn | 300 sec total\n|\n|t:|1783562737\n|-terastallize|p2a: Porygon2|Poison\n|move|p1a: Magearna|Fleur Cannon|p2a: Porygon2\n|-resisted|p2a: Porygon2\n|-damage|p2a: Porygon2|11/100\n|-unboost|p1a: Magearna|spa|2\n|move|p2a: Porygon2|Recover|p2a: Porygon2\n|-heal|p2a: Porygon2|61/100\n|\n|-heal|p1a: Magearna|71/250|[from] item: Leftovers\n|upkeep\n|turn|23\n|inactive|Time left: 300 sec this turn | 300 sec total\n|\n|t:|1783562738\n|move|p1a: Magearna|Pain Split|p2a: Porygon2\n|-sethp|p2a: Porygon2|44/100|[from] move: Pain Split|[silent]\n|-sethp|p1a: Magearna|117/250|[from] move: Pain Split\n|move|p2a: Porygon2|Discharge|p1a: Magearna\n|-damage|p1a: Magearna|36/250\n|\n|-heal|p1a: Magearna|51/250|[from] item: Leftovers\n|upkeep\n|turn|24\n|inactive|Time left: 300 sec this turn | 300 sec total\n|\n|t:|1783562739\n|move|p1a: Magearna|Pain Split|p2a: Porygon2\n|-sethp|p2a: Porygon2|32/100|[from] move: Pain Split|[silent]\n|-sethp|p1a: Magearna|84/250|[from] move: Pain Split\n|move|p2a: Porygon2|Discharge|p1a: Magearna\n|-damage|p1a: Magearna|16/250\n|\n|-heal|p1a: Magearna|31/250|[from] item: Leftovers\n|upkeep\n|turn|25\n|inactive|Time left: 300 sec this turn | 300 sec total\n|\n|t:|1783562740\n|move|p1a: Magearna|Pain Split|p2a: Porygon2\n|-sethp|p2a: Porygon2|22/100|[from] move: Pain Split|[silent]\n|-sethp|p1a: Magearna|57/250|[from] move: Pain Split\n|move|p2a: Porygon2|Tri Attack|p1a: Magearna\n|-resisted|p1a: Magearna\n|-damage|p1a: Magearna|3/250\n|\n|-heal|p1a: Magearna|18/250|[from] item: Leftovers\n|upkeep\n|turn|26\n|inactive|Time left: 300 sec this turn | 300 sec total\n|\n|t:|1783562741\n|move|p1a: Magearna|Pain Split|p2a: Porygon2\n|-sethp|p2a: Porygon2|14/100|[from] move: Pain Split|[silent]\n|-sethp|p1a: Magearna|37/250|[from] move: Pain Split\n|move|p2a: Porygon2|Ice Beam|p1a: Magearna\n|-resisted|p1a: Magearna\n|-damage|p1a: Magearna|0 fnt\n|faint|p1a: Magearna\n|\n|upkeep\n|inactive|Time left: 300 sec this turn | 300 sec total | 5 sec grace\n|\n|t:|1783562742\n|switch|p1a: Mightyena|Mightyena, L96, M|94/290\n|-ability|p1a: Mightyena|Intimidate|boost\n|-unboost|p2a: Porygon2|atk|1\n|turn|27\n|inactive|Time left: 300 sec this turn | 300 sec total\n|\n|t:|1783562743\n|move|p1a: Mightyena|Crunch|p2a: Porygon2\n|-damage|p2a: Porygon2|0 fnt\n|faint|p2a: Porygon2\n|\n|-heal|p1a: Mightyena|112/290|[from] item: Leftovers\n|upkeep\n|\n|t:|1783562744\n|switch|p2a: Barraskewda|Barraskewda, L81, F|100/100\n|turn|28\n|inactive|Time left: 300 sec this turn | 300 sec total\n|\n|t:|1783562745\n|move|p1a: Mightyena|Sucker Punch|p2a: Barraskewda\n|-damage|p2a: Barraskewda|46/100\n|move|p2a: Barraskewda|Waterfall|p1a: Mightyena\n|-crit|p1a: Mightyena\n|-damage|p1a: Mightyena|0 fnt\n|faint|p1a: Mightyena\n|\n|upkeep\n|inactive|Time left: 300 sec this turn | 300 sec total | 5 sec grace\n|\n|t:|1783562746\n|switch|p1a: Crawdaunt|Crawdaunt, L84, F|243/243\n|turn|29\n|inactive|Time left: 300 sec this turn | 300 sec total\n|\n|t:|1783562747\n|move|p2a: Barraskewda|Waterfall|p1a: Crawdaunt\n|-resisted|p1a: Crawdaunt\n|-damage|p1a: Crawdaunt|165/243\n|move|p1a: Crawdaunt|Dragon Dance|p1a: Crawdaunt\n|-boost|p1a: Crawdaunt|atk|1\n|-boost|p1a: Crawdaunt|spe|1\n|\n|upkeep\n|turn|30\n|inactive|Time left: 300 sec this turn | 300 sec total\n|\n|t:|1783562747\n|move|p2a: Barraskewda|Waterfall|p1a: Crawdaunt\n|-resisted|p1a: Crawdaunt\n|-damage|p1a: Crawdaunt|98/243\n|cant|p1a: Crawdaunt|flinch\n|\n|upkeep\n|turn|31\n|inactive|Time left: 300 sec this turn | 300 sec total\n|\n|t:|1783562748\n|move|p2a: Barraskewda|Waterfall|p1a: Crawdaunt\n|-resisted|p1a: Crawdaunt\n|-damage|p1a: Crawdaunt|18/243\n|move|p1a: Crawdaunt|Dragon Dance|p1a: Crawdaunt\n|-boost|p1a: Crawdaunt|atk|1\n|-boost|p1a: Crawdaunt|spe|1\n|\n|upkeep\n|turn|32\n|inactive|Time left: 300 sec this turn | 300 sec total\n|\n|t:|1783562749\n|move|p1a: Crawdaunt|Knock Off|p2a: Barraskewda\n|-damage|p2a: Barraskewda|0 fnt\n|-enditem|p2a: Barraskewda|Choice Band|[from] move: Knock Off|[of] p1a: Crawdaunt\n|faint|p2a: Barraskewda\n|-damage|p1a: Crawdaunt|0 fnt|[from] item: Life Orb\n|faint|p1a: Crawdaunt\n|\n|upkeep\n|inactive|Time left: 300 sec this turn | 300 sec total | 5 sec grace\n|\n|t:|1783562750\n|switch|p2a: Zebstrika|Zebstrika, L87, M|100/100\n|switch|p1a: Ursaluna|Ursaluna-Bloodmoon, L79, M|308/308\n|turn|33\n|inactive|Time left: 300 sec this turn | 300 sec total\n|\n|t:|1783562751\n|switch|p2a: Swanna|Swanna, L89, M|100/100\n|move|p1a: Ursaluna|Calm Mind|p1a: Ursaluna\n|-boost|p1a: Ursaluna|spa|1\n|-boost|p1a: Ursaluna|spd|1\n|\n|upkeep\n|turn|34\n|inactive|Time left: 300 sec this turn | 300 sec total\n|\n|t:|1783562752\n|move|p2a: Swanna|Hydro Pump|p1a: Ursaluna|[miss]\n|-miss|p2a: Swanna|p1a: Ursaluna\n|move|p1a: Ursaluna|Blood Moon|p2a: Swanna\n|-damage|p2a: Swanna|0 fnt\n|faint|p2a: Swanna\n|\n|upkeep\n|\n|t:|1783562753\n|switch|p2a: Palossand|Palossand, L89, M|100/100\n|turn|35\n|inactive|Time left: 300 sec this turn | 300 sec total\n|\n|t:|1783562753\n|move|p1a: Ursaluna|Calm Mind|p1a: Ursaluna\n|-boost|p1a: Ursaluna|spa|1\n|-boost|p1a: Ursaluna|spd|1\n|move|p2a: Palossand|Sludge Bomb|p1a: Ursaluna\n|-resisted|p1a: Ursaluna\n|-damage|p1a: Ursaluna|286/308\n|\n|-heal|p1a: Ursaluna|305/308|[from] item: Leftovers\n|upkeep\n|turn|36\n|inactive|Time left: 300 sec this turn | 300 sec total\n|\n|t:|1783562754\n|switch|p2a: Zebstrika|Zebstrika, L87, M|100/100\n|move|p1a: Ursaluna|Blood Moon|p2a: Zebstrika\n|-damage|p2a: Zebstrika|0 fnt\n|faint|p2a: Zebstrika\n|\n|-heal|p1a: Ursaluna|308/308|[from] item: Leftovers\n|upkeep\n|\n|t:|1783562755\n|switch|p2a: Palossand|Palossand, L89, M|100/100\n|turn|37\n|inactive|Time left: 300 sec this turn | 300 sec total\n|\n|t:|1783562756\n|move|p1a: Ursaluna|Earth Power|p2a: Palossand\n|-damage|p2a: Palossand|23/100\n|move|p2a: Palossand|Earth Power|p1a: Ursaluna\n|-damage|p1a: Ursaluna|230/308\n|\n|-heal|p1a: Ursaluna|249/308|[from] item: Leftovers\n|-heal|p2a: Palossand|30/100|[from] item: Leftovers\n|upkeep\n|turn|38\n|inactive|Time left: 300 sec this turn | 300 sec total\n|\n|t:|1783562757\n|move|p1a: Ursaluna|Blood Moon|p2a: Palossand\n|-crit|p2a: Palossand\n|-damage|p2a: Palossand|0 fnt\n|faint|p2a: Palossand\n|\n|win|p0x20269283", "uploadtime": 1783562757, "views": 0, "rating": 0, "private": 0, "password": null, "_winner": "p0x20269283", "_our_name": "p0x20269283"}