{"id": "battle-gen9randombattle-427", "formatid": "gen9randombattle", "format": "[Gen 9] Random Battle", "players": ["p0x4277a7d", "p0y4277d5c"], "log": "|init|battle\n|title|p0x4277a7d vs. p0y4277d5c\n|j|\u2606p0x4277a7d\n|j|\u2606p0y4277d5c\n|t:|1783544680\n|gametype|singles\n|player|p1|p0x4277a7d|169|\n|player|p2|p0y4277d5c|170|\n|gen|9\n|tier|[Gen 9] Random Battle\n|rule|Species Clause: Limit one of each Pok\u00e9mon\n|rule|HP Percentage Mod: HP is shown in percentages\n|rule|Sleep Clause Mod: Limit one foe put to sleep\n|rule|Illusion Level Mod: Illusion disguises the Pok\u00e9mon's true level\n|\n|t:|1783544680\n|teamsize|p1|6\n|teamsize|p2|6\n|start\n|switch|p1a: Gothitelle|Gothitelle, L90, M|100/100\n|switch|p2a: Dusknoir|Dusknoir, L89, M|225/225\n|-item|p1a: Gothitelle|Leftovers|[from] ability: Frisk|[of] p2a: Dusknoir\n|turn|1\n|inactive|Battle timer is ON: inactive players will automatically lose when time's up. (requested by p0y4277d5c)\n|inactive|p0x4277a7d also wants the timer to be on.\n|\n|t:|1783544682\n|switch|p1a: Sawsbuck|Sawsbuck-Winter, L88, M|100/100\n|move|p2a: Dusknoir|Poltergeist|p1a: Sawsbuck\n|-immune|p1a: Sawsbuck\n|\n|upkeep\n|turn|2\n|inactive|Time left: 300 sec this turn | 300 sec total\n|\n|t:|1783544683\n|move|p1a: Sawsbuck|Swords Dance|p1a: Sawsbuck\n|-boost|p1a: Sawsbuck|atk|2\n|move|p2a: Dusknoir|Earthquake|p1a: Sawsbuck\n|-resisted|p1a: Sawsbuck\n|-damage|p1a: Sawsbuck|81/100\n|-damage|p2a: Dusknoir|203/225|[from] item: Life Orb\n|\n|upkeep\n|turn|3\n|inactive|Time left: 300 sec this turn | 300 sec total\n|\n|t:|1783544684\n|move|p1a: Sawsbuck|Horn Leech|p2a: Dusknoir\n|-damage|p2a: Dusknoir|39/225\n|-heal|p1a: Sawsbuck|100/100|[from] drain|[of] p2a: Dusknoir\n|-damage|p1a: Sawsbuck|91/100|[from] item: Life Orb\n|move|p2a: Dusknoir|Pain Split|p1a: Sawsbuck\n|-sethp|p1a: Sawsbuck|52/100|[from] move: Pain Split|[silent]\n|-sethp|p2a: Dusknoir|147/225|[from] move: Pain Split\n|\n|upkeep\n|turn|4\n|inactive|Time left: 300 sec this turn | 300 sec total\n|\n|t:|1783544685\n|switch|p2a: Tropius|Tropius, L91, F|328/328\n|move|p1a: Sawsbuck|Horn Leech|p2a: Tropius\n|-resisted|p2a: Tropius\n|-damage|p2a: Tropius|272/328\n|-heal|p1a: Sawsbuck|62/100|[from] drain|[of] p2a: Tropius\n|-damage|p1a: Sawsbuck|52/100|[from] item: Life Orb\n|\n|upkeep\n|turn|5\n|inactive|Time left: 300 sec this turn | 300 sec total\n|\n|t:|1783544686\n|move|p1a: Sawsbuck|Double-Edge|p2a: Tropius\n|-damage|p2a: Tropius|0 fnt\n|faint|p2a: Tropius\n|-damage|p1a: Sawsbuck|21/100|[from] Recoil\n|-damage|p1a: Sawsbuck|11/100|[from] item: Life Orb\n|\n|upkeep\n|inactive|Time left: 300 sec this turn | 300 sec total | 5 sec grace\n|\n|t:|1783544688\n|switch|p2a: Pachirisu|Pachirisu, L96, F|271/271\n|turn|6\n|inactive|Time left: 300 sec this turn | 300 sec total\n|\n|t:|1783544689\n|switch|p1a: Tyranitar|Tyranitar, L78, M|100/100\n|-weather|Sandstorm|[from] ability: Sand Stream|[of] p1a: Tyranitar\n|move|p2a: Pachirisu|U-turn|p1a: Tyranitar\n|-supereffective|p1a: Tyranitar\n|-damage|p1a: Tyranitar|75/100\n|-enditem|p1a: Tyranitar|Weakness Policy\n|-boost|p1a: Tyranitar|atk|2|[from] item: Weakness Policy\n|-boost|p1a: Tyranitar|spa|2|[from] item: Weakness Policy\n|inactive|Time left: 300 sec this turn | 300 sec total | 5 sec grace\n|\n|t:|1783544690\n|switch|p2a: Kingdra|Kingdra, L84, F|263/263|[from] U-turn\n|\n|-weather|Sandstorm|[upkeep]\n|-damage|p2a: Kingdra|247/263|[from] Sandstorm\n|upkeep\n|turn|7\n|inactive|Time left: 300 sec this turn | 300 sec total\n|\n|t:|1783544691\n|-terastallize|p1a: Tyranitar|Ghost\n|move|p2a: Kingdra|Wave Crash|p1a: Tyranitar\n|-damage|p1a: Tyranitar|36/100\n|-damage|p2a: Kingdra|210/263|[from] Recoil\n|move|p1a: Tyranitar|Dragon Dance|p1a: Tyranitar\n|-boost|p1a: Tyranitar|atk|1\n|-boost|p1a: Tyranitar|spe|1\n|\n|-weather|Sandstorm|[upkeep]\n|-damage|p1a: Tyranitar|30/100|[from] Sandstorm\n|-damage|p2a: Kingdra|194/263|[from] Sandstorm\n|upkeep\n|turn|8\n|inactive|Time left: 300 sec this turn | 300 sec total\n|\n|t:|1783544692\n|switch|p2a: Kingambit|Kingambit, L74, M|270/270\n|-activate|p2a: Kingambit|ability: Supreme Overlord\n|-start|p2a: Kingambit|fallen1|[silent]\n|move|p1a: Tyranitar|Knock Off|p2a: Kingambit\n|-resisted|p2a: Kingambit\n|-damage|p2a: Kingambit|138/270\n|-enditem|p2a: Kingambit|Leftovers|[from] move: Knock Off|[of] p1a: Tyranitar\n|\n|-weather|Sandstorm|[upkeep]\n|-damage|p1a: Tyranitar|24/100|[from] Sandstorm\n|upkeep\n|turn|9\n|inactive|Time left: 300 sec this turn | 300 sec total\n|\n|t:|1783544693\n|move|p2a: Kingambit|Sucker Punch|p1a: Tyranitar\n|-supereffective|p1a: Tyranitar\n|-damage|p1a: Tyranitar|0 fnt\n|faint|p1a: Tyranitar\n|\n|-weather|Sandstorm|[upkeep]\n|upkeep\n|\n|t:|1783544694\n|switch|p1a: Moltres|Moltres, L81|100/100\n|turn|10\n|inactive|Time left: 300 sec this turn | 300 sec total\n|\n|t:|1783544696\n|-end|p2a: Kingambit|fallen1|[silent]\n|switch|p2a: Kingdra|Kingdra, L84, F|194/263\n|move|p1a: Moltres|Fire Blast|p2a: Kingdra\n|-resisted|p2a: Kingdra\n|-damage|p2a: Kingdra|163/263\n|\n|-weather|none\n|upkeep\n|turn|11\n|inactive|Time left: 300 sec this turn | 300 sec total\n|\n|t:|1783544697\n|move|p1a: Moltres|Brave Bird|p2a: Kingdra\n|-damage|p2a: Kingdra|46/263\n|-damage|p1a: Moltres|86/100|[from] Recoil\n|move|p2a: Kingdra|Dragon Dance|p2a: Kingdra\n|-boost|p2a: Kingdra|atk|1\n|-boost|p2a: Kingdra|spe|1\n|\n|upkeep\n|turn|12\n|inactive|Time left: 300 sec this turn | 300 sec total\n|\n|t:|1783544698\n|move|p2a: Kingdra|Wave Crash|p1a: Moltres\n|-supereffective|p1a: Moltres\n|-damage|p1a: Moltres|0 fnt\n|faint|p1a: Moltres\n|-damage|p2a: Kingdra|0 fnt|[from] Recoil\n|faint|p2a: Kingdra\n|\n|upkeep\n|inactive|Time left: 300 sec this turn | 300 sec total | 5 sec grace\n|\n|t:|1783544699\n|switch|p1a: Sawsbuck|Sawsbuck-Winter, L88, M|11/100\n|switch|p2a: Jirachi|Jirachi, L80|291/291\n|turn|13\n|inactive|Time left: 300 sec this turn | 300 sec total\n|\n|t:|1783544700\n|move|p1a: Sawsbuck|High Horsepower|p2a: Jirachi\n|-supereffective|p2a: Jirachi\n|-damage|p2a: Jirachi|101/291\n|-damage|p1a: Sawsbuck|1/100|[from] item: Life Orb\n|move|p2a: Jirachi|Stealth Rock|p1a: Sawsbuck\n|-sidestart|p1: p0x4277a7d|move: Stealth Rock\n|\n|-heal|p2a: Jirachi|119/291|[from] item: Leftovers\n|upkeep\n|turn|14\n|inactive|Time left: 300 sec this turn | 300 sec total\n|\n|t:|1783544701\n|move|p1a: Sawsbuck|High Horsepower|p2a: Jirachi\n|-supereffective|p2a: Jirachi\n|-damage|p2a: Jirachi|0 fnt\n|faint|p2a: Jirachi\n|-damage|p1a: Sawsbuck|0 fnt|[from] item: Life Orb\n|faint|p1a: Sawsbuck\n|\n|upkeep\n|inactive|Time left: 300 sec this turn | 300 sec total | 5 sec grace\n|\n|t:|1783544702\n|switch|p1a: Gothitelle|Gothitelle, L90, M|100/100\n|switch|p2a: Dusknoir|Dusknoir, L89, M|147/225\n|-damage|p1a: Gothitelle|88/100|[from] Stealth Rock\n|-item|p1a: Gothitelle|Leftovers|[from] ability: Frisk|[of] p2a: Dusknoir\n|turn|15\n|inactive|Time left: 300 sec this turn | 300 sec total\n|\n|t:|1783544703\n|move|p1a: Gothitelle|Dark Pulse|p2a: Dusknoir\n|-supereffective|p2a: Dusknoir\n|-damage|p2a: Dusknoir|57/225\n|move|p2a: Dusknoir|Poltergeist|p1a: Gothitelle\n|-activate|p1a: Gothitelle|move: Poltergeist|Leftovers\n|-supereffective|p1a: Gothitelle\n|-damage|p1a: Gothitelle|0 fnt\n|faint|p1a: Gothitelle\n|-damage|p2a: Dusknoir|35/225|[from] item: Life Orb\n|\n|upkeep\n|\n|t:|1783544704\n|switch|p1a: Goodra|Goodra-Hisui, L82, F|100/100\n|-damage|p1a: Goodra|94/100|[from] Stealth Rock\n|turn|16\n|inactive|Time left: 300 sec this turn | 300 sec total\n|\n|t:|1783544705\n|move|p2a: Dusknoir|Shadow Sneak|p1a: Goodra\n|-damage|p1a: Goodra|70/100\n|-damage|p2a: Dusknoir|13/225|[from] item: Life Orb\n|move|p1a: Goodra|Earthquake|p2a: Dusknoir\n|-damage|p2a: Dusknoir|0 fnt\n|faint|p2a: Dusknoir\n|\n|upkeep\n|inactive|Time left: 300 sec this turn | 300 sec total | 5 sec grace\n|\n|t:|1783544706\n|switch|p2a: Kingambit|Kingambit, L74, M|138/270\n|-activate|p2a: Kingambit|ability: Supreme Overlord\n|-start|p2a: Kingambit|fallen4|[silent]\n|turn|17\n|inactive|Time left: 300 sec this turn | 300 sec total\n|\n|t:|1783544708\n|move|p2a: Kingambit|Sucker Punch|p1a: Goodra\n|-damage|p1a: Goodra|30/100\n|move|p1a: Goodra|Earthquake|p2a: Kingambit\n|-supereffective|p2a: Kingambit\n|-damage|p2a: Kingambit|18/270\n|\n|upkeep\n|turn|18\n|inactive|Time left: 300 sec this turn | 300 sec total\n|\n|t:|1783544709\n|move|p2a: Kingambit|Sucker Punch|p1a: Goodra\n|-damage|p1a: Goodra|0 fnt\n|faint|p1a: Goodra\n|\n|upkeep\n|\n|t:|1783544710\n|switch|p1a: Dragapult|Dragapult, L77, F|100/100\n|turn|19\n|inactive|Time left: 300 sec this turn | 300 sec total\n|\n|t:|1783544711\n|move|p2a: Kingambit|Sucker Punch||[still]\n|-fail|p2a: Kingambit\n|move|p1a: Dragapult|Will-O-Wisp|p2a: Kingambit\n|-status|p2a: Kingambit|brn\n|\n|-damage|p2a: Kingambit|2/270 brn|[from] brn\n|upkeep\n|turn|20\n|inactive|Time left: 300 sec this turn | 300 sec total\n|\n|t:|1783544712\n|move|p2a: Kingambit|Sucker Punch||[still]\n|-fail|p2a: Kingambit\n|move|p1a: Dragapult|Will-O-Wisp|p2a: Kingambit\n|-fail|p2a: Kingambit|brn\n|\n|-damage|p2a: Kingambit|0 fnt|[from] brn\n|faint|p2a: Kingambit\n|-end|p2a: Kingambit|fallen4|[silent]\n|upkeep\n|inactive|Time left: 300 sec this turn | 300 sec total | 5 sec grace\n|\n|t:|1783544713\n|switch|p2a: Pachirisu|Pachirisu, L96, F|271/271\n|turn|21\n|inactive|Time left: 300 sec this turn | 300 sec total\n|\n|t:|1783544714\n|move|p1a: Dragapult|Dragon Darts|p2a: Pachirisu\n|-damage|p2a: Pachirisu|213/271\n|-anim|p1a: Dragapult|Dragon Darts|p2a: Pachirisu\n|-damage|p2a: Pachirisu|159/271\n|move|p2a: Pachirisu|Discharge|p1a: Dragapult\n|-resisted|p1a: Dragapult\n|-damage|p1a: Dragapult|86/100\n|\n|upkeep\n|turn|22\n|inactive|Time left: 300 sec this turn | 300 sec total\n|\n|t:|1783544715\n|-terastallize|p2a: Pachirisu|Flying\n|move|p1a: Dragapult|Dragon Darts|p2a: Pachirisu\n|-damage|p2a: Pachirisu|101/271\n|-anim|p1a: Dragapult|Dragon Darts|p2a: Pachirisu\n|-damage|p2a: Pachirisu|49/271\n|move|p2a: Pachirisu|Discharge|p1a: Dragapult\n|-resisted|p1a: Dragapult\n|-damage|p1a: Dragapult|70/100\n|\n|upkeep\n|turn|23\n|inactive|Time left: 300 sec this turn | 300 sec total\n|\n|t:|1783544716\n|move|p1a: Dragapult|Dragon Darts|p2a: Pachirisu\n|-damage|p2a: Pachirisu|0 fnt\n|faint|p2a: Pachirisu\n|\n|win|p0x4277a7d", "uploadtime": 1783544716, "views": 0, "rating": 0, "private": 0, "password": null, "_winner": "p0x4277a7d", "_our_name": "p0y4277d5c"}