{"id": "battle-gen9randombattle-2925", "formatid": "gen9randombattle", "format": "[Gen 9] Random Battle", "players": ["p0x2925e991", "p0y2925e84d"], "log": "|init|battle\n|title|p0x2925e991 vs. p0y2925e84d\n|j|\u2606p0x2925e991\n|j|\u2606p0y2925e84d\n|t:|1783573681\n|gametype|singles\n|player|p1|p0x2925e991|266|\n|player|p2|p0y2925e84d|2|\n|gen|9\n|tier|[Gen 9] Random Battle\n|rule|Species Clause: Limit one of each Pok\u00e9mon\n|rule|HP Percentage Mod: HP is shown in percentages\n|rule|Sleep Clause Mod: Limit one foe put to sleep\n|rule|Illusion Level Mod: Illusion disguises the Pok\u00e9mon's true level\n|\n|t:|1783573681\n|teamsize|p1|6\n|teamsize|p2|6\n|start\n|switch|p1a: Ribombee|Ribombee, L83, M|235/235\n|switch|p2a: Sinistcha|Sinistcha-Masterpiece, L83|100/100\n|turn|1\n|inactive|Battle timer is ON: inactive players will automatically lose when time's up. (requested by p0y2925e84d)\n|inactive|Time left: 300 sec this turn | 300 sec total | 60 sec grace\n|inactive|p0x2925e991 also wants the timer to be on.\n|\n|t:|1783573682\n|move|p1a: Ribombee|Sticky Web|p2a: Sinistcha\n|-sidestart|p2: p0y2925e84d|move: Sticky Web\n|move|p2a: Sinistcha|Calm Mind|p2a: Sinistcha\n|-boost|p2a: Sinistcha|spa|1\n|-boost|p2a: Sinistcha|spd|1\n|\n|upkeep\n|turn|2\n|inactive|Time left: 300 sec this turn | 300 sec total\n|\n|t:|1783573683\n|switch|p1a: Regice|Regice, L88|284/284\n|move|p2a: Sinistcha|Shadow Ball|p1a: Regice\n|-damage|p1a: Regice|212/284\n|\n|upkeep\n|turn|3\n|inactive|Time left: 300 sec this turn | 300 sec total\n|\n|t:|1783573684\n|move|p2a: Sinistcha|Calm Mind|p2a: Sinistcha\n|-boost|p2a: Sinistcha|spa|1\n|-boost|p2a: Sinistcha|spd|1\n|move|p1a: Regice|Ice Beam|p2a: Sinistcha\n|-supereffective|p2a: Sinistcha\n|-damage|p2a: Sinistcha|56/100\n|\n|-heal|p2a: Sinistcha|62/100|[from] item: Leftovers\n|upkeep\n|turn|4\n|inactive|Time left: 300 sec this turn | 300 sec total\n|\n|t:|1783573685\n|move|p2a: Sinistcha|Matcha Gotcha|p1a: Regice\n|-damage|p1a: Regice|113/284\n|-heal|p2a: Sinistcha|81/100|[from] drain|[of] p1a: Regice\n|-status|p1a: Regice|brn\n|move|p1a: Regice|Ice Beam|p2a: Sinistcha\n|-supereffective|p2a: Sinistcha\n|-damage|p2a: Sinistcha|38/100\n|-status|p2a: Sinistcha|frz\n|\n|-heal|p2a: Sinistcha|44/100 frz|[from] item: Leftovers\n|-damage|p1a: Regice|96/284 brn|[from] brn\n|upkeep\n|turn|5\n|inactive|Time left: 300 sec this turn | 300 sec total\n|\n|t:|1783573686\n|switch|p1a: Dipplin|Dipplin, L88, M|284/284\n|-curestatus|p2a: Sinistcha|frz|[from] move: Matcha Gotcha\n|move|p2a: Sinistcha|Matcha Gotcha|p1a: Dipplin\n|-resisted|p1a: Dipplin\n|-damage|p1a: Dipplin|252/284\n|-heal|p2a: Sinistcha|50/100|[from] drain|[of] p1a: Dipplin\n|\n|-heal|p2a: Sinistcha|56/100|[from] item: Leftovers\n|upkeep\n|turn|6\n|inactive|Time left: 300 sec this turn | 300 sec total\n|\n|t:|1783573687\n|move|p2a: Sinistcha|Strength Sap|p1a: Dipplin\n|-unboost|p1a: Dipplin|atk|1\n|-heal|p2a: Sinistcha|100/100\n|move|p1a: Dipplin|Dragon Tail|p2a: Sinistcha\n|-damage|p2a: Sinistcha|88/100\n|drag|p2a: Tornadus|Tornadus-Therian, L79, M|100/100\n|\n|upkeep\n|turn|7\n|inactive|Time left: 300 sec this turn | 300 sec total\n|\n|t:|1783573688\n|move|p2a: Tornadus|Nasty Plot|p2a: Tornadus\n|-boost|p2a: Tornadus|spa|2\n|move|p1a: Dipplin|Giga Drain|p2a: Tornadus\n|-resisted|p2a: Tornadus\n|-damage|p2a: Tornadus|82/100\n|-heal|p1a: Dipplin|276/284|[from] drain|[of] p2a: Tornadus\n|\n|upkeep\n|turn|8\n|inactive|Time left: 300 sec this turn | 300 sec total\n|\n|t:|1783573689\n|switch|p1a: Iron Hands|Iron Hands, L79|373/373\n|move|p2a: Tornadus|Bleakwind Storm|p1a: Iron Hands\n|-damage|p1a: Iron Hands|181/373\n|\n|upkeep\n|turn|9\n|inactive|Time left: 300 sec this turn | 300 sec total\n|\n|t:|1783573690\n|-terastallize|p2a: Tornadus|Fighting\n|move|p2a: Tornadus|Focus Blast|p1a: Iron Hands\n|-damage|p1a: Iron Hands|0 fnt\n|faint|p1a: Iron Hands\n|-end|p1a: Iron Hands|Quark Drive|[silent]\n|\n|upkeep\n|inactive|Time left: 300 sec this turn | 300 sec total | 5 sec grace\n|\n|t:|1783573691\n|switch|p1a: Ribombee|Ribombee, L83, M|235/235\n|turn|10\n|inactive|Time left: 300 sec this turn | 300 sec total\n|\n|t:|1783573692\n|move|p1a: Ribombee|Moonblast|p2a: Tornadus\n|-supereffective|p2a: Tornadus\n|-damage|p2a: Tornadus|5/100\n|move|p2a: Tornadus|Bleakwind Storm|p1a: Ribombee|[miss]\n|-miss|p2a: Tornadus|p1a: Ribombee\n|\n|upkeep\n|turn|11\n|inactive|Time left: 300 sec this turn | 300 sec total\n|\n|t:|1783573693\n|switch|p2a: Magmortar|Magmortar, L88, F|100/100\n|move|p1a: Ribombee|Moonblast|p2a: Magmortar\n|-resisted|p2a: Magmortar\n|-damage|p2a: Magmortar|84/100\n|\n|upkeep\n|turn|12\n|inactive|Time left: 300 sec this turn | 300 sec total\n|\n|t:|1783573694\n|switch|p1a: Dipplin|Dipplin, L88, M|276/284\n|move|p2a: Magmortar|Fire Blast|p1a: Dipplin\n|-damage|p1a: Dipplin|170/284\n|\n|upkeep\n|turn|13\n|inactive|Time left: 300 sec this turn | 300 sec total\n|\n|t:|1783573695\n|move|p2a: Magmortar|Fire Blast|p1a: Dipplin\n|-damage|p1a: Dipplin|55/284\n|move|p1a: Dipplin|Recover|p1a: Dipplin\n|-heal|p1a: Dipplin|197/284\n|\n|upkeep\n|turn|14\n|inactive|Time left: 300 sec this turn | 300 sec total\n|\n|t:|1783573696\n|move|p2a: Magmortar|Fire Blast|p1a: Dipplin\n|-damage|p1a: Dipplin|97/284\n|move|p1a: Dipplin|Dragon Pulse|p2a: Magmortar\n|-damage|p2a: Magmortar|51/100\n|\n|upkeep\n|turn|15\n|inactive|Time left: 300 sec this turn | 300 sec total\n|\n|t:|1783573697\n|switch|p1a: Dewgong|Dewgong, L94, M|322/322\n|move|p2a: Magmortar|Fire Blast|p1a: Dewgong\n|-damage|p1a: Dewgong|258/322\n|\n|upkeep\n|turn|16\n|inactive|Time left: 300 sec this turn | 300 sec total\n|\n|t:|1783573699\n|move|p2a: Magmortar|Will-O-Wisp|p1a: Dewgong\n|-status|p1a: Dewgong|brn\n|move|p1a: Dewgong|Surf|p2a: Magmortar\n|-supereffective|p2a: Magmortar\n|-damage|p2a: Magmortar|0 fnt\n|faint|p2a: Magmortar\n|\n|-damage|p1a: Dewgong|238/322 brn|[from] brn\n|upkeep\n|\n|t:|1783573700\n|switch|p2a: Sinistcha|Sinistcha-Masterpiece, L83|88/100\n|-activate|p2a: Sinistcha|move: Sticky Web\n|-unboost|p2a: Sinistcha|spe|1\n|turn|17\n|inactive|Time left: 300 sec this turn | 300 sec total\n|\n|t:|1783573701\n|move|p1a: Dewgong|Triple Axel|p2a: Sinistcha\n|-supereffective|p2a: Sinistcha\n|-damage|p2a: Sinistcha|81/100\n|-supereffective|p2a: Sinistcha\n|-crit|p2a: Sinistcha\n|-damage|p2a: Sinistcha|61/100\n|-supereffective|p2a: Sinistcha\n|-damage|p2a: Sinistcha|41/100\n|-hitcount|p2a: Sinistcha|3\n|move|p2a: Sinistcha|Strength Sap|p1a: Dewgong\n|-unboost|p1a: Dewgong|atk|1\n|-heal|p2a: Sinistcha|100/100\n|\n|-damage|p1a: Dewgong|218/322 brn|[from] brn\n|upkeep\n|turn|18\n|inactive|Time left: 300 sec this turn | 300 sec total\n|\n|t:|1783573702\n|switch|p1a: Dipplin|Dipplin, L88, M|97/284\n|move|p2a: Sinistcha|Calm Mind|p2a: Sinistcha\n|-boost|p2a: Sinistcha|spa|1\n|-boost|p2a: Sinistcha|spd|1\n|\n|upkeep\n|turn|19\n|inactive|Time left: 300 sec this turn | 300 sec total\n|\n|t:|1783573703\n|move|p1a: Dipplin|Recover|p1a: Dipplin\n|-heal|p1a: Dipplin|239/284\n|move|p2a: Sinistcha|Shadow Ball|p1a: Dipplin\n|-damage|p1a: Dipplin|140/284\n|-unboost|p1a: Dipplin|spd|1\n|\n|upkeep\n|turn|20\n|inactive|Time left: 300 sec this turn | 300 sec total\n|\n|t:|1783573704\n|move|p1a: Dipplin|Recover|p1a: Dipplin\n|-heal|p1a: Dipplin|282/284\n|move|p2a: Sinistcha|Shadow Ball|p1a: Dipplin\n|-crit|p1a: Dipplin\n|-damage|p1a: Dipplin|69/284\n|\n|upkeep\n|turn|21\n|inactive|Time left: 300 sec this turn | 300 sec total\n|\n|t:|1783573705\n|move|p1a: Dipplin|Recover|p1a: Dipplin\n|-heal|p1a: Dipplin|211/284\n|move|p2a: Sinistcha|Shadow Ball|p1a: Dipplin\n|-damage|p1a: Dipplin|64/284\n|\n|upkeep\n|turn|22\n|inactive|Time left: 300 sec this turn | 300 sec total\n|\n|t:|1783573706\n|move|p1a: Dipplin|Recover|p1a: Dipplin\n|-heal|p1a: Dipplin|206/284\n|move|p2a: Sinistcha|Shadow Ball|p1a: Dipplin\n|-damage|p1a: Dipplin|47/284\n|\n|upkeep\n|turn|23\n|inactive|Time left: 300 sec this turn | 300 sec total\n|\n|t:|1783573707\n|move|p1a: Dipplin|Recover|p1a: Dipplin\n|-heal|p1a: Dipplin|189/284\n|move|p2a: Sinistcha|Shadow Ball|p1a: Dipplin\n|-damage|p1a: Dipplin|30/284\n|\n|upkeep\n|turn|24\n|inactive|Time left: 300 sec this turn | 300 sec total\n|\n|t:|1783573708\n|move|p1a: Dipplin|Recover|p1a: Dipplin\n|-heal|p1a: Dipplin|172/284\n|move|p2a: Sinistcha|Shadow Ball|p1a: Dipplin\n|-damage|p1a: Dipplin|24/284\n|\n|upkeep\n|turn|25\n|inactive|Time left: 300 sec this turn | 300 sec total\n|\n|t:|1783573709\n|move|p1a: Dipplin|Recover|p1a: Dipplin\n|-heal|p1a: Dipplin|166/284\n|move|p2a: Sinistcha|Shadow Ball|p1a: Dipplin\n|-damage|p1a: Dipplin|25/284\n|\n|upkeep\n|turn|26\n|inactive|Time left: 300 sec this turn | 300 sec total\n|\n|t:|1783573710\n|move|p1a: Dipplin|Dragon Pulse|p2a: Sinistcha\n|-damage|p2a: Sinistcha|71/100\n|move|p2a: Sinistcha|Shadow Ball|p1a: Dipplin\n|-damage|p1a: Dipplin|0 fnt\n|faint|p1a: Dipplin\n|\n|-heal|p2a: Sinistcha|76/100|[from] item: Leftovers\n|upkeep\n|inactive|Time left: 300 sec this turn | 300 sec total | 5 sec grace\n|\n|t:|1783573711\n|switch|p1a: Regice|Regice, L88|96/284 brn\n|turn|27\n|inactive|Time left: 300 sec this turn | 300 sec total\n|\n|t:|1783573712\n|move|p1a: Regice|Ice Beam|p2a: Sinistcha\n|-supereffective|p2a: Sinistcha\n|-damage|p2a: Sinistcha|15/100\n|move|p2a: Sinistcha|Strength Sap|p1a: Regice\n|-fail|p1a: Regice|unboost|[from] ability: Clear Body|[of] p1a: Regice\n|-heal|p2a: Sinistcha|52/100\n|\n|-heal|p2a: Sinistcha|58/100|[from] item: Leftovers\n|-damage|p1a: Regice|79/284 brn|[from] brn\n|upkeep\n|turn|28\n|inactive|Time left: 300 sec this turn | 300 sec total\n|\n|t:|1783573713\n|move|p1a: Regice|Ice Beam|p2a: Sinistcha\n|-supereffective|p2a: Sinistcha\n|-damage|p2a: Sinistcha|0 fnt\n|faint|p2a: Sinistcha\n|\n|-damage|p1a: Regice|62/284 brn|[from] brn\n|upkeep\n|\n|t:|1783573714\n|switch|p2a: Kleavor|Kleavor, L78, M|100/100\n|-activate|p2a: Kleavor|move: Sticky Web\n|-unboost|p2a: Kleavor|spe|1\n|turn|29\n|inactive|Time left: 300 sec this turn | 300 sec total\n|\n|t:|1783573715\n|move|p2a: Kleavor|Stone Axe|p1a: Regice\n|-supereffective|p1a: Regice\n|-damage|p1a: Regice|0 fnt\n|-sidestart|p1: p0x2925e991|move: Stealth Rock\n|faint|p1a: Regice\n|\n|upkeep\n|inactive|Time left: 300 sec this turn | 300 sec total | 5 sec grace\n|\n|t:|1783573716\n|switch|p1a: Duraludon|Duraludon, L82, M|249/249\n|-damage|p1a: Duraludon|234/249|[from] Stealth Rock\n|turn|30\n|inactive|Time left: 300 sec this turn | 300 sec total\n|\n|t:|1783573717\n|switch|p2a: Rotom|Rotom, L88|100/100\n|move|p1a: Duraludon|Flash Cannon|p2a: Rotom\n|-resisted|p2a: Rotom\n|-damage|p2a: Rotom|80/100\n|-unboost|p2a: Rotom|spd|1\n|\n|upkeep\n|turn|31\n|inactive|Time left: 300 sec this turn | 300 sec total\n|\n|t:|1783573718\n|move|p2a: Rotom|Shadow Ball|p1a: Duraludon\n|-damage|p1a: Duraludon|113/249\n|-damage|p2a: Rotom|70/100|[from] item: Life Orb\n|move|p1a: Duraludon|Draco Meteor|p2a: Rotom\n|-damage|p2a: Rotom|0 fnt\n|-unboost|p1a: Duraludon|spa|2\n|faint|p2a: Rotom\n|\n|upkeep\n|\n|t:|1783573719\n|switch|p2a: Tornadus|Tornadus-Therian, L79, M, tera:Fighting|38/100\n|turn|32\n|inactive|Time left: 300 sec this turn | 300 sec total\n|\n|t:|1783573720\n|switch|p2a: Hawlucha|Hawlucha, L80, F|100/100\n|switch|p1a: Dewgong|Dewgong, L94, M|218/322 brn\n|\n|-damage|p1a: Dewgong|198/322 brn|[from] brn\n|upkeep\n|turn|33\n|inactive|Time left: 300 sec this turn | 300 sec total\n|\n|t:|1783573721\n|move|p2a: Hawlucha|Swords Dance|p2a: Hawlucha\n|-boost|p2a: Hawlucha|atk|2\n|move|p1a: Dewgong|Flip Turn|p2a: Hawlucha\n|-damage|p2a: Hawlucha|86/100\n|inactive|Time left: 300 sec this turn | 300 sec total | 5 sec grace\n|\n|t:|1783573722\n|switch|p1a: Ribombee|Ribombee, L83, M|235/235|[from] Flip Turn\n|-damage|p1a: Ribombee|177/235|[from] Stealth Rock\n|\n|upkeep\n|turn|34\n|inactive|Time left: 300 sec this turn | 300 sec total\n|\n|t:|1783573723\n|switch|p2a: Kleavor|Kleavor, L78, M|100/100\n|-activate|p2a: Kleavor|move: Sticky Web\n|-unboost|p2a: Kleavor|spe|1\n|move|p1a: Ribombee|Moonblast|p2a: Kleavor\n|-damage|p2a: Kleavor|52/100\n|\n|upkeep\n|turn|35\n|inactive|Time left: 300 sec this turn | 300 sec total\n|\n|t:|1783573724\n|move|p1a: Ribombee|Moonblast|p2a: Kleavor\n|-damage|p2a: Kleavor|0 fnt\n|faint|p2a: Kleavor\n|\n|upkeep\n|\n|t:|1783573724\n|switch|p2a: Tornadus|Tornadus-Therian, L79, M, tera:Fighting|71/100\n|turn|36\n|inactive|Time left: 300 sec this turn | 300 sec total\n|\n|t:|1783573725\n|switch|p2a: Hawlucha|Hawlucha, L80, F|86/100\n|move|p1a: Ribombee|Moonblast|p2a: Hawlucha\n|-supereffective|p2a: Hawlucha\n|-damage|p2a: Hawlucha|0 fnt\n|faint|p2a: Hawlucha\n|\n|upkeep\n|\n|t:|1783573726\n|switch|p2a: Tornadus|Tornadus-Therian, L79, M, tera:Fighting|100/100\n|turn|37\n|inactive|Time left: 300 sec this turn | 300 sec total\n|\n|t:|1783573727\n|-terastallize|p1a: Ribombee|Ghost\n|move|p1a: Ribombee|Moonblast|p2a: Tornadus\n|-supereffective|p2a: Tornadus\n|-damage|p2a: Tornadus|26/100\n|move|p2a: Tornadus|Bleakwind Storm|p1a: Ribombee\n|-damage|p1a: Ribombee|56/235\n|\n|upkeep\n|turn|38\n|inactive|Time left: 300 sec this turn | 300 sec total\n|\n|t:|1783573728\n|move|p1a: Ribombee|Moonblast|p2a: Tornadus\n|-supereffective|p2a: Tornadus\n|-damage|p2a: Tornadus|0 fnt\n|faint|p2a: Tornadus\n|\n|win|p0x2925e991", "uploadtime": 1783573728, "views": 0, "rating": 0, "private": 0, "password": null, "_winner": "p0x2925e991", "_our_name": "p0x2925e991"}