{"id": "battle-gen9randombattle-1646", "formatid": "gen9randombattle", "format": "[Gen 9] Random Battle", "players": ["p0x16467edb", "p0y1646e5ce"], "log": "|init|battle\n|title|p0x16467edb vs. p0y1646e5ce\n|j|\u2606p0x16467edb\n|j|\u2606p0y1646e5ce\n|t:|1783558314\n|gametype|singles\n|player|p1|p0x16467edb|170|\n|player|p2|p0y1646e5ce|169|\n|gen|9\n|tier|[Gen 9] Random Battle\n|rule|Species Clause: Limit one of each Pok\u00e9mon\n|rule|HP Percentage Mod: HP is shown in percentages\n|rule|Sleep Clause Mod: Limit one foe put to sleep\n|rule|Illusion Level Mod: Illusion disguises the Pok\u00e9mon's true level\n|\n|t:|1783558314\n|teamsize|p1|6\n|teamsize|p2|6\n|start\n|switch|p1a: Overqwil|Overqwil, L82, M|274/274\n|switch|p2a: Lilligant|Lilligant-Hisui, L79, F|100/100\n|-ability|p1a: Overqwil|Intimidate|boost\n|-unboost|p2a: Lilligant|atk|1\n|turn|1\n|inactive|Battle timer is ON: inactive players will automatically lose when time's up. (requested by p0y1646e5ce)\n|inactive|Time left: 300 sec this turn | 300 sec total | 60 sec grace\n|inactive|p0x16467edb also wants the timer to be on.\n|\n|t:|1783558316\n|move|p2a: Lilligant|Victory Dance|p2a: Lilligant\n|-boost|p2a: Lilligant|atk|1\n|-boost|p2a: Lilligant|def|1\n|-boost|p2a: Lilligant|spe|1\n|move|p1a: Overqwil|Gunk Shot|p2a: Lilligant\n|-supereffective|p2a: Lilligant\n|-damage|p2a: Lilligant|7/100\n|\n|upkeep\n|turn|2\n|inactive|Time left: 300 sec this turn | 300 sec total\n|\n|t:|1783558317\n|move|p2a: Lilligant|Close Combat|p1a: Overqwil\n|-damage|p1a: Overqwil|66/274\n|-unboost|p2a: Lilligant|def|1\n|-unboost|p2a: Lilligant|spd|1\n|-damage|p2a: Lilligant|0 fnt|[from] item: Life Orb\n|faint|p2a: Lilligant\n|move|p1a: Overqwil|Crunch|p2: Lilligant|[notarget]\n|-fail|p1a: Overqwil\n|\n|upkeep\n|\n|t:|1783558318\n|switch|p2a: Torkoal|Torkoal, L88, F|100/100\n|-weather|SunnyDay|[from] ability: Drought|[of] p2a: Torkoal\n|turn|3\n|inactive|Time left: 300 sec this turn | 300 sec total\n|\n|t:|1783558319\n|move|p1a: Overqwil|Gunk Shot|p2a: Torkoal\n|-damage|p2a: Torkoal|63/100\n|-status|p2a: Torkoal|psn\n|move|p2a: Torkoal|Lava Plume|p1a: Overqwil\n|-damage|p1a: Overqwil|0 fnt\n|faint|p1a: Overqwil\n|\n|-weather|SunnyDay|[upkeep]\n|-damage|p2a: Torkoal|51/100 psn|[from] psn\n|upkeep\n|inactive|Time left: 300 sec this turn | 300 sec total | 5 sec grace\n|\n|t:|1783558320\n|switch|p1a: Crabominable|Crabominable, L90, M|321/321\n|turn|4\n|inactive|Time left: 300 sec this turn | 300 sec total\n|\n|t:|1783558322\n|move|p1a: Crabominable|Close Combat|p2a: Torkoal\n|-damage|p2a: Torkoal|0 fnt\n|-unboost|p1a: Crabominable|def|1\n|-unboost|p1a: Crabominable|spd|1\n|faint|p2a: Torkoal\n|\n|-weather|SunnyDay|[upkeep]\n|upkeep\n|\n|t:|1783558323\n|switch|p2a: Skeledirge|Skeledirge, L79, F|100/100\n|turn|5\n|inactive|Time left: 300 sec this turn | 300 sec total\n|\n|t:|1783558324\n|switch|p1a: Poliwrath|Poliwrath, L88, F|302/302\n|move|p2a: Skeledirge|Torch Song|p1a: Poliwrath\n|-resisted|p1a: Poliwrath\n|-damage|p1a: Poliwrath|260/302\n|-boost|p2a: Skeledirge|spa|1\n|\n|-weather|SunnyDay|[upkeep]\n|upkeep\n|turn|6\n|inactive|Time left: 300 sec this turn | 300 sec total\n|\n|t:|1783558325\n|move|p1a: Poliwrath|Knock Off|p2a: Skeledirge\n|-supereffective|p2a: Skeledirge\n|-damage|p2a: Skeledirge|50/100\n|-enditem|p2a: Skeledirge|Heavy-Duty Boots|[from] move: Knock Off|[of] p1a: Poliwrath\n|move|p2a: Skeledirge|Torch Song|p1a: Poliwrath\n|-resisted|p1a: Poliwrath\n|-damage|p1a: Poliwrath|206/302\n|-boost|p2a: Skeledirge|spa|1\n|\n|-weather|SunnyDay|[upkeep]\n|upkeep\n|turn|7\n|inactive|Time left: 300 sec this turn | 300 sec total\n|\n|t:|1783558326\n|move|p1a: Poliwrath|Knock Off|p2a: Skeledirge\n|-supereffective|p2a: Skeledirge\n|-damage|p2a: Skeledirge|20/100\n|move|p2a: Skeledirge|Slack Off|p2a: Skeledirge\n|-heal|p2a: Skeledirge|70/100\n|\n|-weather|none\n|upkeep\n|turn|8\n|inactive|Time left: 300 sec this turn | 300 sec total\n|\n|t:|1783558327\n|move|p1a: Poliwrath|Liquidation|p2a: Skeledirge\n|-supereffective|p2a: Skeledirge\n|-damage|p2a: Skeledirge|6/100\n|move|p2a: Skeledirge|Shadow Ball|p1a: Poliwrath\n|-damage|p1a: Poliwrath|98/302\n|\n|upkeep\n|turn|9\n|inactive|Time left: 300 sec this turn | 300 sec total\n|\n|t:|1783558328\n|move|p1a: Poliwrath|Knock Off|p2a: Skeledirge\n|-supereffective|p2a: Skeledirge\n|-damage|p2a: Skeledirge|0 fnt\n|faint|p2a: Skeledirge\n|\n|upkeep\n|\n|t:|1783558329\n|switch|p2a: Grumpig|Grumpig, L92, F|100/100\n|turn|10\n|inactive|Time left: 300 sec this turn | 300 sec total\n|\n|t:|1783558330\n|move|p2a: Grumpig|Psychic|p1a: Poliwrath\n|-supereffective|p1a: Poliwrath\n|-damage|p1a: Poliwrath|0 fnt\n|faint|p1a: Poliwrath\n|\n|upkeep\n|inactive|Time left: 300 sec this turn | 300 sec total | 5 sec grace\n|\n|t:|1783558330\n|switch|p1a: Crabominable|Crabominable, L90, M|321/321\n|turn|11\n|inactive|Time left: 300 sec this turn | 300 sec total\n|\n|t:|1783558331\n|move|p2a: Grumpig|Psychic|p1a: Crabominable\n|-supereffective|p1a: Crabominable\n|-damage|p1a: Crabominable|81/321\n|move|p1a: Crabominable|Knock Off|p2a: Grumpig\n|-supereffective|p2a: Grumpig\n|-damage|p2a: Grumpig|0 fnt\n|-enditem|p2a: Grumpig|Leftovers|[from] move: Knock Off|[of] p1a: Crabominable\n|faint|p2a: Grumpig\n|\n|upkeep\n|\n|t:|1783558332\n|switch|p2a: Victreebel|Victreebel, L90, F|100/100\n|turn|12\n|inactive|Time left: 300 sec this turn | 300 sec total\n|\n|t:|1783558333\n|move|p2a: Victreebel|Sludge Wave|p1a: Crabominable\n|-damage|p1a: Crabominable|0 fnt\n|faint|p1a: Crabominable\n|-damage|p2a: Victreebel|90/100|[from] item: Life Orb\n|\n|upkeep\n|inactive|Time left: 300 sec this turn | 300 sec total | 5 sec grace\n|\n|t:|1783558334\n|switch|p1a: Talonflame|Talonflame, L83, F|265/265\n|turn|13\n|inactive|Time left: 300 sec this turn | 300 sec total\n|\n|t:|1783558335\n|switch|p2a: Toxapex|Toxapex, L82, F|100/100\n|move|p1a: Talonflame|Flare Blitz|p2a: Toxapex\n|-resisted|p2a: Toxapex\n|-damage|p2a: Toxapex|82/100\n|-damage|p1a: Talonflame|221/265|[from] item: Rocky Helmet|[of] p2a: Toxapex\n|-damage|p1a: Talonflame|208/265|[from] Recoil\n|\n|upkeep\n|turn|14\n|inactive|Time left: 300 sec this turn | 300 sec total\n|\n|t:|1783558336\n|move|p1a: Talonflame|Swords Dance|p1a: Talonflame\n|-boost|p1a: Talonflame|atk|2\n|move|p2a: Toxapex|Liquidation|p1a: Talonflame\n|-supereffective|p1a: Talonflame\n|-damage|p1a: Talonflame|52/265\n|\n|upkeep\n|turn|15\n|inactive|Time left: 300 sec this turn | 300 sec total\n|\n|t:|1783558337\n|-terastallize|p1a: Talonflame|Ground\n|-terastallize|p2a: Toxapex|Flying\n|move|p1a: Talonflame|Tera Blast|p2a: Toxapex|[anim] Tera Blast Ground\n|-immune|p2a: Toxapex\n|move|p2a: Toxapex|Recover|p2a: Toxapex\n|-heal|p2a: Toxapex|100/100\n|\n|upkeep\n|turn|16\n|inactive|Time left: 300 sec this turn | 300 sec total\n|\n|t:|1783558338\n|move|p1a: Talonflame|Flare Blitz|p2a: Toxapex\n|-damage|p2a: Toxapex|31/100\n|-damage|p1a: Talonflame|8/265|[from] item: Rocky Helmet|[of] p2a: Toxapex\n|-damage|p1a: Talonflame|0 fnt|[from] Recoil\n|faint|p1a: Talonflame\n|move|p2a: Toxapex|Recover|p2a: Toxapex\n|-heal|p2a: Toxapex|81/100\n|\n|upkeep\n|inactive|Time left: 300 sec this turn | 300 sec total | 5 sec grace\n|\n|t:|1783558339\n|switch|p1a: Iron Bundle|Iron Bundle, L78|215/215\n|turn|17\n|inactive|Time left: 300 sec this turn | 300 sec total\n|\n|t:|1783558340\n|move|p1a: Iron Bundle|Freeze-Dry|p2a: Toxapex\n|-supereffective|p2a: Toxapex\n|-damage|p2a: Toxapex|27/100\n|move|p2a: Toxapex|Toxic|p1a: Iron Bundle\n|-status|p1a: Iron Bundle|tox\n|\n|-damage|p1a: Iron Bundle|202/215 tox|[from] psn\n|upkeep\n|turn|18\n|inactive|Time left: 300 sec this turn | 300 sec total\n|\n|t:|1783558341\n|switch|p2a: Victreebel|Victreebel, L90, F|90/100\n|move|p1a: Iron Bundle|Freeze-Dry|p2a: Victreebel\n|-supereffective|p2a: Victreebel\n|-damage|p2a: Victreebel|34/100\n|\n|-damage|p1a: Iron Bundle|176/215 tox|[from] psn\n|upkeep\n|turn|19\n|inactive|Time left: 300 sec this turn | 300 sec total\n|\n|t:|1783558342\n|move|p2a: Victreebel|Sucker Punch|p1a: Iron Bundle\n|-damage|p1a: Iron Bundle|108/215 tox\n|-damage|p2a: Victreebel|24/100|[from] item: Life Orb\n|move|p1a: Iron Bundle|Freeze-Dry|p2a: Victreebel\n|-supereffective|p2a: Victreebel\n|-damage|p2a: Victreebel|0 fnt\n|faint|p2a: Victreebel\n|\n|-damage|p1a: Iron Bundle|69/215 tox|[from] psn\n|upkeep\n|\n|t:|1783558343\n|switch|p2a: Toxapex|Toxapex, L82, F, tera:Flying|60/100\n|turn|20\n|inactive|Time left: 300 sec this turn | 300 sec total\n|\n|t:|1783558344\n|move|p1a: Iron Bundle|Freeze-Dry|p2a: Toxapex\n|-supereffective|p2a: Toxapex\n|-damage|p2a: Toxapex|4/100\n|move|p2a: Toxapex|Recover|p2a: Toxapex\n|-heal|p2a: Toxapex|54/100\n|\n|-damage|p1a: Iron Bundle|17/215 tox|[from] psn\n|upkeep\n|turn|21\n|inactive|Time left: 300 sec this turn | 300 sec total\n|\n|t:|1783558345\n|move|p1a: Iron Bundle|Freeze-Dry|p2a: Toxapex\n|-supereffective|p2a: Toxapex\n|-damage|p2a: Toxapex|0 fnt\n|faint|p2a: Toxapex\n|\n|win|p0x16467edb", "uploadtime": 1783558345, "views": 0, "rating": 0, "private": 0, "password": null, "_winner": "p0x16467edb", "_our_name": "p0x16467edb"}