{"id": "battle-gen9randombattle-49", "formatid": "gen9randombattle", "format": "[Gen 9] Random Battle", "players": ["p0x0495ba9", "p0y0494434"], "log": "|init|battle\n|title|p0x0495ba9 vs. p0y0494434\n|j|\u2606p0x0495ba9\n|j|\u2606p0y0494434\n|t:|1783540013\n|gametype|singles\n|player|p1|p0x0495ba9|102|\n|player|p2|p0y0494434|2|\n|gen|9\n|tier|[Gen 9] Random Battle\n|rule|Species Clause: Limit one of each Pok\u00e9mon\n|rule|HP Percentage Mod: HP is shown in percentages\n|rule|Sleep Clause Mod: Limit one foe put to sleep\n|rule|Illusion Level Mod: Illusion disguises the Pok\u00e9mon's true level\n|\n|t:|1783540013\n|teamsize|p1|6\n|teamsize|p2|6\n|start\n|switch|p1a: Luxray|Luxray, L88, M|100/100\n|switch|p2a: Zarude|Zarude-Dada, L77|288/288\n|turn|1\n|inactive|Battle timer is ON: inactive players will automatically lose when time's up. (requested by p0y0494434)\n|inactive|p0x0495ba9 also wants the timer to be on.\n|\n|t:|1783540014\n|move|p2a: Zarude|Knock Off|p1a: Luxray\n|-damage|p1a: Luxray|54/100\n|-enditem|p1a: Luxray|Flame Orb|[from] move: Knock Off|[of] p2a: Zarude\n|-damage|p2a: Zarude|260/288|[from] item: Life Orb\n|move|p1a: Luxray|Supercell Slam|p2a: Zarude\n|-resisted|p2a: Zarude\n|-damage|p2a: Zarude|190/288\n|\n|upkeep\n|turn|2\n|inactive|Time left: 300 sec this turn | 300 sec total\n|\n|t:|1783540016\n|switch|p1a: Swanna|Swanna, L89, M|100/100\n|move|p2a: Zarude|Power Whip|p1a: Swanna\n|-damage|p1a: Swanna|27/100\n|-damage|p2a: Zarude|162/288|[from] item: Life Orb\n|\n|upkeep\n|turn|3\n|inactive|Time left: 300 sec this turn | 300 sec total\n|\n|t:|1783540017\n|move|p1a: Swanna|Brave Bird|p2a: Zarude\n|-supereffective|p2a: Zarude\n|-damage|p2a: Zarude|0 fnt\n|faint|p2a: Zarude\n|-damage|p1a: Swanna|8/100|[from] Recoil\n|\n|upkeep\n|inactive|Time left: 300 sec this turn | 300 sec total | 5 sec grace\n|\n|t:|1783540018\n|switch|p2a: Kyogre|Kyogre, L71|259/259\n|-weather|RainDance|[from] ability: Drizzle|[of] p2a: Kyogre\n|turn|4\n|inactive|Time left: 300 sec this turn | 300 sec total\n|\n|t:|1783540019\n|move|p2a: Kyogre|Water Spout|p1a: Swanna\n|-resisted|p1a: Swanna\n|-damage|p1a: Swanna|0 fnt\n|faint|p1a: Swanna\n|\n|-weather|RainDance|[upkeep]\n|upkeep\n|\n|t:|1783540019\n|switch|p1a: Kyogre|Kyogre, L71|100/100\n|turn|5\n|inactive|Time left: 300 sec this turn | 300 sec total\n|\n|t:|1783540020\n|move|p2a: Kyogre|Water Spout|p1a: Kyogre\n|-resisted|p1a: Kyogre\n|-damage|p1a: Kyogre|63/100\n|move|p1a: Kyogre|Thunder|p2a: Kyogre\n|-supereffective|p2a: Kyogre\n|-damage|p2a: Kyogre|137/259\n|\n|-weather|RainDance|[upkeep]\n|-heal|p1a: Kyogre|69/100|[from] item: Leftovers\n|upkeep\n|turn|6\n|inactive|Time left: 300 sec this turn | 300 sec total\n|\n|t:|1783540022\n|move|p2a: Kyogre|Water Spout|p1a: Kyogre\n|-resisted|p1a: Kyogre\n|-damage|p1a: Kyogre|50/100\n|move|p1a: Kyogre|Thunder|p2a: Kyogre\n|-supereffective|p2a: Kyogre\n|-damage|p2a: Kyogre|5/259\n|-status|p2a: Kyogre|par\n|\n|-weather|RainDance|[upkeep]\n|-heal|p1a: Kyogre|56/100|[from] item: Leftovers\n|upkeep\n|turn|7\n|inactive|Time left: 300 sec this turn | 300 sec total\n|\n|t:|1783540023\n|move|p1a: Kyogre|Origin Pulse|p2a: Kyogre\n|-resisted|p2a: Kyogre\n|-damage|p2a: Kyogre|0 fnt\n|faint|p2a: Kyogre\n|\n|-weather|RainDance|[upkeep]\n|-heal|p1a: Kyogre|63/100|[from] item: Leftovers\n|upkeep\n|inactive|Time left: 300 sec this turn | 300 sec total | 5 sec grace\n|\n|t:|1783540024\n|switch|p2a: Oricorio|Oricorio-Pa'u, L87, F|272/272\n|turn|8\n|inactive|Time left: 300 sec this turn | 300 sec total\n|\n|t:|1783540025\n|move|p2a: Oricorio|Quiver Dance|p2a: Oricorio\n|-boost|p2a: Oricorio|spa|1\n|-boost|p2a: Oricorio|spd|1\n|-boost|p2a: Oricorio|spe|1\n|move|p1a: Kyogre|Origin Pulse|p2a: Oricorio\n|-damage|p2a: Oricorio|127/272\n|\n|-weather|none\n|-heal|p1a: Kyogre|69/100|[from] item: Leftovers\n|upkeep\n|turn|9\n|inactive|Time left: 300 sec this turn | 300 sec total\n|\n|t:|1783540026\n|move|p2a: Oricorio|Roost|p2a: Oricorio\n|-heal|p2a: Oricorio|263/272\n|-singleturn|p2a: Oricorio|move: Roost\n|move|p1a: Kyogre|Thunder|p2a: Oricorio|[miss]\n|-miss|p1a: Kyogre|p2a: Oricorio\n|\n|-heal|p1a: Kyogre|75/100|[from] item: Leftovers\n|upkeep\n|turn|10\n|inactive|Time left: 300 sec this turn | 300 sec total\n|\n|t:|1783540027\n|move|p2a: Oricorio|Quiver Dance|p2a: Oricorio\n|-boost|p2a: Oricorio|spa|1\n|-boost|p2a: Oricorio|spd|1\n|-boost|p2a: Oricorio|spe|1\n|move|p1a: Kyogre|Ice Beam|p2a: Oricorio\n|-supereffective|p2a: Oricorio\n|-damage|p2a: Oricorio|183/272\n|\n|-heal|p1a: Kyogre|81/100|[from] item: Leftovers\n|upkeep\n|turn|11\n|inactive|Time left: 300 sec this turn | 300 sec total\n|\n|t:|1783540029\n|move|p2a: Oricorio|Revelation Dance|p1a: Kyogre\n|-damage|p1a: Kyogre|16/100\n|move|p1a: Kyogre|Ice Beam|p2a: Oricorio\n|-supereffective|p2a: Oricorio\n|-damage|p2a: Oricorio|103/272\n|\n|-heal|p1a: Kyogre|23/100|[from] item: Leftovers\n|upkeep\n|turn|12\n|inactive|Time left: 300 sec this turn | 300 sec total\n|\n|t:|1783540030\n|switch|p1a: Hoopa|Hoopa, L85|100/100\n|move|p2a: Oricorio|Revelation Dance|p1a: Hoopa\n|-resisted|p1a: Hoopa\n|-damage|p1a: Hoopa|75/100\n|\n|upkeep\n|turn|13\n|inactive|Time left: 300 sec this turn | 300 sec total\n|\n|t:|1783540031\n|move|p2a: Oricorio|Roost|p2a: Oricorio\n|-heal|p2a: Oricorio|239/272\n|-singleturn|p2a: Oricorio|move: Roost\n|move|p1a: Hoopa|Shadow Ball|p2a: Oricorio\n|-supereffective|p2a: Oricorio\n|-damage|p2a: Oricorio|49/272\n|-damage|p1a: Hoopa|65/100|[from] item: Life Orb\n|\n|upkeep\n|turn|14\n|inactive|Time left: 300 sec this turn | 300 sec total\n|\n|t:|1783540032\n|move|p2a: Oricorio|Hurricane|p1a: Hoopa\n|-damage|p1a: Hoopa|2/100\n|move|p1a: Hoopa|Shadow Ball|p2a: Oricorio\n|-supereffective|p2a: Oricorio\n|-damage|p2a: Oricorio|0 fnt\n|faint|p2a: Oricorio\n|-damage|p1a: Hoopa|0 fnt|[from] item: Life Orb\n|faint|p1a: Hoopa\n|\n|upkeep\n|inactive|Time left: 300 sec this turn | 300 sec total | 5 sec grace\n|\n|t:|1783540033\n|switch|p2a: Tropius|Tropius, L91, M|328/328\n|switch|p1a: Umbreon|Umbreon, L84, F|100/100\n|turn|15\n|inactive|Time left: 300 sec this turn | 300 sec total\n|\n|t:|1783540034\n|move|p1a: Umbreon|Toxic|p2a: Tropius|[miss]\n|-miss|p1a: Umbreon|p2a: Tropius\n|move|p2a: Tropius|Dragon Dance|p2a: Tropius\n|-boost|p2a: Tropius|atk|1\n|-boost|p2a: Tropius|spe|1\n|\n|upkeep\n|turn|16\n|inactive|Time left: 300 sec this turn | 300 sec total\n|\n|t:|1783540035\n|move|p2a: Tropius|Dragon Dance|p2a: Tropius\n|-boost|p2a: Tropius|atk|1\n|-boost|p2a: Tropius|spe|1\n|move|p1a: Umbreon|Toxic|p2a: Tropius\n|-status|p2a: Tropius|tox\n|\n|-damage|p2a: Tropius|308/328 tox|[from] psn\n|upkeep\n|turn|17\n|inactive|Time left: 300 sec this turn | 300 sec total\n|\n|t:|1783540037\n|move|p2a: Tropius|Earthquake|p1a: Umbreon\n|-damage|p1a: Umbreon|66/100\n|move|p1a: Umbreon|Foul Play|p2a: Tropius\n|-damage|p2a: Tropius|160/328 tox\n|-enditem|p2a: Tropius|Sitrus Berry|[eat]\n|-heal|p2a: Tropius|242/328 tox|[from] item: Sitrus Berry\n|\n|-heal|p1a: Umbreon|72/100|[from] item: Leftovers\n|-damage|p2a: Tropius|202/328 tox|[from] psn\n|upkeep\n|turn|18\n|inactive|Time left: 300 sec this turn | 300 sec total\n|\n|t:|1783540038\n|move|p2a: Tropius|Synthesis|p2a: Tropius\n|-heal|p2a: Tropius|328/328 tox\n|move|p1a: Umbreon|Foul Play|p2a: Tropius\n|-damage|p2a: Tropius|172/328 tox\n|\n|-heal|p1a: Umbreon|78/100|[from] item: Leftovers\n|-damage|p2a: Tropius|112/328 tox|[from] psn\n|-item|p2a: Tropius|Sitrus Berry|[from] ability: Harvest\n|upkeep\n|-enditem|p2a: Tropius|Sitrus Berry|[eat]\n|-heal|p2a: Tropius|194/328 tox|[from] item: Sitrus Berry\n|turn|19\n|inactive|Time left: 300 sec this turn | 300 sec total\n|\n|t:|1783540039\n|move|p2a: Tropius|Synthesis|p2a: Tropius\n|-heal|p2a: Tropius|328/328 tox\n|move|p1a: Umbreon|Foul Play|p2a: Tropius\n|-damage|p2a: Tropius|180/328 tox\n|\n|-heal|p1a: Umbreon|84/100|[from] item: Leftovers\n|-damage|p2a: Tropius|100/328 tox|[from] psn\n|upkeep\n|turn|20\n|inactive|Time left: 300 sec this turn | 300 sec total\n|\n|t:|1783540040\n|move|p2a: Tropius|Synthesis|p2a: Tropius\n|-heal|p2a: Tropius|264/328 tox\n|move|p1a: Umbreon|Foul Play|p2a: Tropius\n|-damage|p2a: Tropius|92/328 tox\n|\n|-heal|p1a: Umbreon|90/100|[from] item: Leftovers\n|-damage|p2a: Tropius|0 fnt|[from] psn\n|faint|p2a: Tropius\n|upkeep\n|inactive|Time left: 300 sec this turn | 300 sec total | 5 sec grace\n|\n|t:|1783540041\n|switch|p2a: Comfey|Comfey, L85, F|225/225\n|turn|21\n|inactive|Time left: 300 sec this turn | 300 sec total\n|\n|t:|1783540042\n|move|p2a: Comfey|Calm Mind|p2a: Comfey\n|-boost|p2a: Comfey|spa|1\n|-boost|p2a: Comfey|spd|1\n|move|p1a: Umbreon|Toxic|p2a: Comfey\n|-status|p2a: Comfey|tox\n|\n|-heal|p1a: Umbreon|96/100|[from] item: Leftovers\n|-damage|p2a: Comfey|211/225 tox|[from] psn\n|upkeep\n|turn|22\n|inactive|Time left: 300 sec this turn | 300 sec total\n|\n|t:|1783540043\n|move|p2a: Comfey|Calm Mind|p2a: Comfey\n|-boost|p2a: Comfey|spa|1\n|-boost|p2a: Comfey|spd|1\n|move|p1a: Umbreon|Wish|p1a: Umbreon\n|\n|-heal|p2a: Comfey|225/225 tox|[from] item: Leftovers\n|-heal|p1a: Umbreon|100/100|[from] item: Leftovers\n|-damage|p2a: Comfey|197/225 tox|[from] psn\n|upkeep\n|turn|23\n|inactive|Time left: 300 sec this turn | 300 sec total\n|\n|t:|1783540044\n|switch|p1a: Luxray|Luxray, L88, M|54/100\n|move|p2a: Comfey|Calm Mind|p2a: Comfey\n|-boost|p2a: Comfey|spa|1\n|-boost|p2a: Comfey|spd|1\n|\n|-heal|p1a: Luxray|100/100|[from] move: Wish|[wisher] Umbreon\n|-heal|p2a: Comfey|211/225 tox|[from] item: Leftovers\n|-damage|p2a: Comfey|169/225 tox|[from] psn\n|upkeep\n|turn|24\n|inactive|Time left: 300 sec this turn | 300 sec total\n|\n|t:|1783540045\n|-terastallize|p2a: Comfey|Ground\n|move|p2a: Comfey|Tera Blast|p1a: Luxray|[anim] Tera Blast Ground\n|-supereffective|p1a: Luxray\n|-damage|p1a: Luxray|0 fnt\n|faint|p1a: Luxray\n|\n|-heal|p2a: Comfey|183/225 tox|[from] item: Leftovers\n|-damage|p2a: Comfey|127/225 tox|[from] psn\n|upkeep\n|\n|t:|1783540046\n|switch|p1a: Umbreon|Umbreon, L84, F|100/100\n|turn|25\n|inactive|Time left: 300 sec this turn | 300 sec total\n|\n|t:|1783540047\n|move|p1a: Umbreon|Protect|p1a: Umbreon\n|-singleturn|p1a: Umbreon|Protect\n|move|p2a: Comfey|Synthesis|p2a: Comfey\n|-heal|p2a: Comfey|225/225 tox\n|\n|-damage|p2a: Comfey|155/225 tox|[from] psn\n|upkeep\n|turn|26\n|inactive|Time left: 300 sec this turn | 300 sec total\n|\n|t:|1783540048\n|move|p2a: Comfey|Draining Kiss|p1a: Umbreon\n|-supereffective|p1a: Umbreon\n|-damage|p1a: Umbreon|39/100\n|-heal|p2a: Comfey|225/225 tox|[from] drain|[of] p1a: Umbreon\n|move|p1a: Umbreon|Foul Play|p2a: Comfey\n|-damage|p2a: Comfey|179/225 tox\n|\n|-heal|p2a: Comfey|193/225 tox|[from] item: Leftovers\n|-heal|p1a: Umbreon|45/100|[from] item: Leftovers\n|-damage|p2a: Comfey|109/225 tox|[from] psn\n|upkeep\n|turn|27\n|inactive|Time left: 300 sec this turn | 300 sec total\n|\n|t:|1783540048\n|move|p1a: Umbreon|Protect|p1a: Umbreon\n|-singleturn|p1a: Umbreon|Protect\n|move|p2a: Comfey|Tera Blast|p1a: Umbreon|[anim] Tera Blast Ground\n|-activate|p1a: Umbreon|move: Protect\n|\n|-heal|p2a: Comfey|123/225 tox|[from] item: Leftovers\n|-heal|p1a: Umbreon|51/100|[from] item: Leftovers\n|-damage|p2a: Comfey|25/225 tox|[from] psn\n|upkeep\n|turn|28\n|inactive|Time left: 300 sec this turn | 300 sec total\n|\n|t:|1783540049\n|move|p1a: Umbreon|Protect||[still]\n|-fail|p1a: Umbreon\n|move|p2a: Comfey|Draining Kiss|p1a: Umbreon\n|-supereffective|p1a: Umbreon\n|-damage|p1a: Umbreon|0 fnt\n|-heal|p2a: Comfey|138/225 tox|[from] drain|[of] p1a: Umbreon\n|faint|p1a: Umbreon\n|\n|-heal|p2a: Comfey|152/225 tox|[from] item: Leftovers\n|-damage|p2a: Comfey|40/225 tox|[from] psn\n|upkeep\n|\n|t:|1783540050\n|switch|p1a: Serperior|Serperior, L79, M|100/100\n|turn|29\n|inactive|Time left: 300 sec this turn | 300 sec total\n|\n|t:|1783540051\n|move|p2a: Comfey|Draining Kiss|p1a: Serperior\n|-damage|p1a: Serperior|52/100\n|-heal|p2a: Comfey|130/225 tox|[from] drain|[of] p1a: Serperior\n|move|p1a: Serperior|Synthesis|p1a: Serperior\n|-heal|p1a: Serperior|100/100\n|\n|-heal|p2a: Comfey|144/225 tox|[from] item: Leftovers\n|-damage|p2a: Comfey|18/225 tox|[from] psn\n|upkeep\n|turn|30\n|inactive|Time left: 300 sec this turn | 300 sec total\n|\n|t:|1783540052\n|move|p2a: Comfey|Draining Kiss|p1a: Serperior\n|-damage|p1a: Serperior|55/100\n|-heal|p2a: Comfey|104/225 tox|[from] drain|[of] p1a: Serperior\n|move|p1a: Serperior|Leaf Storm|p2a: Comfey\n|-supereffective|p2a: Comfey\n|-damage|p2a: Comfey|16/225 tox\n|-boost|p1a: Serperior|spa|2\n|-damage|p1a: Serperior|45/100|[from] item: Life Orb\n|\n|-heal|p2a: Comfey|30/225 tox|[from] item: Leftovers\n|-damage|p2a: Comfey|0 fnt|[from] psn\n|faint|p2a: Comfey\n|upkeep\n|inactive|Time left: 300 sec this turn | 300 sec total | 5 sec grace\n|\n|t:|1783540053\n|switch|p2a: Deoxys|Deoxys, L74|196/196\n|-ability|p2a: Deoxys|Pressure\n|turn|31\n|inactive|Time left: 300 sec this turn | 300 sec total\n|\n|t:|1783540054\n|switch|p1a: Kyogre|Kyogre, L71|23/100\n|-weather|RainDance|[from] ability: Drizzle|[of] p1a: Kyogre\n|move|p2a: Deoxys|Superpower|p1a: Kyogre\n|-damage|p1a: Kyogre|0 fnt\n|-unboost|p2a: Deoxys|atk|1\n|-unboost|p2a: Deoxys|def|1\n|faint|p1a: Kyogre\n|-damage|p2a: Deoxys|177/196|[from] item: Life Orb\n|\n|-weather|RainDance|[upkeep]\n|upkeep\n|\n|t:|1783540054\n|switch|p1a: Serperior|Serperior, L79, M|45/100\n|turn|32\n|inactive|Time left: 300 sec this turn | 300 sec total\n|\n|t:|1783540055\n|-terastallize|p1a: Serperior|Dragon\n|move|p2a: Deoxys|Psycho Boost|p1a: Serperior\n|-damage|p1a: Serperior|0 fnt\n|-unboost|p2a: Deoxys|spa|2\n|faint|p1a: Serperior\n|-damage|p2a: Deoxys|158/196|[from] item: Life Orb\n|\n|win|p0y0494434", "uploadtime": 1783540055, "views": 0, "rating": 0, "private": 0, "password": null, "_winner": "p0y0494434", "_our_name": "p0y0494434"}