{"id": "battle-gen9randombattle-1163", "formatid": "gen9randombattle", "format": "[Gen 9] Random Battle", "players": ["p0x1163ee01", "p0y11632ee8"], "log": "|init|battle\n|title|p0x1163ee01 vs. p0y11632ee8\n|j|\u2606p0x1163ee01\n|j|\u2606p0y11632ee8\n|t:|1783553493\n|gametype|singles\n|player|p1|p0x1163ee01|102|\n|player|p2|p0y11632ee8|265|\n|gen|9\n|tier|[Gen 9] Random Battle\n|rule|Species Clause: Limit one of each Pok\u00e9mon\n|rule|HP Percentage Mod: HP is shown in percentages\n|rule|Sleep Clause Mod: Limit one foe put to sleep\n|rule|Illusion Level Mod: Illusion disguises the Pok\u00e9mon's true level\n|\n|t:|1783553493\n|teamsize|p1|6\n|teamsize|p2|6\n|start\n|switch|p1a: Munkidori|Munkidori, L79, M|100/100\n|switch|p2a: Exeggutor|Exeggutor-Alola, L89, F|314/314\n|-item|p1a: Munkidori|Choice Specs|[from] ability: Frisk|[of] p2a: Exeggutor\n|turn|1\n|inactive|Battle timer is ON: inactive players will automatically lose when time's up. (requested by p0y11632ee8)\n|inactive|p0x1163ee01 also wants the timer to be on.\n|\n|t:|1783553494\n|switch|p2a: Cobalion|Cobalion, L80|277/277\n|move|p1a: Munkidori|Sludge Wave|p2a: Cobalion\n|-immune|p2a: Cobalion\n|\n|upkeep\n|turn|2\n|inactive|Time left: 300 sec this turn | 300 sec total\n|\n|t:|1783553495\n|move|p2a: Cobalion|Calm Mind|p2a: Cobalion\n|-boost|p2a: Cobalion|spa|1\n|-boost|p2a: Cobalion|spd|1\n|move|p1a: Munkidori|Sludge Wave|p2a: Cobalion\n|-immune|p2a: Cobalion\n|\n|upkeep\n|turn|3\n|inactive|Time left: 300 sec this turn | 300 sec total\n|\n|t:|1783553496\n|switch|p1a: Dusknoir|Dusknoir, L89, F|100/100\n|-item|p2a: Cobalion|Leftovers|[from] ability: Frisk|[of] p1a: Dusknoir\n|move|p2a: Cobalion|Flash Cannon|p1a: Dusknoir\n|-damage|p1a: Dusknoir|67/100\n|\n|-heal|p1a: Dusknoir|73/100|[from] item: Leftovers\n|upkeep\n|turn|4\n|inactive|Time left: 300 sec this turn | 300 sec total\n|\n|t:|1783553497\n|move|p2a: Cobalion|Flash Cannon|p1a: Dusknoir\n|-crit|p1a: Dusknoir\n|-damage|p1a: Dusknoir|18/100\n|-unboost|p1a: Dusknoir|spd|1\n|move|p1a: Dusknoir|Pain Split|p2a: Cobalion\n|-sethp|p2a: Cobalion|158/277|[from] move: Pain Split|[silent]\n|-sethp|p1a: Dusknoir|71/100|[from] move: Pain Split\n|\n|-heal|p2a: Cobalion|175/277|[from] item: Leftovers\n|-heal|p1a: Dusknoir|77/100|[from] item: Leftovers\n|upkeep\n|turn|5\n|inactive|Time left: 300 sec this turn | 300 sec total\n|\n|t:|1783553497\n|move|p2a: Cobalion|Flash Cannon|p1a: Dusknoir\n|-damage|p1a: Dusknoir|26/100\n|move|p1a: Dusknoir|Substitute|p1a: Dusknoir\n|-start|p1a: Dusknoir|Substitute\n|-damage|p1a: Dusknoir|1/100\n|\n|-heal|p2a: Cobalion|192/277|[from] item: Leftovers\n|-heal|p1a: Dusknoir|7/100|[from] item: Leftovers\n|upkeep\n|turn|6\n|inactive|Time left: 300 sec this turn | 300 sec total\n|\n|t:|1783553498\n|-singleturn|p1a: Dusknoir|move: Focus Punch\n|move|p2a: Cobalion|Flash Cannon|p1a: Dusknoir\n|-end|p1a: Dusknoir|Substitute\n|move|p1a: Dusknoir|Focus Punch|p2a: Cobalion\n|-supereffective|p2a: Cobalion\n|-damage|p2a: Cobalion|0 fnt\n|faint|p2a: Cobalion\n|\n|-heal|p1a: Dusknoir|13/100|[from] item: Leftovers\n|upkeep\n|inactive|Time left: 300 sec this turn | 300 sec total | 5 sec grace\n|\n|t:|1783553499\n|switch|p2a: Abomasnow|Abomasnow, L84, F|287/287\n|-weather|Snowscape|[from] ability: Snow Warning|[of] p2a: Abomasnow\n|turn|7\n|inactive|Time left: 300 sec this turn | 300 sec total\n|\n|t:|1783553500\n|move|p2a: Abomasnow|Earthquake|p1a: Dusknoir\n|-damage|p1a: Dusknoir|0 fnt\n|faint|p1a: Dusknoir\n|\n|-weather|Snowscape|[upkeep]\n|upkeep\n|\n|t:|1783553500\n|switch|p1a: Munkidori|Munkidori, L79, M|100/100\n|turn|8\n|inactive|Time left: 300 sec this turn | 300 sec total\n|\n|t:|1783553501\n|-terastallize|p2a: Abomasnow|Water\n|move|p1a: Munkidori|Sludge Wave|p2a: Abomasnow\n|-damage|p2a: Abomasnow|122/287\n|move|p2a: Abomasnow|Aurora Veil|p2a: Abomasnow\n|-sidestart|p2: p0y11632ee8|move: Aurora Veil\n|\n|-weather|Snowscape|[upkeep]\n|upkeep\n|turn|9\n|inactive|Time left: 300 sec this turn | 300 sec total\n|\n|t:|1783553502\n|move|p1a: Munkidori|Sludge Wave|p2a: Abomasnow\n|-damage|p2a: Abomasnow|31/287\n|move|p2a: Abomasnow|Earthquake|p1a: Munkidori\n|-supereffective|p1a: Munkidori\n|-damage|p1a: Munkidori|40/100\n|\n|-weather|Snowscape|[upkeep]\n|upkeep\n|turn|10\n|inactive|Time left: 300 sec this turn | 300 sec total\n|\n|t:|1783553503\n|switch|p2a: Regirock|Regirock, L83|268/268\n|move|p1a: Munkidori|Sludge Wave|p2a: Regirock\n|-resisted|p2a: Regirock\n|-damage|p2a: Regirock|229/268\n|\n|-weather|Snowscape|[upkeep]\n|-heal|p2a: Regirock|245/268|[from] item: Leftovers\n|upkeep\n|turn|11\n|inactive|Time left: 300 sec this turn | 300 sec total\n|\n|t:|1783553503\n|move|p1a: Munkidori|Sludge Wave|p2a: Regirock\n|-resisted|p2a: Regirock\n|-damage|p2a: Regirock|209/268\n|-status|p2a: Regirock|tox|[from] ability: Toxic Chain|[of] p1a: Munkidori\n|move|p2a: Regirock|Stone Edge|p1a: Munkidori\n|-damage|p1a: Munkidori|0 fnt\n|faint|p1a: Munkidori\n|\n|-weather|none\n|-heal|p2a: Regirock|225/268 tox|[from] item: Leftovers\n|-damage|p2a: Regirock|209/268 tox|[from] psn\n|upkeep\n|\n|t:|1783553504\n|switch|p1a: Terrakion|Terrakion, L79|100/100\n|turn|12\n|inactive|Time left: 300 sec this turn | 300 sec total\n|\n|t:|1783553506\n|move|p1a: Terrakion|Swords Dance|p1a: Terrakion\n|-boost|p1a: Terrakion|atk|2\n|move|p2a: Regirock|Body Press|p1a: Terrakion\n|-supereffective|p1a: Terrakion\n|-damage|p1a: Terrakion|18/100\n|\n|-heal|p2a: Regirock|225/268 tox|[from] item: Leftovers\n|-damage|p2a: Regirock|193/268 tox|[from] psn\n|upkeep\n|turn|13\n|inactive|Time left: 300 sec this turn | 300 sec total\n|\n|t:|1783553507\n|move|p1a: Terrakion|Close Combat|p2a: Regirock\n|-supereffective|p2a: Regirock\n|-damage|p2a: Regirock|10/268 tox\n|-unboost|p1a: Terrakion|def|1\n|-unboost|p1a: Terrakion|spd|1\n|-damage|p1a: Terrakion|8/100|[from] item: Life Orb\n|move|p2a: Regirock|Body Press|p1a: Terrakion\n|-supereffective|p1a: Terrakion\n|-damage|p1a: Terrakion|0 fnt\n|faint|p1a: Terrakion\n|\n|-heal|p2a: Regirock|26/268 tox|[from] item: Leftovers\n|-damage|p2a: Regirock|0 fnt|[from] psn\n|faint|p2a: Regirock\n|upkeep\n|inactive|Time left: 300 sec this turn | 300 sec total | 5 sec grace\n|\n|t:|1783553508\n|switch|p1a: Leafeon|Leafeon, L88, M|100/100\n|switch|p2a: Braviary|Braviary, L85, M|309/309\n|turn|14\n|inactive|Time left: 300 sec this turn | 300 sec total\n|\n|t:|1783553509\n|move|p1a: Leafeon|Swords Dance|p1a: Leafeon\n|-boost|p1a: Leafeon|atk|2\n|move|p2a: Braviary|Brave Bird|p1a: Leafeon\n|-supereffective|p1a: Leafeon\n|-damage|p1a: Leafeon|17/100\n|-damage|p2a: Braviary|238/309|[from] Recoil\n|\n|upkeep\n|turn|15\n|inactive|Time left: 300 sec this turn | 300 sec total\n|\n|t:|1783553510\n|-terastallize|p1a: Leafeon|Normal\n|move|p1a: Leafeon|Synthesis|p1a: Leafeon\n|-heal|p1a: Leafeon|67/100\n|move|p2a: Braviary|Brave Bird|p1a: Leafeon\n|-damage|p1a: Leafeon|25/100\n|-damage|p2a: Braviary|202/309|[from] Recoil\n|\n|-sideend|p2: p0y11632ee8|move: Aurora Veil\n|upkeep\n|turn|16\n|inactive|Time left: 300 sec this turn | 300 sec total\n|\n|t:|1783553511\n|move|p1a: Leafeon|Synthesis|p1a: Leafeon\n|-heal|p1a: Leafeon|75/100\n|move|p2a: Braviary|Close Combat|p1a: Leafeon\n|-supereffective|p1a: Leafeon\n|-damage|p1a: Leafeon|18/100\n|-unboost|p2a: Braviary|def|1\n|-unboost|p2a: Braviary|spd|1\n|\n|upkeep\n|turn|17\n|inactive|Time left: 300 sec this turn | 300 sec total\n|\n|t:|1783553512\n|switch|p2a: Abomasnow|Abomasnow, L84, F, tera:Water|31/287\n|-weather|Snowscape|[from] ability: Snow Warning|[of] p2a: Abomasnow\n|move|p1a: Leafeon|Leaf Blade|p2a: Abomasnow\n|-supereffective|p2a: Abomasnow\n|-damage|p2a: Abomasnow|0 fnt\n|faint|p2a: Abomasnow\n|-damage|p1a: Leafeon|8/100|[from] item: Life Orb\n|\n|-weather|Snowscape|[upkeep]\n|upkeep\n|inactive|Time left: 300 sec this turn | 300 sec total | 5 sec grace\n|\n|t:|1783553513\n|switch|p2a: Scyther|Scyther, L82, M|249/249\n|turn|18\n|inactive|Time left: 300 sec this turn | 300 sec total\n|\n|t:|1783553514\n|move|p2a: Scyther|Dual Wingbeat|p1a: Leafeon\n|-damage|p1a: Leafeon|0 fnt\n|faint|p1a: Leafeon\n|-hitcount|p1: Leafeon|1\n|\n|-weather|Snowscape|[upkeep]\n|upkeep\n|\n|t:|1783553515\n|switch|p1a: Sceptile|Sceptile, L87, M|100/100\n|turn|19\n|inactive|Time left: 300 sec this turn | 300 sec total\n|\n|t:|1783553516\n|switch|p2a: Exeggutor|Exeggutor-Alola, L89, F|314/314\n|-item|p1a: Sceptile|Life Orb|[from] ability: Frisk|[of] p2a: Exeggutor\n|move|p1a: Sceptile|Rock Slide|p2a: Exeggutor\n|-damage|p2a: Exeggutor|245/314\n|-damage|p1a: Sceptile|91/100|[from] item: Life Orb\n|\n|-weather|Snowscape|[upkeep]\n|upkeep\n|turn|20\n|inactive|Time left: 300 sec this turn | 300 sec total\n|\n|t:|1783553517\n|move|p1a: Sceptile|Rock Slide|p2a: Exeggutor\n|-damage|p2a: Exeggutor|180/314\n|-damage|p1a: Sceptile|81/100|[from] item: Life Orb\n|move|p2a: Exeggutor|Flamethrower|p1a: Sceptile\n|-supereffective|p1a: Sceptile\n|-damage|p1a: Sceptile|0 fnt\n|faint|p1a: Sceptile\n|\n|-weather|Snowscape|[upkeep]\n|upkeep\n|\n|t:|1783553518\n|switch|p1a: Ditto|Ditto, L87|100/100\n|-transform|p1a: Ditto|p2a: Exeggutor|[from] ability: Imposter\n|-item|p2a: Exeggutor|Choice Specs|[from] ability: Frisk|[of] p1a: Ditto\n|turn|21\n|inactive|Time left: 300 sec this turn | 300 sec total\n|\n|t:|1783553519\n|move|p1a: Ditto|Flamethrower|p2a: Exeggutor\n|-damage|p2a: Exeggutor|96/314\n|move|p2a: Exeggutor|Flamethrower|p1a: Ditto\n|-damage|p1a: Ditto|39/100\n|\n|-weather|none\n|upkeep\n|turn|22\n|inactive|Time left: 300 sec this turn | 300 sec total\n|\n|t:|1783553520\n|move|p1a: Ditto|Flamethrower|p2a: Exeggutor\n|-crit|p2a: Exeggutor\n|-damage|p2a: Exeggutor|0 fnt\n|faint|p2a: Exeggutor\n|\n|upkeep\n|inactive|Time left: 300 sec this turn | 300 sec total | 5 sec grace\n|\n|t:|1783553521\n|switch|p2a: Braviary|Braviary, L85, M|202/309\n|turn|23\n|inactive|Time left: 300 sec this turn | 300 sec total\n|\n|t:|1783553522\n|move|p1a: Ditto|Flamethrower|p2a: Braviary\n|-crit|p2a: Braviary\n|-damage|p2a: Braviary|54/309\n|move|p2a: Braviary|Brave Bird|p1a: Ditto\n|-supereffective|p1a: Ditto\n|-damage|p1a: Ditto|0 fnt\n|faint|p1a: Ditto\n|-damage|p2a: Braviary|26/309|[from] Recoil\n|\n|win|p0y11632ee8", "uploadtime": 1783553522, "views": 0, "rating": 0, "private": 0, "password": null, "_winner": "p0y11632ee8", "_our_name": "p0y11632ee8"}