{"id": "battle-gen9randombattle-587", "formatid": "gen9randombattle", "format": "[Gen 9] Random Battle", "players": ["p0x5876028", "p0y587bf7d"], "log": "|init|battle\n|title|p0x5876028 vs. p0y587bf7d\n|j|\u2606p0x5876028\n|j|\u2606p0y587bf7d\n|t:|1783545878\n|gametype|singles\n|player|p1|p0x5876028|102|\n|player|p2|p0y587bf7d|101|\n|gen|9\n|tier|[Gen 9] Random Battle\n|rule|Species Clause: Limit one of each Pok\u00e9mon\n|rule|HP Percentage Mod: HP is shown in percentages\n|rule|Sleep Clause Mod: Limit one foe put to sleep\n|rule|Illusion Level Mod: Illusion disguises the Pok\u00e9mon's true level\n|\n|t:|1783545878\n|teamsize|p1|6\n|teamsize|p2|6\n|start\n|switch|p1a: Lokix|Lokix, L82, M|100/100\n|switch|p2a: Indeedee|Indeedee, L84, M|238/238\n|-fieldstart|move: Psychic Terrain|[from] ability: Psychic Surge|[of] p2a: Indeedee\n|turn|1\n|inactive|Battle timer is ON: inactive players will automatically lose when time's up. (requested by p0y587bf7d)\n|inactive|p0x5876028 also wants the timer to be on.\n|\n|t:|1783545880\n|switch|p2a: Ampharos|Ampharos, L88, M|302/302\n|move|p1a: Lokix|Leech Life|p2a: Ampharos\n|-damage|p2a: Ampharos|203/302\n|-status|p1a: Lokix|par|[from] ability: Static|[of] p2a: Ampharos\n|-damage|p1a: Lokix|91/100 par|[from] item: Life Orb\n|\n|upkeep\n|turn|2\n|inactive|Time left: 300 sec this turn | 300 sec total\n|\n|t:|1783545881\n|switch|p1a: Swampert|Swampert, L83, F|100/100\n|move|p2a: Ampharos|Dazzling Gleam|p1a: Swampert\n|-damage|p1a: Swampert|79/100\n|\n|-heal|p1a: Swampert|85/100|[from] item: Leftovers\n|upkeep\n|turn|3\n|inactive|Time left: 300 sec this turn | 300 sec total\n|\n|t:|1783545883\n|switch|p2a: Tsareena|Tsareena, L87, F|267/267\n|move|p1a: Swampert|Earthquake|p2a: Tsareena\n|-resisted|p2a: Tsareena\n|-damage|p2a: Tsareena|217/267\n|\n|-heal|p1a: Swampert|91/100|[from] item: Leftovers\n|upkeep\n|turn|4\n|inactive|Time left: 300 sec this turn | 300 sec total\n|\n|t:|1783545884\n|switch|p1a: Flareon|Flareon, L90, M|100/100\n|move|p2a: Tsareena|Power Whip|p1a: Flareon\n|-resisted|p1a: Flareon\n|-damage|p1a: Flareon|54/100\n|-damage|p2a: Tsareena|191/267|[from] item: Life Orb\n|\n|-status|p1a: Flareon|tox|[from] item: Toxic Orb\n|upkeep\n|turn|5\n|inactive|Time left: 300 sec this turn | 300 sec total\n|\n|t:|1783545885\n|switch|p1a: Venomoth|Venomoth, L84, F|100/100\n|move|p2a: Tsareena|High Jump Kick|p1a: Venomoth|[miss]\n|-miss|p2a: Tsareena|p1a: Venomoth\n|-damage|p2a: Tsareena|58/267|[from] highjumpkick\n|\n|-fieldend|move: Psychic Terrain\n|upkeep\n|turn|6\n|inactive|Time left: 300 sec this turn | 300 sec total\n|\n|t:|1783545886\n|move|p1a: Venomoth|Bug Buzz|p2a: Tsareena\n|-supereffective|p2a: Tsareena\n|-damage|p2a: Tsareena|0 fnt\n|faint|p2a: Tsareena\n|\n|upkeep\n|inactive|Time left: 300 sec this turn | 300 sec total | 5 sec grace\n|\n|t:|1783545887\n|switch|p2a: Indeedee|Indeedee, L84, M|238/238\n|-fieldstart|move: Psychic Terrain|[from] ability: Psychic Surge|[of] p2a: Indeedee\n|turn|7\n|inactive|Time left: 300 sec this turn | 300 sec total\n|\n|t:|1783545889\n|switch|p1a: Lokix|Lokix, L82, M|91/100 par\n|move|p2a: Indeedee|Expanding Force|p1a: Lokix\n|-immune|p1a: Lokix\n|\n|upkeep\n|turn|8\n|inactive|Time left: 300 sec this turn | 300 sec total\n|\n|t:|1783545890\n|switch|p2a: Virizion|Virizion, L82|283/283\n|move|p1a: Lokix|Knock Off|p2a: Virizion\n|-resisted|p2a: Virizion\n|-damage|p2a: Virizion|135/283\n|-ability|p2a: Virizion|Justified|boost\n|-boost|p2a: Virizion|atk|1\n|-enditem|p2a: Virizion|Life Orb|[from] move: Knock Off|[of] p1a: Lokix\n|-damage|p1a: Lokix|81/100 par|[from] item: Life Orb\n|\n|upkeep\n|turn|9\n|inactive|Time left: 300 sec this turn | 300 sec total\n|\n|t:|1783545891\n|switch|p1a: Azelf|Azelf, L82|100/100\n|move|p2a: Virizion|Stone Edge|p1a: Azelf|[miss]\n|-miss|p2a: Virizion|p1a: Azelf\n|\n|upkeep\n|turn|10\n|inactive|Time left: 300 sec this turn | 300 sec total\n|\n|t:|1783545892\n|switch|p2a: Palossand|Palossand, L89, F|296/296\n|move|p1a: Azelf|Psyshock|p2a: Palossand\n|-damage|p2a: Palossand|176/296\n|\n|-heal|p2a: Palossand|194/296|[from] item: Leftovers\n|upkeep\n|turn|11\n|inactive|Time left: 300 sec this turn | 300 sec total\n|\n|t:|1783545893\n|move|p1a: Azelf|Psyshock|p2a: Palossand\n|-damage|p2a: Palossand|67/296\n|move|p2a: Palossand|Shadow Ball|p1a: Azelf\n|-supereffective|p1a: Azelf\n|-damage|p1a: Azelf|16/100\n|\n|-heal|p2a: Palossand|85/296|[from] item: Leftovers\n|-fieldend|move: Psychic Terrain\n|upkeep\n|turn|12\n|inactive|Time left: 300 sec this turn | 300 sec total\n|\n|t:|1783545895\n|switch|p2a: Solgaleo|Solgaleo, L74|325/325\n|move|p1a: Azelf|Psyshock|p2a: Solgaleo\n|-resisted|p2a: Solgaleo\n|-crit|p2a: Solgaleo\n|-damage|p2a: Solgaleo|273/325\n|\n|upkeep\n|turn|13\n|inactive|Time left: 300 sec this turn | 300 sec total\n|\n|t:|1783545896\n|switch|p1a: Swampert|Swampert, L83, F|91/100\n|move|p2a: Solgaleo|Flame Charge|p1a: Swampert\n|-resisted|p1a: Swampert\n|-damage|p1a: Swampert|85/100\n|-boost|p2a: Solgaleo|spe|1\n|\n|-heal|p1a: Swampert|91/100|[from] item: Leftovers\n|upkeep\n|turn|14\n|inactive|Time left: 300 sec this turn | 300 sec total\n|\n|t:|1783545897\n|switch|p2a: Virizion|Virizion, L82|135/283\n|move|p1a: Swampert|Earthquake|p2a: Virizion\n|-resisted|p2a: Virizion\n|-damage|p2a: Virizion|68/283\n|\n|-heal|p1a: Swampert|97/100|[from] item: Leftovers\n|upkeep\n|turn|15\n|inactive|Time left: 300 sec this turn | 300 sec total\n|\n|t:|1783545898\n|-terastallize|p1a: Swampert|Poison\n|move|p2a: Virizion|Leaf Blade|p1a: Swampert\n|-resisted|p1a: Swampert\n|-damage|p1a: Swampert|82/100\n|move|p1a: Swampert|Earthquake|p2a: Virizion\n|-resisted|p2a: Virizion\n|-damage|p2a: Virizion|0 fnt\n|faint|p2a: Virizion\n|\n|-heal|p1a: Swampert|88/100|[from] item: Leftovers\n|upkeep\n|inactive|Time left: 300 sec this turn | 300 sec total | 5 sec grace\n|\n|t:|1783545900\n|switch|p2a: Indeedee|Indeedee, L84, M|238/238\n|-fieldstart|move: Psychic Terrain|[from] ability: Psychic Surge|[of] p2a: Indeedee\n|turn|16\n|inactive|Time left: 300 sec this turn | 300 sec total\n|\n|t:|1783545901\n|switch|p1a: Lokix|Lokix, L82, M|81/100 par\n|move|p2a: Indeedee|Expanding Force|p1a: Lokix\n|-immune|p1a: Lokix\n|\n|upkeep\n|turn|17\n|inactive|Time left: 300 sec this turn | 300 sec total\n|\n|t:|1783545902\n|switch|p2a: Ampharos|Ampharos, L88, M|203/302\n|move|p1a: Lokix|Knock Off|p2a: Ampharos\n|-damage|p2a: Ampharos|78/302\n|-enditem|p2a: Ampharos|Assault Vest|[from] move: Knock Off|[of] p1a: Lokix\n|-damage|p1a: Lokix|71/100 par|[from] item: Life Orb\n|\n|upkeep\n|turn|18\n|inactive|Time left: 300 sec this turn | 300 sec total\n|\n|t:|1783545903\n|switch|p1a: Swampert|Swampert, L83, F, tera:Poison|88/100\n|move|p2a: Ampharos|Discharge|p1a: Swampert\n|-damage|p1a: Swampert|51/100\n|-status|p1a: Swampert|par\n|\n|-heal|p1a: Swampert|57/100 par|[from] item: Leftovers\n|upkeep\n|turn|19\n|inactive|Time left: 300 sec this turn | 300 sec total\n|\n|t:|1783545904\n|move|p2a: Ampharos|Discharge|p1a: Swampert\n|-damage|p1a: Swampert|24/100 par\n|move|p1a: Swampert|Earthquake|p2a: Ampharos\n|-supereffective|p2a: Ampharos\n|-damage|p2a: Ampharos|0 fnt\n|faint|p2a: Ampharos\n|\n|-heal|p1a: Swampert|30/100 par|[from] item: Leftovers\n|upkeep\n|inactive|Time left: 300 sec this turn | 300 sec total | 5 sec grace\n|\n|t:|1783545905\n|switch|p2a: Palossand|Palossand, L89, F|85/296\n|turn|20\n|inactive|Time left: 300 sec this turn | 300 sec total\n|\n|t:|1783545905\n|move|p2a: Palossand|Earth Power|p1a: Swampert\n|-supereffective|p1a: Swampert\n|-damage|p1a: Swampert|0 fnt\n|faint|p1a: Swampert\n|\n|-heal|p2a: Palossand|103/296|[from] item: Leftovers\n|-fieldend|move: Psychic Terrain\n|upkeep\n|\n|t:|1783545906\n|switch|p1a: Flareon|Flareon, L90, M|54/100 tox\n|turn|21\n|inactive|Time left: 300 sec this turn | 300 sec total\n|\n|t:|1783545907\n|move|p1a: Flareon|Flare Blitz|p2a: Palossand\n|-damage|p2a: Palossand|0 fnt\n|faint|p2a: Palossand\n|-damage|p1a: Flareon|42/100 tox|[from] Recoil\n|\n|-damage|p1a: Flareon|35/100 tox|[from] psn\n|upkeep\n|inactive|Time left: 300 sec this turn | 300 sec total | 5 sec grace\n|\n|t:|1783545908\n|switch|p2a: Solgaleo|Solgaleo, L74|273/325\n|turn|22\n|inactive|Time left: 300 sec this turn | 300 sec total\n|\n|t:|1783545909\n|move|p2a: Solgaleo|Earthquake|p1a: Flareon\n|-supereffective|p1a: Flareon\n|-damage|p1a: Flareon|0 fnt\n|faint|p1a: Flareon\n|\n|upkeep\n|\n|t:|1783545910\n|switch|p1a: Azelf|Azelf, L82|16/100\n|turn|23\n|inactive|Time left: 300 sec this turn | 300 sec total\n|\n|t:|1783545911\n|switch|p2a: Indeedee|Indeedee, L84, M|238/238\n|-fieldstart|move: Psychic Terrain|[from] ability: Psychic Surge|[of] p2a: Indeedee\n|move|p1a: Azelf|Fire Blast|p2a: Indeedee\n|-damage|p2a: Indeedee|110/238\n|\n|upkeep\n|turn|24\n|inactive|Time left: 300 sec this turn | 300 sec total\n|\n|t:|1783545912\n|move|p2a: Indeedee|Hyper Voice|p1a: Azelf\n|-crit|p1a: Azelf\n|-damage|p1a: Azelf|0 fnt\n|faint|p1a: Azelf\n|\n|upkeep\n|\n|t:|1783545913\n|switch|p1a: Venomoth|Venomoth, L84, F|100/100\n|turn|25\n|inactive|Time left: 300 sec this turn | 300 sec total\n|\n|t:|1783545914\n|move|p2a: Indeedee|Hyper Voice|p1a: Venomoth\n|-damage|p1a: Venomoth|58/100\n|move|p1a: Venomoth|Bug Buzz|p2a: Indeedee\n|-supereffective|p2a: Indeedee\n|-damage|p2a: Indeedee|0 fnt\n|faint|p2a: Indeedee\n|\n|upkeep\n|inactive|Time left: 300 sec this turn | 300 sec total | 5 sec grace\n|\n|t:|1783545915\n|switch|p2a: Solgaleo|Solgaleo, L74|273/325\n|turn|26\n|inactive|Time left: 300 sec this turn | 300 sec total\n|\n|t:|1783545916\n|move|p1a: Venomoth|Sleep Powder|p2a: Solgaleo\n|-status|p2a: Solgaleo|slp|[from] move: Sleep Powder\n|cant|p2a: Solgaleo|slp\n|\n|upkeep\n|turn|27\n|inactive|Time left: 300 sec this turn | 300 sec total\n|\n|t:|1783545917\n|move|p1a: Venomoth|Bug Buzz|p2a: Solgaleo\n|-damage|p2a: Solgaleo|171/325 slp\n|-curestatus|p2a: Solgaleo|slp|[msg]\n|move|p2a: Solgaleo|Flame Charge|p1a: Venomoth\n|-supereffective|p1a: Venomoth\n|-damage|p1a: Venomoth|18/100\n|-boost|p2a: Solgaleo|spe|1\n|\n|-fieldend|move: Psychic Terrain\n|upkeep\n|turn|28\n|inactive|Time left: 300 sec this turn | 300 sec total\n|\n|t:|1783545918\n|move|p2a: Solgaleo|Sunsteel Strike|p1a: Venomoth\n|-damage|p1a: Venomoth|0 fnt\n|faint|p1a: Venomoth\n|\n|upkeep\n|\n|t:|1783545919\n|switch|p1a: Lokix|Lokix, L82, M|71/100 par\n|turn|29\n|inactive|Time left: 300 sec this turn | 300 sec total\n|\n|t:|1783545920\n|-terastallize|p2a: Solgaleo|Fighting\n|move|p2a: Solgaleo|Flame Charge|p1a: Lokix\n|-supereffective|p1a: Lokix\n|-damage|p1a: Lokix|36/100 par\n|-boost|p2a: Solgaleo|spe|1\n|move|p1a: Lokix|Knock Off|p2a: Solgaleo\n|-resisted|p2a: Solgaleo\n|-damage|p2a: Solgaleo|33/325\n|-enditem|p2a: Solgaleo|Weakness Policy|[from] move: Knock Off|[of] p1a: Lokix\n|-damage|p1a: Lokix|26/100 par|[from] item: Life Orb\n|\n|upkeep\n|turn|30\n|inactive|Time left: 300 sec this turn | 300 sec total\n|\n|t:|1783545921\n|move|p1a: Lokix|Sucker Punch|p2a: Solgaleo\n|-resisted|p2a: Solgaleo\n|-damage|p2a: Solgaleo|0 fnt\n|faint|p2a: Solgaleo\n|-damage|p1a: Lokix|16/100 par|[from] item: Life Orb\n|\n|win|p0x5876028", "uploadtime": 1783545921, "views": 0, "rating": 0, "private": 0, "password": null, "_winner": "p0x5876028", "_our_name": "p0y587bf7d"}