{"id": "battle-gen9randombattle-1011", "formatid": "gen9randombattle", "format": "[Gen 9] Random Battle", "players": ["p0x101117bd", "p0y10117a77"], "log": "|init|battle\n|title|p0x101117bd vs. p0y10117a77\n|j|\u2606p0x101117bd\n|j|\u2606p0y10117a77\n|t:|1783551638\n|gametype|singles\n|player|p1|p0x101117bd|170|\n|player|p2|p0y10117a77|1|\n|gen|9\n|tier|[Gen 9] Random Battle\n|rule|Species Clause: Limit one of each Pok\u00e9mon\n|rule|HP Percentage Mod: HP is shown in percentages\n|rule|Sleep Clause Mod: Limit one foe put to sleep\n|rule|Illusion Level Mod: Illusion disguises the Pok\u00e9mon's true level\n|\n|t:|1783551638\n|teamsize|p1|6\n|teamsize|p2|6\n|start\n|switch|p1a: Iron Valiant|Iron Valiant, L78|100/100\n|switch|p2a: Necrozma|Necrozma-Dawn-Wings, L76|272/272\n|turn|1\n|inactive|Battle timer is ON: inactive players will automatically lose when time's up. (requested by p0y10117a77)\n|inactive|p0x101117bd also wants the timer to be on.\n|\n|t:|1783551640\n|move|p1a: Iron Valiant|Knock Off|p2a: Necrozma\n|-supereffective|p2a: Necrozma\n|-damage|p2a: Necrozma|3/272\n|-enditem|p2a: Necrozma|Leftovers|[from] move: Knock Off|[of] p1a: Iron Valiant\n|-damage|p1a: Iron Valiant|91/100|[from] item: Life Orb\n|move|p2a: Necrozma|Photon Geyser|p1a: Iron Valiant\n|-supereffective|p1a: Iron Valiant\n|-damage|p1a: Iron Valiant|0 fnt\n|faint|p1a: Iron Valiant\n|-end|p1a: Iron Valiant|Quark Drive|[silent]\n|\n|upkeep\n|\n|t:|1783551641\n|switch|p1a: Kyogre|Kyogre, L71|100/100\n|-weather|RainDance|[from] ability: Drizzle|[of] p1a: Kyogre\n|turn|2\n|inactive|Time left: 300 sec this turn | 300 sec total\n|\n|t:|1783551643\n|move|p1a: Kyogre|Water Spout|p2a: Necrozma\n|-damage|p2a: Necrozma|0 fnt\n|faint|p2a: Necrozma\n|\n|-weather|RainDance|[upkeep]\n|upkeep\n|inactive|Time left: 300 sec this turn | 300 sec total | 5 sec grace\n|\n|t:|1783551643\n|switch|p2a: Serperior|Serperior, L79, M|248/248\n|turn|3\n|inactive|Time left: 300 sec this turn | 300 sec total\n|\n|t:|1783551645\n|move|p1a: Kyogre|Water Spout|p2a: Serperior\n|-resisted|p2a: Serperior\n|-damage|p2a: Serperior|122/248\n|move|p2a: Serperior|Leaf Storm|p1a: Kyogre\n|-supereffective|p1a: Kyogre\n|-crit|p1a: Kyogre\n|-damage|p1a: Kyogre|0 fnt\n|-boost|p2a: Serperior|spa|2\n|faint|p1a: Kyogre\n|-damage|p2a: Serperior|98/248|[from] item: Life Orb\n|\n|-weather|RainDance|[upkeep]\n|upkeep\n|\n|t:|1783551646\n|switch|p1a: Glastrier|Glastrier, L86|100/100\n|turn|4\n|inactive|Time left: 300 sec this turn | 300 sec total\n|\n|t:|1783551647\n|move|p2a: Serperior|Leaf Storm|p1a: Glastrier\n|-damage|p1a: Glastrier|29/100\n|-boost|p2a: Serperior|spa|2\n|-damage|p2a: Serperior|74/248|[from] item: Life Orb\n|move|p1a: Glastrier|Icicle Crash|p2a: Serperior\n|-supereffective|p2a: Serperior\n|-damage|p2a: Serperior|0 fnt\n|faint|p2a: Serperior\n|-ability|p1a: Glastrier|Chilling Neigh|boost\n|-boost|p1a: Glastrier|atk|1\n|\n|-weather|RainDance|[upkeep]\n|upkeep\n|inactive|Time left: 300 sec this turn | 300 sec total | 5 sec grace\n|\n|t:|1783551647\n|switch|p2a: Hitmonchan|Hitmonchan, L87, M|229/229\n|turn|5\n|inactive|Time left: 300 sec this turn | 300 sec total\n|\n|t:|1783551649\n|-terastallize|p1a: Glastrier|Ground\n|move|p2a: Hitmonchan|Bulk Up|p2a: Hitmonchan\n|-boost|p2a: Hitmonchan|atk|1\n|-boost|p2a: Hitmonchan|def|1\n|move|p1a: Glastrier|High Horsepower|p2a: Hitmonchan\n|-damage|p2a: Hitmonchan|85/229\n|\n|-weather|RainDance|[upkeep]\n|-heal|p2a: Hitmonchan|99/229|[from] item: Leftovers\n|upkeep\n|turn|6\n|inactive|Time left: 300 sec this turn | 300 sec total\n|\n|t:|1783551650\n|move|p2a: Hitmonchan|Drain Punch|p1a: Glastrier\n|-damage|p1a: Glastrier|0 fnt\n|-heal|p2a: Hitmonchan|143/229|[from] drain|[of] p1a: Glastrier\n|faint|p1a: Glastrier\n|\n|-weather|none\n|-heal|p2a: Hitmonchan|157/229|[from] item: Leftovers\n|upkeep\n|\n|t:|1783551650\n|switch|p1a: Bellibolt|Bellibolt, L84, M|100/100\n|turn|7\n|inactive|Time left: 300 sec this turn | 300 sec total\n|\n|t:|1783551651\n|move|p2a: Hitmonchan|Drain Punch|p1a: Bellibolt\n|-damage|p1a: Bellibolt|55/100\n|-heal|p2a: Hitmonchan|229/229|[from] drain|[of] p1a: Bellibolt\n|-start|p1a: Bellibolt|Charge|Drain Punch|[from] ability: Electromorphosis\n|move|p1a: Bellibolt|Toxic|p2a: Hitmonchan\n|-status|p2a: Hitmonchan|tox\n|\n|-heal|p1a: Bellibolt|62/100|[from] item: Leftovers\n|-damage|p2a: Hitmonchan|215/229 tox|[from] psn\n|upkeep\n|turn|8\n|inactive|Time left: 300 sec this turn | 300 sec total\n|\n|t:|1783551652\n|move|p2a: Hitmonchan|Drain Punch|p1a: Bellibolt\n|-damage|p1a: Bellibolt|13/100\n|-heal|p2a: Hitmonchan|229/229 tox|[from] drain|[of] p1a: Bellibolt\n|-start|p1a: Bellibolt|Charge|Drain Punch|[from] ability: Electromorphosis\n|move|p1a: Bellibolt|Thunderbolt|p2a: Hitmonchan\n|-damage|p2a: Hitmonchan|69/229 tox\n|-end|p1a: Bellibolt|Charge|[silent]\n|\n|-heal|p2a: Hitmonchan|83/229 tox|[from] item: Leftovers\n|-heal|p1a: Bellibolt|19/100|[from] item: Leftovers\n|-damage|p2a: Hitmonchan|55/229 tox|[from] psn\n|upkeep\n|turn|9\n|inactive|Time left: 300 sec this turn | 300 sec total\n|\n|t:|1783551653\n|move|p2a: Hitmonchan|Knock Off|p1a: Bellibolt\n|-crit|p1a: Bellibolt\n|-damage|p1a: Bellibolt|0 fnt\n|-enditem|p1a: Bellibolt|Leftovers|[from] move: Knock Off|[of] p2a: Hitmonchan\n|faint|p1a: Bellibolt\n|\n|-heal|p2a: Hitmonchan|69/229 tox|[from] item: Leftovers\n|-damage|p2a: Hitmonchan|27/229 tox|[from] psn\n|upkeep\n|\n|t:|1783551654\n|switch|p1a: Delibird|Delibird, M|100/100\n|turn|10\n|inactive|Time left: 300 sec this turn | 300 sec total\n|\n|t:|1783551655\n|move|p1a: Delibird|Freeze-Dry|p2a: Hitmonchan\n|-damage|p2a: Hitmonchan|0 fnt\n|faint|p2a: Hitmonchan\n|\n|upkeep\n|inactive|Time left: 300 sec this turn | 300 sec total | 5 sec grace\n|\n|t:|1783551656\n|switch|p2a: Registeel|Registeel, L81|262/262\n|turn|11\n|inactive|Time left: 300 sec this turn | 300 sec total\n|\n|t:|1783551657\n|switch|p1a: Kommo-o|Kommo-o, L77, F|100/100\n|move|p2a: Registeel|Iron Head|p1a: Kommo-o\n|-damage|p1a: Kommo-o|78/100\n|\n|upkeep\n|turn|12\n|inactive|Time left: 300 sec this turn | 300 sec total\n|\n|t:|1783551658\n|-terastallize|p2a: Registeel|Fighting\n|move|p1a: Kommo-o|Swords Dance|p1a: Kommo-o\n|-boost|p1a: Kommo-o|atk|2\n|move|p2a: Registeel|Iron Defense|p2a: Registeel\n|-boost|p2a: Registeel|def|2\n|\n|upkeep\n|turn|13\n|inactive|Time left: 300 sec this turn | 300 sec total\n|\n|t:|1783551659\n|move|p1a: Kommo-o|Iron Head|p2a: Registeel\n|-damage|p2a: Registeel|229/262\n|move|p2a: Registeel|Body Press|p1a: Kommo-o\n|-damage|p1a: Kommo-o|7/100\n|\n|upkeep\n|turn|14\n|inactive|Time left: 300 sec this turn | 300 sec total\n|\n|t:|1783551660\n|move|p1a: Kommo-o|Iron Head|p2a: Registeel\n|-damage|p2a: Registeel|196/262\n|cant|p2a: Registeel|flinch\n|\n|upkeep\n|turn|15\n|inactive|Time left: 300 sec this turn | 300 sec total\n|\n|t:|1783551661\n|move|p1a: Kommo-o|Iron Head|p2a: Registeel\n|-damage|p2a: Registeel|161/262\n|move|p2a: Registeel|Body Press|p1a: Kommo-o\n|-damage|p1a: Kommo-o|0 fnt\n|faint|p1a: Kommo-o\n|\n|upkeep\n|\n|t:|1783551662\n|switch|p1a: Delibird|Delibird, M|100/100\n|turn|16\n|inactive|Time left: 300 sec this turn | 300 sec total\n|\n|t:|1783551663\n|move|p1a: Delibird|Freeze-Dry|p2a: Registeel\n|-damage|p2a: Registeel|107/262\n|move|p2a: Registeel|Body Press|p1a: Delibird\n|-damage|p1a: Delibird|0 fnt\n|faint|p1a: Delibird\n|\n|win|p0y10117a77", "uploadtime": 1783551663, "views": 0, "rating": 0, "private": 0, "password": null, "_winner": "p0y10117a77", "_our_name": "p0y10117a77"}