{"id": "battle-gen9randombattle-250", "formatid": "gen9randombattle", "format": "[Gen 9] Random Battle", "players": ["p0x2506ba2", "p0y2506b35"], "log": "|init|battle\n|title|p0x2506ba2 vs. p0y2506b35\n|j|\u2606p0x2506ba2\n|j|\u2606p0y2506b35\n|t:|1783536169\n|gametype|singles\n|player|p1|p0x2506ba2|265|\n|player|p2|p0y2506b35|1|\n|gen|9\n|tier|[Gen 9] Random Battle\n|rule|Species Clause: Limit one of each Pok\u00e9mon\n|rule|HP Percentage Mod: HP is shown in percentages\n|rule|Sleep Clause Mod: Limit one foe put to sleep\n|rule|Illusion Level Mod: Illusion disguises the Pok\u00e9mon's true level\n|\n|t:|1783536169\n|teamsize|p1|6\n|teamsize|p2|6\n|start\n|switch|p1a: Lokix|Lokix, L82, F|100/100\n|switch|p2a: Basculin|Basculin-Blue-Striped, L86, M|261/261\n|turn|1\n|inactive|Battle timer is ON: inactive players will automatically lose when time's up. (requested by p0x2506ba2)\n|inactive|Time left: 300 sec this turn | 300 sec total | 60 sec grace\n|inactive|p0y2506b35 also wants the timer to be on.\n|\n|t:|1783536170\n|switch|p1a: Keldeo|Keldeo-Resolute, L79|100/100\n|move|p2a: Basculin|Wave Crash|p1a: Keldeo\n|-resisted|p1a: Keldeo\n|-damage|p1a: Keldeo|53/100\n|-damage|p2a: Basculin|218/261|[from] Recoil\n|\n|-heal|p1a: Keldeo|59/100|[from] item: Leftovers\n|upkeep\n|turn|2\n|inactive|Time left: 300 sec this turn | 300 sec total\n|\n|t:|1783536172\n|move|p2a: Basculin|Wave Crash|p1a: Keldeo\n|-resisted|p1a: Keldeo\n|-damage|p1a: Keldeo|11/100\n|-damage|p2a: Basculin|174/261|[from] Recoil\n|move|p1a: Keldeo|Secret Sword|p2a: Basculin\n|-damage|p2a: Basculin|48/261\n|\n|-heal|p1a: Keldeo|17/100|[from] item: Leftovers\n|upkeep\n|turn|3\n|inactive|Time left: 300 sec this turn | 300 sec total\n|\n|t:|1783536173\n|switch|p1a: Meowscarada|Meowscarada, L78, F|100/100\n|move|p2a: Basculin|Wave Crash|p1a: Meowscarada\n|-resisted|p1a: Meowscarada\n|-damage|p1a: Meowscarada|31/100\n|-damage|p2a: Basculin|0 fnt|[from] Recoil\n|faint|p2a: Basculin\n|\n|upkeep\n|inactive|Time left: 300 sec this turn | 300 sec total | 5 sec grace\n|\n|t:|1783536174\n|switch|p2a: Dodrio|Dodrio, L85, M|241/241\n|turn|4\n|inactive|Time left: 300 sec this turn | 300 sec total\n|\n|t:|1783536175\n|move|p2a: Dodrio|Quick Attack|p1a: Meowscarada\n|-damage|p1a: Meowscarada|0 fnt\n|faint|p1a: Meowscarada\n|\n|upkeep\n|\n|t:|1783536176\n|switch|p1a: Mudsdale|Mudsdale, L83, M|100/100\n|turn|5\n|inactive|Time left: 300 sec this turn | 300 sec total\n|\n|t:|1783536177\n|switch|p2a: Misdreavus|Misdreavus, L90, M|254/254\n|move|p1a: Mudsdale|Stealth Rock|p2a: Misdreavus\n|-sidestart|p2: p0y2506b35|move: Stealth Rock\n|\n|upkeep\n|turn|6\n|inactive|Time left: 300 sec this turn | 300 sec total\n|\n|t:|1783536178\n|move|p2a: Misdreavus|Will-O-Wisp|p1a: Mudsdale\n|-status|p1a: Mudsdale|brn\n|move|p1a: Mudsdale|Heavy Slam|p2a: Misdreavus\n|-damage|p2a: Misdreavus|210/254\n|\n|-damage|p1a: Mudsdale|95/100 brn|[from] brn\n|upkeep\n|turn|7\n|inactive|Time left: 300 sec this turn | 300 sec total\n|\n|t:|1783536179\n|move|p2a: Misdreavus|Calm Mind|p2a: Misdreavus\n|-boost|p2a: Misdreavus|spa|1\n|-boost|p2a: Misdreavus|spd|1\n|move|p1a: Mudsdale|Roar|p2a: Misdreavus\n|drag|p2a: Chien-Pao|Chien-Pao, L72|234/234\n|-ability|p2a: Chien-Pao|Sword of Ruin\n|\n|-heal|p1a: Mudsdale|100/100 brn|[from] item: Leftovers\n|-damage|p1a: Mudsdale|95/100 brn|[from] brn\n|upkeep\n|turn|8\n|inactive|Time left: 300 sec this turn | 300 sec total\n|\n|t:|1783536180\n|move|p2a: Chien-Pao|Icicle Crash|p1a: Mudsdale\n|-supereffective|p1a: Mudsdale\n|-damage|p1a: Mudsdale|25/100 brn\n|-ability|p1a: Mudsdale|Stamina|boost\n|-boost|p1a: Mudsdale|def|1\n|cant|p1a: Mudsdale|flinch\n|\n|-heal|p1a: Mudsdale|31/100 brn|[from] item: Leftovers\n|-damage|p1a: Mudsdale|25/100 brn|[from] brn\n|upkeep\n|turn|9\n|inactive|Time left: 300 sec this turn | 300 sec total\n|\n|t:|1783536181\n|move|p2a: Chien-Pao|Swords Dance|p2a: Chien-Pao\n|-boost|p2a: Chien-Pao|atk|2\n|move|p1a: Mudsdale|Heavy Slam|p2a: Chien-Pao\n|-supereffective|p2a: Chien-Pao\n|-damage|p2a: Chien-Pao|98/234\n|\n|-heal|p1a: Mudsdale|31/100 brn|[from] item: Leftovers\n|-damage|p1a: Mudsdale|25/100 brn|[from] brn\n|upkeep\n|turn|10\n|inactive|Time left: 300 sec this turn | 300 sec total\n|\n|t:|1783536182\n|move|p2a: Chien-Pao|Throat Chop|p1a: Mudsdale\n|-damage|p1a: Mudsdale|0 fnt\n|faint|p1a: Mudsdale\n|\n|upkeep\n|\n|t:|1783536183\n|switch|p1a: Lokix|Lokix, L82, F|100/100\n|turn|11\n|inactive|Time left: 300 sec this turn | 300 sec total\n|\n|t:|1783536184\n|move|p1a: Lokix|First Impression|p2a: Chien-Pao\n|-supereffective|p2a: Chien-Pao\n|-damage|p2a: Chien-Pao|0 fnt\n|faint|p2a: Chien-Pao\n|\n|upkeep\n|inactive|Time left: 300 sec this turn | 300 sec total | 5 sec grace\n|\n|t:|1783536185\n|switch|p2a: Venomoth|Venomoth, L84, F|255/255\n|turn|12\n|inactive|Time left: 300 sec this turn | 300 sec total\n|\n|t:|1783536186\n|switch|p1a: Ampharos|Ampharos, L88, M|100/100\n|move|p2a: Venomoth|Bug Buzz|p1a: Ampharos\n|-damage|p1a: Ampharos|82/100\n|\n|upkeep\n|turn|13\n|inactive|Time left: 300 sec this turn | 300 sec total\n|\n|t:|1783536188\n|move|p2a: Venomoth|Quiver Dance|p2a: Venomoth\n|-boost|p2a: Venomoth|spa|1\n|-boost|p2a: Venomoth|spd|1\n|-boost|p2a: Venomoth|spe|1\n|move|p1a: Ampharos|Thunderbolt|p2a: Venomoth\n|-damage|p2a: Venomoth|164/255\n|\n|upkeep\n|turn|14\n|inactive|Time left: 300 sec this turn | 300 sec total\n|\n|t:|1783536189\n|move|p2a: Venomoth|Sleep Powder|p1a: Ampharos\n|-status|p1a: Ampharos|slp|[from] move: Sleep Powder\n|cant|p1a: Ampharos|slp\n|\n|upkeep\n|turn|15\n|inactive|Time left: 300 sec this turn | 300 sec total\n|\n|t:|1783536190\n|move|p2a: Venomoth|Quiver Dance|p2a: Venomoth\n|-boost|p2a: Venomoth|spa|1\n|-boost|p2a: Venomoth|spd|1\n|-boost|p2a: Venomoth|spe|1\n|-curestatus|p1a: Ampharos|slp|[msg]\n|move|p1a: Ampharos|Dragon Tail|p2a: Venomoth\n|-damage|p2a: Venomoth|113/255\n|drag|p2a: Misdreavus|Misdreavus, L90, M|210/254\n|-damage|p2a: Misdreavus|179/254|[from] Stealth Rock\n|\n|upkeep\n|turn|16\n|inactive|Time left: 300 sec this turn | 300 sec total\n|\n|t:|1783536191\n|move|p2a: Misdreavus|Calm Mind|p2a: Misdreavus\n|-boost|p2a: Misdreavus|spa|1\n|-boost|p2a: Misdreavus|spd|1\n|move|p1a: Ampharos|Thunderbolt|p2a: Misdreavus\n|-damage|p2a: Misdreavus|122/254\n|\n|upkeep\n|turn|17\n|inactive|Time left: 300 sec this turn | 300 sec total\n|\n|t:|1783536192\n|-terastallize|p2a: Misdreavus|Fairy\n|move|p2a: Misdreavus|Calm Mind|p2a: Misdreavus\n|-boost|p2a: Misdreavus|spa|1\n|-boost|p2a: Misdreavus|spd|1\n|move|p1a: Ampharos|Dragon Tail|p2a: Misdreavus\n|-immune|p2a: Misdreavus\n|\n|upkeep\n|turn|18\n|inactive|Time left: 300 sec this turn | 300 sec total\n|\n|t:|1783536193\n|move|p2a: Misdreavus|Draining Kiss|p1a: Ampharos\n|-damage|p1a: Ampharos|54/100\n|-heal|p2a: Misdreavus|186/254|[from] drain|[of] p1a: Ampharos\n|move|p1a: Ampharos|Thunderbolt|p2a: Misdreavus\n|-damage|p2a: Misdreavus|143/254\n|\n|upkeep\n|turn|19\n|inactive|Time left: 300 sec this turn | 300 sec total\n|\n|t:|1783536194\n|move|p2a: Misdreavus|Draining Kiss|p1a: Ampharos\n|-damage|p1a: Ampharos|28/100\n|-heal|p2a: Misdreavus|202/254|[from] drain|[of] p1a: Ampharos\n|move|p1a: Ampharos|Volt Switch|p2a: Misdreavus\n|-damage|p2a: Misdreavus|171/254\n|\n|t:|1783536195\n|switch|p1a: Keldeo|Keldeo-Resolute, L79|17/100|[from] Volt Switch\n|\n|-heal|p1a: Keldeo|24/100|[from] item: Leftovers\n|upkeep\n|turn|20\n|inactive|Time left: 300 sec this turn | 300 sec total\n|\n|t:|1783536197\n|move|p1a: Keldeo|Surf|p2a: Misdreavus\n|-damage|p2a: Misdreavus|137/254\n|move|p2a: Misdreavus|Shadow Ball|p1a: Keldeo\n|-damage|p1a: Keldeo|0 fnt\n|faint|p1a: Keldeo\n|\n|upkeep\n|\n|t:|1783536197\n|switch|p1a: Minun|Minun, L95, F|100/100\n|turn|21\n|inactive|Time left: 300 sec this turn | 300 sec total\n|\n|t:|1783536198\n|move|p1a: Minun|Encore|p2a: Misdreavus\n|-start|p2a: Misdreavus|Encore\n|move|p2a: Misdreavus|Shadow Ball|p1a: Minun\n|-damage|p1a: Minun|42/100\n|\n|upkeep\n|turn|22\n|inactive|Time left: 300 sec this turn | 300 sec total\n|\n|t:|1783536199\n|move|p1a: Minun|Thunderbolt|p2a: Misdreavus\n|-damage|p2a: Misdreavus|97/254\n|-status|p2a: Misdreavus|par\n|-damage|p1a: Minun|32/100|[from] item: Life Orb\n|cant|p2a: Misdreavus|par\n|\n|upkeep\n|turn|23\n|inactive|Time left: 300 sec this turn | 300 sec total\n|\n|t:|1783536200\n|move|p1a: Minun|Thunderbolt|p2a: Misdreavus\n|-damage|p2a: Misdreavus|53/254 par\n|-damage|p1a: Minun|23/100|[from] item: Life Orb\n|cant|p2a: Misdreavus|par\n|\n|-end|p2a: Misdreavus|Encore\n|upkeep\n|turn|24\n|inactive|Time left: 300 sec this turn | 300 sec total\n|\n|t:|1783536202\n|move|p1a: Minun|Encore|p2a: Misdreavus\n|-start|p2a: Misdreavus|Encore\n|move|p2a: Misdreavus|Shadow Ball|p1a: Minun\n|-damage|p1a: Minun|0 fnt\n|faint|p1a: Minun\n|\n|upkeep\n|\n|t:|1783536202\n|switch|p1a: Lokix|Lokix, L82, F|100/100\n|turn|25\n|inactive|Time left: 300 sec this turn | 300 sec total\n|\n|t:|1783536203\n|-terastallize|p1a: Lokix|Bug\n|move|p1a: Lokix|U-turn|p2a: Misdreavus\n|-resisted|p2a: Misdreavus\n|-damage|p2a: Misdreavus|0 fnt\n|faint|p2a: Misdreavus\n|\n|t:|1783536204\n|switch|p1a: Ampharos|Ampharos, L88, M|28/100|[from] U-turn\n|\n|upkeep\n|inactive|Time left: 300 sec this turn | 300 sec total | 10 sec grace\n|\n|t:|1783536205\n|switch|p2a: Dodrio|Dodrio, L85, M|241/241\n|-damage|p2a: Dodrio|181/241|[from] Stealth Rock\n|turn|26\n|inactive|Time left: 300 sec this turn | 300 sec total\n|\n|t:|1783536206\n|move|p2a: Dodrio|Brave Bird|p1a: Ampharos\n|-resisted|p1a: Ampharos\n|-damage|p1a: Ampharos|0 fnt\n|-status|p2a: Dodrio|par|[from] ability: Static|[of] p1a: Ampharos\n|faint|p1a: Ampharos\n|-damage|p2a: Dodrio|154/241 par|[from] Recoil\n|\n|upkeep\n|\n|t:|1783536207\n|switch|p1a: Lokix|Lokix, L82, F, tera:Bug|100/100\n|turn|27\n|inactive|Time left: 300 sec this turn | 300 sec total\n|\n|t:|1783536208\n|move|p1a: Lokix|Sucker Punch|p2a: Dodrio\n|-damage|p2a: Dodrio|67/241 par\n|move|p2a: Dodrio|Brave Bird|p1a: Lokix\n|-supereffective|p1a: Lokix\n|-crit|p1a: Lokix\n|-damage|p1a: Lokix|0 fnt\n|faint|p1a: Lokix\n|-damage|p2a: Dodrio|0 fnt|[from] Recoil\n|faint|p2a: Dodrio\n|\n|win|p0y2506b35", "uploadtime": 1783536208, "views": 0, "rating": 0, "private": 0, "password": null, "_winner": "p0y2506b35", "_our_name": "p0y2506b35"}