{"id": "battle-gen9randombattle-1751", "formatid": "gen9randombattle", "format": "[Gen 9] Random Battle", "players": ["p0x1751356c", "p0y17515bd0"], "log": "|init|battle\n|title|p0x1751356c vs. p0y17515bd0\n|j|\u2606p0x1751356c\n|j|\u2606p0y17515bd0\n|t:|1783559542\n|gametype|singles\n|player|p1|p0x1751356c|1|\n|player|p2|p0y17515bd0|1|\n|gen|9\n|tier|[Gen 9] Random Battle\n|rule|Species Clause: Limit one of each Pok\u00e9mon\n|rule|HP Percentage Mod: HP is shown in percentages\n|rule|Sleep Clause Mod: Limit one foe put to sleep\n|rule|Illusion Level Mod: Illusion disguises the Pok\u00e9mon's true level\n|\n|t:|1783559542\n|teamsize|p1|6\n|teamsize|p2|6\n|start\n|switch|p1a: Donphan|Donphan, L84, M|100/100\n|switch|p2a: Bisharp|Bisharp, L79, F|232/232\n|turn|1\n|inactive|Battle timer is ON: inactive players will automatically lose when time's up. (requested by p0x1751356c)\n|inactive|Time left: 300 sec this turn | 300 sec total | 60 sec grace\n|inactive|p0y17515bd0 also wants the timer to be on.\n|\n|t:|1783559543\n|move|p2a: Bisharp|Stealth Rock|p1a: Donphan\n|-sidestart|p1: p0x1751356c|move: Stealth Rock\n|move|p1a: Donphan|Earthquake|p2a: Bisharp\n|-supereffective|p2a: Bisharp\n|-damage|p2a: Bisharp|82/232\n|\n|upkeep\n|turn|2\n|inactive|Time left: 300 sec this turn | 300 sec total\n|\n|t:|1783559544\n|move|p2a: Bisharp|Iron Head|p1a: Donphan\n|-damage|p1a: Donphan|75/100\n|move|p1a: Donphan|Rapid Spin|p2a: Bisharp\n|-resisted|p2a: Bisharp\n|-damage|p2a: Bisharp|70/232\n|-boost|p1a: Donphan|spe|1\n|-sideend|p1: p0x1751356c|Stealth Rock|[from] move: Rapid Spin|[of] p1a: Donphan\n|\n|upkeep\n|turn|3\n|inactive|Time left: 300 sec this turn | 300 sec total\n|\n|t:|1783559544\n|move|p1a: Donphan|Earthquake|p2a: Bisharp\n|-supereffective|p2a: Bisharp\n|-damage|p2a: Bisharp|0 fnt\n|faint|p2a: Bisharp\n|\n|upkeep\n|inactive|Time left: 300 sec this turn | 300 sec total | 5 sec grace\n|\n|t:|1783559545\n|switch|p2a: Vileplume|Vileplume, L85, M|266/266\n|turn|4\n|inactive|Time left: 300 sec this turn | 300 sec total\n|\n|t:|1783559546\n|move|p1a: Donphan|Knock Off|p2a: Vileplume\n|-crit|p2a: Vileplume\n|-damage|p2a: Vileplume|147/266\n|-enditem|p2a: Vileplume|Leftovers|[from] move: Knock Off|[of] p1a: Donphan\n|move|p2a: Vileplume|Giga Drain|p1a: Donphan\n|-supereffective|p1a: Donphan\n|-damage|p1a: Donphan|19/100\n|-heal|p2a: Vileplume|229/266|[from] drain|[of] p1a: Donphan\n|\n|upkeep\n|turn|5\n|inactive|Time left: 300 sec this turn | 300 sec total\n|\n|t:|1783559547\n|move|p1a: Donphan|Earthquake|p2a: Vileplume\n|-damage|p2a: Vileplume|94/266\n|move|p2a: Vileplume|Giga Drain|p1a: Donphan\n|-supereffective|p1a: Donphan\n|-crit|p1a: Donphan\n|-damage|p1a: Donphan|0 fnt\n|-heal|p2a: Vileplume|120/266|[from] drain|[of] p1a: Donphan\n|faint|p1a: Donphan\n|\n|upkeep\n|\n|t:|1783559548\n|switch|p1a: Chi-Yu|Chi-Yu, L77|100/100\n|-ability|p1a: Chi-Yu|Beads of Ruin\n|turn|6\n|inactive|Time left: 300 sec this turn | 300 sec total\n|\n|t:|1783559549\n|switch|p2a: Coalossal|Coalossal, L89, F|341/341\n|move|p1a: Chi-Yu|Flamethrower|p2a: Coalossal\n|-resisted|p2a: Coalossal\n|-damage|p2a: Coalossal|292/341\n|\n|upkeep\n|turn|7\n|inactive|Time left: 300 sec this turn | 300 sec total\n|\n|t:|1783559551\n|move|p1a: Chi-Yu|Flamethrower|p2a: Coalossal\n|-resisted|p2a: Coalossal\n|-damage|p2a: Coalossal|248/341\n|move|p2a: Coalossal|Stone Edge|p1a: Chi-Yu|[miss]\n|-miss|p2a: Coalossal|p1a: Chi-Yu\n|\n|upkeep\n|turn|8\n|inactive|Time left: 300 sec this turn | 300 sec total\n|\n|t:|1783559552\n|move|p1a: Chi-Yu|Flamethrower|p2a: Coalossal\n|-resisted|p2a: Coalossal\n|-damage|p2a: Coalossal|197/341\n|move|p2a: Coalossal|Stone Edge|p1a: Chi-Yu\n|-supereffective|p1a: Chi-Yu\n|-damage|p1a: Chi-Yu|0 fnt\n|faint|p1a: Chi-Yu\n|\n|upkeep\n|\n|t:|1783559553\n|switch|p1a: Crawdaunt|Crawdaunt, L84, F|100/100\n|turn|9\n|inactive|Time left: 300 sec this turn | 300 sec total\n|\n|t:|1783559554\n|move|p1a: Crawdaunt|Crabhammer|p2a: Coalossal|[miss]\n|-miss|p1a: Crawdaunt|p2a: Coalossal\n|move|p2a: Coalossal|Spikes|p1a: Crawdaunt\n|-sidestart|p1: p0x1751356c|Spikes\n|\n|upkeep\n|turn|10\n|inactive|Time left: 300 sec this turn | 300 sec total\n|\n|t:|1783559555\n|switch|p2a: Vileplume|Vileplume, L85, M|120/266\n|move|p1a: Crawdaunt|Crabhammer|p2a: Vileplume\n|-resisted|p2a: Vileplume\n|-crit|p2a: Vileplume\n|-damage|p2a: Vileplume|0 fnt\n|faint|p2a: Vileplume\n|\n|upkeep\n|inactive|Time left: 300 sec this turn | 300 sec total | 5 sec grace\n|\n|t:|1783559557\n|switch|p2a: Zamazenta|Zamazenta, L71|248/248\n|-ability|p2a: Zamazenta|Dauntless Shield|boost\n|-boost|p2a: Zamazenta|def|1\n|turn|11\n|inactive|Time left: 300 sec this turn | 300 sec total\n|\n|t:|1783559557\n|switch|p1a: Tornadus|Tornadus-Therian, L79, M|100/100\n|move|p2a: Zamazenta|Close Combat|p1a: Tornadus\n|-resisted|p1a: Tornadus\n|-damage|p1a: Tornadus|63/100\n|-unboost|p2a: Zamazenta|def|1\n|-unboost|p2a: Zamazenta|spd|1\n|\n|upkeep\n|turn|12\n|inactive|Time left: 300 sec this turn | 300 sec total\n|\n|t:|1783559558\n|move|p2a: Zamazenta|Close Combat|p1a: Tornadus\n|-resisted|p1a: Tornadus\n|-damage|p1a: Tornadus|28/100\n|-unboost|p2a: Zamazenta|def|1\n|-unboost|p2a: Zamazenta|spd|1\n|move|p1a: Tornadus|Bleakwind Storm|p2a: Zamazenta\n|-supereffective|p2a: Zamazenta\n|-damage|p2a: Zamazenta|0 fnt\n|faint|p2a: Zamazenta\n|\n|upkeep\n|inactive|Time left: 300 sec this turn | 300 sec total | 5 sec grace\n|\n|t:|1783559560\n|switch|p2a: Talonflame|Talonflame, L83, M|265/265\n|turn|13\n|inactive|Time left: 300 sec this turn | 300 sec total\n|\n|t:|1783559561\n|switch|p1a: Bellibolt|Bellibolt, L84, M|100/100\n|-damage|p1a: Bellibolt|88/100|[from] Spikes\n|move|p2a: Talonflame|Swords Dance|p2a: Talonflame\n|-boost|p2a: Talonflame|atk|2\n|\n|-heal|p1a: Bellibolt|94/100|[from] item: Leftovers\n|upkeep\n|turn|14\n|inactive|Time left: 300 sec this turn | 300 sec total\n|\n|t:|1783559562\n|-terastallize|p2a: Talonflame|Ground\n|-terastallize|p1a: Bellibolt|Water\n|move|p2a: Talonflame|Tera Blast|p1a: Bellibolt|[anim] Tera Blast Ground\n|-damage|p1a: Bellibolt|52/100\n|-start|p1a: Bellibolt|Charge|Tera Blast|[from] ability: Electromorphosis\n|move|p1a: Bellibolt|Muddy Water|p2a: Talonflame\n|-supereffective|p2a: Talonflame\n|-damage|p2a: Talonflame|35/265\n|\n|-heal|p1a: Bellibolt|58/100|[from] item: Leftovers\n|upkeep\n|turn|15\n|inactive|Time left: 300 sec this turn | 300 sec total\n|\n|t:|1783559563\n|move|p2a: Talonflame|Brave Bird|p1a: Bellibolt\n|-damage|p1a: Bellibolt|0 fnt\n|faint|p1a: Bellibolt\n|-damage|p2a: Talonflame|0 fnt|[from] Recoil\n|faint|p2a: Talonflame\n|\n|upkeep\n|inactive|Time left: 300 sec this turn | 300 sec total | 5 sec grace\n|\n|t:|1783559564\n|switch|p2a: Luvdisc|Luvdisc, M|247/247\n|switch|p1a: Tornadus|Tornadus-Therian, L79, M|61/100\n|turn|16\n|inactive|Time left: 300 sec this turn | 300 sec total\n|\n|t:|1783559565\n|switch|p1a: Crawdaunt|Crawdaunt, L84, F|100/100\n|-damage|p1a: Crawdaunt|88/100|[from] Spikes\n|move|p2a: Luvdisc|Surf|p1a: Crawdaunt\n|-resisted|p1a: Crawdaunt\n|-damage|p1a: Crawdaunt|66/100\n|\n|upkeep\n|turn|17\n|inactive|Time left: 300 sec this turn | 300 sec total\n|\n|t:|1783559566\n|move|p2a: Luvdisc|Substitute|p2a: Luvdisc\n|-start|p2a: Luvdisc|Substitute\n|-damage|p2a: Luvdisc|186/247\n|move|p1a: Crawdaunt|Knock Off|p2a: Luvdisc\n|-end|p2a: Luvdisc|Substitute\n|\n|upkeep\n|turn|18\n|inactive|Time left: 300 sec this turn | 300 sec total\n|\n|t:|1783559567\n|move|p2a: Luvdisc|Substitute|p2a: Luvdisc\n|-start|p2a: Luvdisc|Substitute\n|-damage|p2a: Luvdisc|125/247\n|move|p1a: Crawdaunt|Knock Off|p2a: Luvdisc\n|-end|p2a: Luvdisc|Substitute\n|\n|upkeep\n|turn|19\n|inactive|Time left: 300 sec this turn | 300 sec total\n|\n|t:|1783559568\n|move|p2a: Luvdisc|Substitute|p2a: Luvdisc\n|-start|p2a: Luvdisc|Substitute\n|-damage|p2a: Luvdisc|64/247\n|move|p1a: Crawdaunt|Knock Off|p2a: Luvdisc\n|-end|p2a: Luvdisc|Substitute\n|\n|upkeep\n|turn|20\n|inactive|Time left: 300 sec this turn | 300 sec total\n|\n|t:|1783559568\n|move|p2a: Luvdisc|Substitute|p2a: Luvdisc\n|-start|p2a: Luvdisc|Substitute\n|-damage|p2a: Luvdisc|3/247\n|move|p1a: Crawdaunt|Knock Off|p2a: Luvdisc\n|-end|p2a: Luvdisc|Substitute\n|\n|upkeep\n|turn|21\n|inactive|Time left: 300 sec this turn | 300 sec total\n|\n|t:|1783559569\n|move|p2a: Luvdisc|Flip Turn|p1a: Crawdaunt\n|-resisted|p1a: Crawdaunt\n|-damage|p1a: Crawdaunt|57/100\n|inactive|Time left: 300 sec this turn | 300 sec total | 5 sec grace\n|\n|t:|1783559570\n|switch|p2a: Coalossal|Coalossal, L89, F|197/341|[from] Flip Turn\n|move|p1a: Crawdaunt|Knock Off|p2a: Coalossal\n|-damage|p2a: Coalossal|31/341\n|-enditem|p2a: Coalossal|Heavy-Duty Boots|[from] move: Knock Off|[of] p1a: Crawdaunt\n|\n|upkeep\n|turn|22\n|inactive|Time left: 300 sec this turn | 300 sec total\n|\n|t:|1783559571\n|switch|p2a: Luvdisc|Luvdisc, M|3/247\n|move|p1a: Crawdaunt|Knock Off|p2a: Luvdisc\n|-damage|p2a: Luvdisc|0 fnt\n|-enditem|p2a: Luvdisc|Heavy-Duty Boots|[from] move: Knock Off|[of] p1a: Crawdaunt\n|faint|p2a: Luvdisc\n|\n|upkeep\n|inactive|Time left: 300 sec this turn | 300 sec total | 5 sec grace\n|\n|t:|1783559572\n|switch|p2a: Coalossal|Coalossal, L89, F|31/341\n|turn|23\n|inactive|Time left: 300 sec this turn | 300 sec total\n|\n|t:|1783559573\n|move|p1a: Crawdaunt|Knock Off|p2a: Coalossal\n|-damage|p2a: Coalossal|0 fnt\n|faint|p2a: Coalossal\n|\n|win|p0x1751356c", "uploadtime": 1783559573, "views": 0, "rating": 0, "private": 0, "password": null, "_winner": "p0x1751356c", "_our_name": "p0y17515bd0"}