{"id": "battle-gen9randombattle-1268", "formatid": "gen9randombattle", "format": "[Gen 9] Random Battle", "players": ["p0x1268d241", "p0y12685299"], "log": "|init|battle\n|title|p0x1268d241 vs. p0y12685299\n|j|\u2606p0x1268d241\n|j|\u2606p0y12685299\n|t:|1783553813\n|gametype|singles\n|player|p1|p0x1268d241|101|\n|player|p2|p0y12685299|101|\n|gen|9\n|tier|[Gen 9] Random Battle\n|rule|Species Clause: Limit one of each Pok\u00e9mon\n|rule|HP Percentage Mod: HP is shown in percentages\n|rule|Sleep Clause Mod: Limit one foe put to sleep\n|rule|Illusion Level Mod: Illusion disguises the Pok\u00e9mon's true level\n|\n|t:|1783553813\n|teamsize|p1|6\n|teamsize|p2|6\n|start\n|switch|p1a: Mimikyu|Mimikyu, L79, M|100/100\n|switch|p2a: Great Tusk|Great Tusk, L77|304/304\n|turn|1\n|inactive|Battle timer is ON: inactive players will automatically lose when time's up. (requested by p0y12685299)\n|inactive|p0x1268d241 also wants the timer to be on.\n|\n|t:|1783553815\n|move|p1a: Mimikyu|Swords Dance|p1a: Mimikyu\n|-boost|p1a: Mimikyu|atk|2\n|move|p2a: Great Tusk|Stealth Rock|p1a: Mimikyu\n|-sidestart|p1: p0x1268d241|move: Stealth Rock\n|\n|upkeep\n|turn|2\n|inactive|Time left: 300 sec this turn | 300 sec total\n|\n|t:|1783553816\n|-end|p2a: Great Tusk|Protosynthesis|[silent]\n|switch|p2a: Heatran|Heatran, L79, M|273/273\n|move|p1a: Mimikyu|Play Rough|p2a: Heatran\n|-resisted|p2a: Heatran\n|-damage|p2a: Heatran|230/273\n|-damage|p1a: Mimikyu|91/100|[from] item: Life Orb\n|\n|upkeep\n|turn|3\n|inactive|Time left: 300 sec this turn | 300 sec total\n|\n|t:|1783553817\n|move|p1a: Mimikyu|Shadow Claw|p2a: Heatran\n|-crit|p2a: Heatran\n|-damage|p2a: Heatran|16/273\n|-damage|p1a: Mimikyu|81/100|[from] item: Life Orb\n|move|p2a: Heatran|Heavy Slam|p1a: Mimikyu\n|-activate|p1a: Mimikyu|ability: Disguise\n|-damage|p1a: Mimikyu|81/100\n|detailschange|p1a: Mimikyu|Mimikyu-Busted, L79, M\n|-damage|p1a: Mimikyu|69/100|[from] pokemon: Mimikyu-Busted\n|\n|upkeep\n|turn|4\n|inactive|Time left: 300 sec this turn | 300 sec total\n|\n|t:|1783553818\n|move|p1a: Mimikyu|Shadow Claw|p2a: Heatran\n|-damage|p2a: Heatran|0 fnt\n|faint|p2a: Heatran\n|-damage|p1a: Mimikyu|59/100|[from] item: Life Orb\n|\n|upkeep\n|inactive|Time left: 300 sec this turn | 300 sec total | 5 sec grace\n|\n|t:|1783553819\n|switch|p2a: Munkidori|Munkidori, L79, M|269/269\n|turn|5\n|inactive|Time left: 300 sec this turn | 300 sec total\n|\n|t:|1783553821\n|move|p1a: Mimikyu|Shadow Sneak|p2a: Munkidori\n|-supereffective|p2a: Munkidori\n|-damage|p2a: Munkidori|35/269\n|-damage|p1a: Mimikyu|49/100|[from] item: Life Orb\n|move|p2a: Munkidori|Psyshock|p1a: Mimikyu\n|-damage|p1a: Mimikyu|0 fnt\n|faint|p1a: Mimikyu\n|-damage|p2a: Munkidori|9/269|[from] item: Life Orb\n|\n|upkeep\n|\n|t:|1783553822\n|switch|p1a: Meowstic|Meowstic, L89, M|100/100\n|-damage|p1a: Meowstic|88/100|[from] Stealth Rock\n|turn|6\n|inactive|Time left: 300 sec this turn | 300 sec total\n|\n|t:|1783553823\n|switch|p2a: Heracross|Heracross, L80, F|259/259\n|move|p1a: Meowstic|Reflect|p1a: Meowstic\n|-sidestart|p1: p0x1268d241|Reflect\n|\n|-status|p2a: Heracross|brn|[from] item: Flame Orb\n|upkeep\n|turn|7\n|inactive|Time left: 300 sec this turn | 300 sec total\n|\n|t:|1783553824\n|move|p1a: Meowstic|Psychic Noise|p2a: Heracross\n|-supereffective|p2a: Heracross\n|-damage|p2a: Heracross|113/259 brn\n|-start|p2a: Heracross|move: Heal Block\n|move|p2a: Heracross|Knock Off|p1a: Meowstic\n|-supereffective|p1a: Meowstic\n|-damage|p1a: Meowstic|46/100\n|-enditem|p1a: Meowstic|Light Clay|[from] move: Knock Off|[of] p2a: Heracross\n|\n|-damage|p2a: Heracross|97/259 brn|[from] brn\n|upkeep\n|turn|8\n|inactive|Time left: 300 sec this turn | 300 sec total\n|\n|t:|1783553825\n|switch|p2a: Scovillain|Scovillain, L91, M|266/266\n|move|p1a: Meowstic|Psychic Noise|p2a: Scovillain\n|-damage|p2a: Scovillain|182/266\n|-start|p2a: Scovillain|move: Heal Block\n|\n|upkeep\n|turn|9\n|inactive|Time left: 300 sec this turn | 300 sec total\n|\n|t:|1783553826\n|move|p1a: Meowstic|Light Screen|p1a: Meowstic\n|-sidestart|p1: p0x1268d241|move: Light Screen\n|move|p2a: Scovillain|Fire Blast|p1a: Meowstic\n|-damage|p1a: Meowstic|20/100\n|\n|-end|p2a: Scovillain|move: Heal Block\n|upkeep\n|turn|10\n|inactive|Time left: 300 sec this turn | 300 sec total\n|\n|t:|1783553827\n|move|p1a: Meowstic|Psychic Noise|p2a: Scovillain\n|-damage|p2a: Scovillain|86/266\n|-start|p2a: Scovillain|move: Heal Block\n|move|p2a: Scovillain|Fire Blast|p1a: Meowstic\n|-damage|p1a: Meowstic|0 fnt\n|faint|p1a: Meowstic\n|\n|upkeep\n|\n|t:|1783553828\n|switch|p1a: Bellossom|Bellossom, L84, M|100/100\n|-damage|p1a: Bellossom|88/100|[from] Stealth Rock\n|turn|11\n|inactive|Time left: 300 sec this turn | 300 sec total\n|\n|t:|1783553829\n|move|p2a: Scovillain|Fire Blast|p1a: Bellossom\n|-supereffective|p1a: Bellossom\n|-damage|p1a: Bellossom|39/100\n|move|p1a: Bellossom|Quiver Dance|p1a: Bellossom\n|-boost|p1a: Bellossom|spa|1\n|-boost|p1a: Bellossom|spd|1\n|-boost|p1a: Bellossom|spe|1\n|\n|-heal|p1a: Bellossom|45/100|[from] item: Leftovers\n|-end|p2a: Scovillain|move: Heal Block\n|upkeep\n|turn|12\n|inactive|Time left: 300 sec this turn | 300 sec total\n|\n|t:|1783553831\n|move|p1a: Bellossom|Quiver Dance|p1a: Bellossom\n|-boost|p1a: Bellossom|spa|1\n|-boost|p1a: Bellossom|spd|1\n|-boost|p1a: Bellossom|spe|1\n|move|p2a: Scovillain|Fire Blast|p1a: Bellossom\n|-supereffective|p1a: Bellossom\n|-crit|p1a: Bellossom\n|-damage|p1a: Bellossom|0 fnt\n|faint|p1a: Bellossom\n|\n|upkeep\n|\n|t:|1783553832\n|switch|p1a: Sylveon|Sylveon, L85, F|100/100\n|-damage|p1a: Sylveon|88/100|[from] Stealth Rock\n|turn|13\n|inactive|Time left: 300 sec this turn | 300 sec total\n|\n|t:|1783553833\n|move|p2a: Scovillain|Energy Ball|p1a: Sylveon\n|-damage|p1a: Sylveon|74/100\n|move|p1a: Sylveon|Calm Mind|p1a: Sylveon\n|-boost|p1a: Sylveon|spa|1\n|-boost|p1a: Sylveon|spd|1\n|\n|-heal|p1a: Sylveon|80/100|[from] item: Leftovers\n|-sideend|p1: p0x1268d241|Reflect\n|-sideend|p1: p0x1268d241|move: Light Screen\n|upkeep\n|turn|14\n|inactive|Time left: 300 sec this turn | 300 sec total\n|\n|t:|1783553834\n|move|p2a: Scovillain|Fire Blast|p1a: Sylveon\n|-damage|p1a: Sylveon|57/100\n|move|p1a: Sylveon|Hyper Voice|p2a: Scovillain\n|-resisted|p2a: Scovillain\n|-damage|p2a: Scovillain|0 fnt\n|faint|p2a: Scovillain\n|\n|-heal|p1a: Sylveon|63/100|[from] item: Leftovers\n|upkeep\n|inactive|Time left: 300 sec this turn | 300 sec total | 5 sec grace\n|\n|t:|1783553835\n|switch|p2a: Heracross|Heracross, L80, F|97/259 brn\n|turn|15\n|inactive|Time left: 300 sec this turn | 300 sec total\n|\n|t:|1783553836\n|move|p1a: Sylveon|Protect|p1a: Sylveon\n|-singleturn|p1a: Sylveon|Protect\n|move|p2a: Heracross|Facade|p1a: Sylveon\n|-activate|p1a: Sylveon|move: Protect\n|\n|-heal|p1a: Sylveon|69/100|[from] item: Leftovers\n|-damage|p2a: Heracross|81/259 brn|[from] brn\n|upkeep\n|turn|16\n|inactive|Time left: 300 sec this turn | 300 sec total\n|\n|t:|1783553837\n|move|p2a: Heracross|Facade|p1a: Sylveon\n|-damage|p1a: Sylveon|6/100\n|move|p1a: Sylveon|Hyper Voice|p2a: Heracross\n|-supereffective|p2a: Heracross\n|-damage|p2a: Heracross|0 fnt\n|faint|p2a: Heracross\n|\n|-heal|p1a: Sylveon|12/100|[from] item: Leftovers\n|upkeep\n|inactive|Time left: 300 sec this turn | 300 sec total | 5 sec grace\n|\n|t:|1783553838\n|switch|p2a: Lycanroc|Lycanroc, L86, M|269/269\n|turn|17\n|inactive|Time left: 300 sec this turn | 300 sec total\n|\n|t:|1783553838\n|move|p1a: Sylveon|Protect|p1a: Sylveon\n|-singleturn|p1a: Sylveon|Protect\n|move|p2a: Lycanroc|Close Combat|p1a: Sylveon\n|-activate|p1a: Sylveon|move: Protect\n|\n|-heal|p1a: Sylveon|18/100|[from] item: Leftovers\n|upkeep\n|turn|18\n|inactive|Time left: 300 sec this turn | 300 sec total\n|\n|t:|1783553839\n|move|p1a: Sylveon|Protect||[still]\n|-fail|p1a: Sylveon\n|move|p2a: Lycanroc|Stone Edge|p1a: Sylveon\n|-damage|p1a: Sylveon|0 fnt\n|faint|p1a: Sylveon\n|-damage|p2a: Lycanroc|243/269|[from] item: Life Orb\n|\n|upkeep\n|\n|t:|1783553840\n|switch|p1a: Registeel|Registeel, L81|100/100\n|-damage|p1a: Registeel|94/100|[from] Stealth Rock\n|turn|19\n|inactive|Time left: 300 sec this turn | 300 sec total\n|\n|t:|1783553841\n|-terastallize|p2a: Lycanroc|Fighting\n|-terastallize|p1a: Registeel|Fighting\n|move|p2a: Lycanroc|Swords Dance|p2a: Lycanroc\n|-boost|p2a: Lycanroc|atk|2\n|move|p1a: Registeel|Iron Defense|p1a: Registeel\n|-boost|p1a: Registeel|def|2\n|\n|upkeep\n|turn|20\n|inactive|Time left: 300 sec this turn | 300 sec total\n|\n|t:|1783553842\n|move|p2a: Lycanroc|Close Combat|p1a: Registeel\n|-damage|p1a: Registeel|45/100\n|-unboost|p2a: Lycanroc|def|1\n|-unboost|p2a: Lycanroc|spd|1\n|-damage|p2a: Lycanroc|217/269|[from] item: Life Orb\n|move|p1a: Registeel|Body Press|p2a: Lycanroc\n|-damage|p2a: Lycanroc|0 fnt\n|faint|p2a: Lycanroc\n|\n|upkeep\n|inactive|Time left: 300 sec this turn | 300 sec total | 5 sec grace\n|\n|t:|1783553843\n|switch|p2a: Munkidori|Munkidori, L79, M|9/269\n|turn|21\n|inactive|Time left: 300 sec this turn | 300 sec total\n|\n|t:|1783553844\n|move|p2a: Munkidori|Nasty Plot|p2a: Munkidori\n|-boost|p2a: Munkidori|spa|2\n|move|p1a: Registeel|Rest|p1a: Registeel\n|-status|p1a: Registeel|slp|[from] move: Rest\n|-heal|p1a: Registeel|100/100 slp|[silent]\n|-enditem|p1a: Registeel|Chesto Berry|[eat]\n|-curestatus|p1a: Registeel|slp|[msg]\n|\n|upkeep\n|turn|22\n|inactive|Time left: 300 sec this turn | 300 sec total\n|\n|t:|1783553845\n|move|p2a: Munkidori|Sludge Wave|p1a: Registeel\n|-damage|p1a: Registeel|19/100\n|-status|p1a: Registeel|tox|[from] ability: Toxic Chain|[of] p2a: Munkidori\n|-damage|p2a: Munkidori|0 fnt|[from] item: Life Orb\n|faint|p2a: Munkidori\n|move|p1a: Registeel|Iron Head|p2: Munkidori|[notarget]\n|-fail|p1a: Registeel\n|\n|-damage|p1a: Registeel|13/100 tox|[from] psn\n|upkeep\n|inactive|Time left: 300 sec this turn | 300 sec total | 5 sec grace\n|\n|t:|1783553846\n|switch|p2a: Great Tusk|Great Tusk, L77|304/304\n|turn|23\n|inactive|Time left: 300 sec this turn | 300 sec total\n|\n|t:|1783553847\n|move|p2a: Great Tusk|Close Combat|p1a: Registeel\n|-crit|p1a: Registeel\n|-damage|p1a: Registeel|0 fnt\n|-unboost|p2a: Great Tusk|def|1\n|-unboost|p2a: Great Tusk|spd|1\n|faint|p1a: Registeel\n|\n|upkeep\n|\n|t:|1783553848\n|switch|p1a: Regigigas|Regigigas, L84|100/100\n|-damage|p1a: Regigigas|88/100|[from] Stealth Rock\n|-start|p1a: Regigigas|ability: Slow Start\n|turn|24\n|inactive|Time left: 300 sec this turn | 300 sec total\n|\n|t:|1783553849\n|move|p2a: Great Tusk|Close Combat|p1a: Regigigas\n|-supereffective|p1a: Regigigas\n|-damage|p1a: Regigigas|11/100\n|-unboost|p2a: Great Tusk|def|1\n|-unboost|p2a: Great Tusk|spd|1\n|move|p1a: Regigigas|Body Slam|p2a: Great Tusk\n|-damage|p2a: Great Tusk|196/304\n|\n|-heal|p2a: Great Tusk|215/304|[from] item: Leftovers\n|-heal|p1a: Regigigas|17/100|[from] item: Leftovers\n|upkeep\n|turn|25\n|inactive|Time left: 300 sec this turn | 300 sec total\n|\n|t:|1783553850\n|move|p2a: Great Tusk|Headlong Rush|p1a: Regigigas\n|-damage|p1a: Regigigas|0 fnt\n|-unboost|p2a: Great Tusk|def|1\n|-unboost|p2a: Great Tusk|spd|1\n|faint|p1a: Regigigas\n|-end|p1a: Regigigas|Slow Start|[silent]\n|\n|win|p0y12685299", "uploadtime": 1783553850, "views": 0, "rating": 0, "private": 0, "password": null, "_winner": "p0y12685299", "_our_name": "p0y12685299"}