{"id": "battle-gen9randombattle-332", "formatid": "gen9randombattle", "format": "[Gen 9] Random Battle", "players": ["p0x3322242", "p0y33231bc"], "log": "|init|battle\n|title|p0x3322242 vs. p0y33231bc\n|j|\u2606p0x3322242\n|j|\u2606p0y33231bc\n|t:|1783542950\n|gametype|singles\n|player|p1|p0x3322242|102|\n|player|p2|p0y33231bc|1|\n|gen|9\n|tier|[Gen 9] Random Battle\n|rule|Species Clause: Limit one of each Pok\u00e9mon\n|rule|HP Percentage Mod: HP is shown in percentages\n|rule|Sleep Clause Mod: Limit one foe put to sleep\n|rule|Illusion Level Mod: Illusion disguises the Pok\u00e9mon's true level\n|\n|t:|1783542950\n|teamsize|p1|6\n|teamsize|p2|6\n|start\n|switch|p1a: Squawkabilly|Squawkabilly-White, L89, M|291/291\n|switch|p2a: Magearna|Magearna-Original, L77|100/100\n|turn|1\n|inactive|Battle timer is ON: inactive players will automatically lose when time's up. (requested by p0x3322242)\n|\n|t:|1783542951\n|move|p1a: Squawkabilly|Parting Shot|p2a: Magearna\n|-unboost|p2a: Magearna|atk|1\n|-unboost|p2a: Magearna|spa|1\n|inactive|Time left: 300 sec this turn | 300 sec total | 65 sec grace\n|inactive|p0y33231bc also wants the timer to be on.\n|\n|t:|1783542952\n|switch|p1a: Ariados|Ariados, L95, F|287/287|[from] Parting Shot\n|move|p2a: Magearna|Shift Gear|p2a: Magearna\n|-boost|p2a: Magearna|spe|2\n|-boost|p2a: Magearna|atk|1\n|\n|upkeep\n|turn|2\n|inactive|Time left: 300 sec this turn | 300 sec total\n|\n|t:|1783542953\n|move|p2a: Magearna|Shift Gear|p2a: Magearna\n|-boost|p2a: Magearna|spe|2\n|-boost|p2a: Magearna|atk|1\n|move|p1a: Ariados|Sticky Web|p2a: Magearna\n|-sidestart|p2: p0y33231bc|move: Sticky Web\n|\n|upkeep\n|turn|3\n|inactive|Time left: 300 sec this turn | 300 sec total\n|\n|t:|1783542954\n|move|p2a: Magearna|Calm Mind|p2a: Magearna\n|-boost|p2a: Magearna|spa|1\n|-boost|p2a: Magearna|spd|1\n|move|p1a: Ariados|Toxic Spikes|p2a: Magearna\n|-sidestart|p2: p0y33231bc|move: Toxic Spikes\n|\n|upkeep\n|turn|4\n|inactive|Time left: 300 sec this turn | 300 sec total\n|\n|t:|1783542955\n|switch|p1a: Hippowdon|Hippowdon, L82, F|311/311\n|-weather|Sandstorm|[from] ability: Sand Stream|[of] p1a: Hippowdon\n|move|p2a: Magearna|Calm Mind|p2a: Magearna\n|-boost|p2a: Magearna|spa|1\n|-boost|p2a: Magearna|spd|1\n|\n|-weather|Sandstorm|[upkeep]\n|upkeep\n|turn|5\n|inactive|Time left: 300 sec this turn | 300 sec total\n|\n|t:|1783542956\n|-terastallize|p2a: Magearna|Fairy\n|move|p2a: Magearna|Fleur Cannon|p1a: Hippowdon\n|-damage|p1a: Hippowdon|0 fnt\n|-unboost|p2a: Magearna|spa|2\n|faint|p1a: Hippowdon\n|-ability|p2a: Magearna|Soul-Heart|boost\n|-boost|p2a: Magearna|spa|1\n|\n|-weather|Sandstorm|[upkeep]\n|-damage|p2a: Magearna|94/100|[from] Sandstorm\n|-heal|p2a: Magearna|100/100|[from] item: Leftovers\n|upkeep\n|inactive|Time left: 300 sec this turn | 300 sec total | 5 sec grace\n|\n|t:|1783542957\n|switch|p1a: Ariados|Ariados, L95, F|287/287\n|turn|6\n|inactive|Time left: 300 sec this turn | 300 sec total\n|\n|t:|1783542959\n|move|p2a: Magearna|Calm Mind|p2a: Magearna\n|-boost|p2a: Magearna|spa|1\n|-boost|p2a: Magearna|spd|1\n|move|p1a: Ariados|Poison Jab|p2a: Magearna\n|-supereffective|p2a: Magearna\n|-damage|p2a: Magearna|31/100\n|\n|-weather|Sandstorm|[upkeep]\n|-damage|p2a: Magearna|25/100|[from] Sandstorm\n|-damage|p1a: Ariados|270/287|[from] Sandstorm\n|-heal|p2a: Magearna|31/100|[from] item: Leftovers\n|upkeep\n|turn|7\n|inactive|Time left: 300 sec this turn | 300 sec total\n|\n|t:|1783542960\n|move|p2a: Magearna|Fleur Cannon|p1a: Ariados|[miss]\n|-miss|p2a: Magearna|p1a: Ariados\n|move|p1a: Ariados|Poison Jab|p2a: Magearna\n|-supereffective|p2a: Magearna\n|-damage|p2a: Magearna|0 fnt\n|faint|p2a: Magearna\n|\n|-weather|Sandstorm|[upkeep]\n|-damage|p1a: Ariados|253/287|[from] Sandstorm\n|upkeep\n|\n|t:|1783542961\n|switch|p2a: Palossand|Palossand, L89, M|100/100\n|-activate|p2a: Palossand|move: Sticky Web\n|-unboost|p2a: Palossand|spe|1\n|-status|p2a: Palossand|psn\n|turn|8\n|inactive|Time left: 300 sec this turn | 300 sec total\n|\n|t:|1783542962\n|switch|p1a: Squawkabilly|Squawkabilly-White, L89, M|291/291\n|move|p2a: Palossand|Shadow Ball|p1a: Squawkabilly\n|-immune|p1a: Squawkabilly\n|\n|-weather|none\n|-damage|p2a: Palossand|88/100 psn|[from] psn\n|upkeep\n|turn|9\n|inactive|Time left: 300 sec this turn | 300 sec total\n|\n|t:|1783542963\n|move|p1a: Squawkabilly|Brave Bird|p2a: Palossand|[miss]\n|-miss|p1a: Squawkabilly|p2a: Palossand\n|move|p2a: Palossand|Stealth Rock|p1a: Squawkabilly\n|-sidestart|p1: p0x3322242|move: Stealth Rock\n|\n|-heal|p2a: Palossand|94/100 psn|[from] item: Leftovers\n|-damage|p2a: Palossand|82/100 psn|[from] psn\n|upkeep\n|turn|10\n|inactive|Time left: 300 sec this turn | 300 sec total\n|\n|t:|1783542964\n|move|p1a: Squawkabilly|Brave Bird|p2a: Palossand\n|-damage|p2a: Palossand|25/100 psn\n|-damage|p1a: Squawkabilly|236/291|[from] Recoil\n|move|p2a: Palossand|Shore Up|p2a: Palossand\n|-heal|p2a: Palossand|75/100 psn\n|\n|-heal|p2a: Palossand|82/100 psn|[from] item: Leftovers\n|-damage|p2a: Palossand|69/100 psn|[from] psn\n|upkeep\n|turn|11\n|inactive|Time left: 300 sec this turn | 300 sec total\n|\n|t:|1783542965\n|move|p1a: Squawkabilly|Brave Bird|p2a: Palossand\n|-damage|p2a: Palossand|13/100 psn\n|-damage|p1a: Squawkabilly|182/291|[from] Recoil\n|move|p2a: Palossand|Shore Up|p2a: Palossand\n|-heal|p2a: Palossand|63/100 psn\n|\n|-heal|p2a: Palossand|69/100 psn|[from] item: Leftovers\n|-damage|p2a: Palossand|57/100 psn|[from] psn\n|upkeep\n|turn|12\n|inactive|Time left: 300 sec this turn | 300 sec total\n|\n|t:|1783542966\n|move|p1a: Squawkabilly|Brave Bird|p2a: Palossand\n|-damage|p2a: Palossand|3/100 psn\n|-damage|p1a: Squawkabilly|130/291|[from] Recoil\n|move|p2a: Palossand|Shore Up|p2a: Palossand\n|-heal|p2a: Palossand|53/100 psn\n|\n|-heal|p2a: Palossand|59/100 psn|[from] item: Leftovers\n|-damage|p2a: Palossand|47/100 psn|[from] psn\n|upkeep\n|turn|13\n|inactive|Time left: 300 sec this turn | 300 sec total\n|\n|t:|1783542967\n|move|p1a: Squawkabilly|Brave Bird|p2a: Palossand\n|-damage|p2a: Palossand|0 fnt\n|faint|p2a: Palossand\n|-damage|p1a: Squawkabilly|85/291|[from] Recoil\n|\n|upkeep\n|\n|t:|1783542968\n|switch|p2a: Hydreigon|Hydreigon, L79, F|100/100\n|turn|14\n|inactive|Time left: 300 sec this turn | 300 sec total\n|\n|t:|1783542970\n|move|p2a: Hydreigon|Fire Blast|p1a: Squawkabilly|[miss]\n|-miss|p2a: Hydreigon|p1a: Squawkabilly\n|move|p1a: Squawkabilly|Brave Bird|p2a: Hydreigon\n|-damage|p2a: Hydreigon|18/100\n|-damage|p1a: Squawkabilly|10/291|[from] Recoil\n|\n|upkeep\n|turn|15\n|inactive|Time left: 300 sec this turn | 300 sec total\n|\n|t:|1783542971\n|move|p1a: Squawkabilly|Quick Attack|p2a: Hydreigon\n|-damage|p2a: Hydreigon|0 fnt\n|faint|p2a: Hydreigon\n|\n|upkeep\n|\n|t:|1783542972\n|switch|p2a: Regirock|Regirock, L83|100/100\n|-activate|p2a: Regirock|move: Sticky Web\n|-fail|p2a: Regirock|unboost|[from] ability: Clear Body|[of] p2a: Regirock\n|-status|p2a: Regirock|psn\n|turn|16\n|inactive|Time left: 300 sec this turn | 300 sec total\n|\n|t:|1783542973\n|switch|p1a: Necrozma|Necrozma, L80|286/286\n|-damage|p1a: Necrozma|251/286|[from] Stealth Rock\n|move|p2a: Regirock|Iron Defense|p2a: Regirock\n|-boost|p2a: Regirock|def|2\n|\n|-damage|p2a: Regirock|88/100 psn|[from] psn\n|upkeep\n|turn|17\n|inactive|Time left: 300 sec this turn | 300 sec total\n|\n|t:|1783542974\n|move|p1a: Necrozma|Photon Geyser|p2a: Regirock\n|-damage|p2a: Regirock|48/100 psn\n|move|p2a: Regirock|Body Press|p1a: Necrozma\n|-resisted|p1a: Necrozma\n|-damage|p1a: Necrozma|153/286\n|\n|-damage|p2a: Regirock|36/100 psn|[from] psn\n|upkeep\n|turn|18\n|inactive|Time left: 300 sec this turn | 300 sec total\n|\n|t:|1783542975\n|move|p1a: Necrozma|Photon Geyser|p2a: Regirock\n|-damage|p2a: Regirock|0 fnt\n|faint|p2a: Regirock\n|\n|upkeep\n|\n|t:|1783542976\n|switch|p2a: Veluza|Veluza, L85, M|100/100\n|-activate|p2a: Veluza|move: Sticky Web\n|-unboost|p2a: Veluza|spe|1\n|-status|p2a: Veluza|psn\n|turn|19\n|inactive|Time left: 300 sec this turn | 300 sec total\n|\n|t:|1783542977\n|move|p1a: Necrozma|Knock Off|p2a: Veluza\n|-supereffective|p2a: Veluza\n|-damage|p2a: Veluza|44/100 psn\n|-enditem|p2a: Veluza|Choice Band|[from] move: Knock Off|[of] p1a: Necrozma\n|move|p2a: Veluza|Aqua Cutter|p1a: Necrozma\n|-damage|p1a: Necrozma|36/286\n|\n|-damage|p2a: Veluza|31/100 psn|[from] psn\n|upkeep\n|turn|20\n|inactive|Time left: 300 sec this turn | 300 sec total\n|\n|t:|1783542978\n|move|p2a: Veluza|Aqua Jet|p1a: Necrozma\n|-damage|p1a: Necrozma|0 fnt\n|faint|p1a: Necrozma\n|\n|-damage|p2a: Veluza|19/100 psn|[from] psn\n|upkeep\n|inactive|Time left: 300 sec this turn | 300 sec total | 5 sec grace\n|\n|t:|1783542979\n|switch|p1a: Leafeon|Leafeon, L88, M|258/258\n|-damage|p1a: Leafeon|226/258|[from] Stealth Rock\n|turn|21\n|inactive|Time left: 300 sec this turn | 300 sec total\n|\n|t:|1783542980\n|move|p1a: Leafeon|Swords Dance|p1a: Leafeon\n|-boost|p1a: Leafeon|atk|2\n|move|p2a: Veluza|Night Slash|p1a: Leafeon\n|-crit|p1a: Leafeon\n|-damage|p1a: Leafeon|139/258\n|\n|-heal|p1a: Leafeon|155/258|[from] item: Leftovers\n|-damage|p2a: Veluza|7/100 psn|[from] psn\n|upkeep\n|turn|22\n|inactive|Time left: 300 sec this turn | 300 sec total\n|\n|t:|1783542981\n|switch|p2a: Bellibolt|Bellibolt, L84, M|100/100\n|-activate|p2a: Bellibolt|move: Sticky Web\n|-unboost|p2a: Bellibolt|spe|1\n|-status|p2a: Bellibolt|psn\n|-terastallize|p1a: Leafeon|Normal\n|move|p1a: Leafeon|Swords Dance|p1a: Leafeon\n|-boost|p1a: Leafeon|atk|2\n|\n|-heal|p1a: Leafeon|171/258|[from] item: Leftovers\n|-damage|p2a: Bellibolt|88/100 psn|[from] psn\n|upkeep\n|turn|23\n|inactive|Time left: 300 sec this turn | 300 sec total\n|\n|t:|1783542982\n|switch|p2a: Veluza|Veluza, L85, M|7/100 psn\n|-activate|p2a: Veluza|move: Sticky Web\n|-unboost|p2a: Veluza|spe|1\n|move|p1a: Leafeon|Double-Edge|p2a: Veluza\n|-damage|p2a: Veluza|0 fnt\n|faint|p2a: Veluza\n|-damage|p1a: Leafeon|165/258|[from] Recoil\n|\n|-heal|p1a: Leafeon|181/258|[from] item: Leftovers\n|upkeep\n|\n|t:|1783542983\n|switch|p2a: Bellibolt|Bellibolt, L84, M|88/100 psn\n|-activate|p2a: Bellibolt|move: Sticky Web\n|-unboost|p2a: Bellibolt|spe|1\n|turn|24\n|inactive|Time left: 300 sec this turn | 300 sec total\n|\n|t:|1783542984\n|move|p1a: Leafeon|Double-Edge|p2a: Bellibolt\n|-damage|p2a: Bellibolt|0 fnt\n|faint|p2a: Bellibolt\n|-damage|p1a: Leafeon|89/258|[from] Recoil\n|\n|win|p0x3322242", "uploadtime": 1783542984, "views": 0, "rating": 0, "private": 0, "password": null, "_winner": "p0x3322242", "_our_name": "p0x3322242"}