{"id": "battle-gen9randombattle-2634", "formatid": "gen9randombattle", "format": "[Gen 9] Random Battle", "players": ["p0x2634ded6", "p0y2634c371"], "log": "|init|battle\n|title|p0x2634ded6 vs. p0y2634c371\n|j|\u2606p0x2634ded6\n|j|\u2606p0y2634c371\n|t:|1783569424\n|gametype|singles\n|player|p1|p0x2634ded6|265|\n|player|p2|p0y2634c371|266|\n|gen|9\n|tier|[Gen 9] Random Battle\n|rule|Species Clause: Limit one of each Pok\u00e9mon\n|rule|HP Percentage Mod: HP is shown in percentages\n|rule|Sleep Clause Mod: Limit one foe put to sleep\n|rule|Illusion Level Mod: Illusion disguises the Pok\u00e9mon's true level\n|\n|t:|1783569424\n|teamsize|p1|6\n|teamsize|p2|6\n|start\n|switch|p1a: Zarude|Zarude-Dada, L77|100/100\n|switch|p2a: Raikou|Raikou, L81|278/278\n|-ability|p2a: Raikou|Pressure\n|turn|1\n|inactive|Battle timer is ON: inactive players will automatically lose when time's up. (requested by p0x2634ded6)\n|inactive|Time left: 300 sec this turn | 300 sec total | 60 sec grace\n|inactive|p0y2634c371 also wants the timer to be on.\n|\n|t:|1783569425\n|move|p2a: Raikou|Scald|p1a: Zarude\n|-resisted|p1a: Zarude\n|-damage|p1a: Zarude|90/100\n|move|p1a: Zarude|Swords Dance|p1a: Zarude\n|-boost|p1a: Zarude|atk|2\n|\n|upkeep\n|turn|2\n|inactive|Time left: 300 sec this turn | 300 sec total\n|\n|t:|1783569425\n|move|p2a: Raikou|Scald|p1a: Zarude\n|-resisted|p1a: Zarude\n|-damage|p1a: Zarude|80/100\n|move|p1a: Zarude|Knock Off|p2a: Raikou\n|-damage|p2a: Raikou|0 fnt\n|-enditem|p2a: Raikou|Heavy-Duty Boots|[from] move: Knock Off|[of] p1a: Zarude\n|faint|p2a: Raikou\n|-damage|p1a: Zarude|70/100|[from] item: Life Orb\n|\n|upkeep\n|inactive|Time left: 300 sec this turn | 300 sec total | 5 sec grace\n|\n|t:|1783569426\n|switch|p2a: Heracross|Heracross, L80, F|259/259\n|turn|3\n|inactive|Time left: 300 sec this turn | 300 sec total\n|\n|t:|1783569427\n|move|p2a: Heracross|Close Combat|p1a: Zarude\n|-supereffective|p1a: Zarude\n|-damage|p1a: Zarude|0 fnt\n|-unboost|p2a: Heracross|def|1\n|-unboost|p2a: Heracross|spd|1\n|faint|p1a: Zarude\n|-ability|p2a: Heracross|Moxie|boost\n|-boost|p2a: Heracross|atk|1\n|\n|upkeep\n|\n|t:|1783569428\n|switch|p1a: Reuniclus|Reuniclus, L88, F|100/100\n|turn|4\n|inactive|Time left: 300 sec this turn | 300 sec total\n|\n|t:|1783569429\n|switch|p2a: Spectrier|Spectrier, L75|274/274\n|move|p1a: Reuniclus|Psychic|p2a: Spectrier\n|-damage|p2a: Spectrier|83/274\n|\n|-heal|p2a: Spectrier|100/274|[from] item: Leftovers\n|upkeep\n|turn|5\n|inactive|Time left: 300 sec this turn | 300 sec total\n|\n|t:|1783569430\n|move|p2a: Spectrier|Shadow Ball|p1a: Reuniclus\n|-supereffective|p1a: Reuniclus\n|-damage|p1a: Reuniclus|45/100\n|move|p1a: Reuniclus|Psychic|p2a: Spectrier\n|-damage|p2a: Spectrier|0 fnt\n|faint|p2a: Spectrier\n|\n|upkeep\n|inactive|Time left: 300 sec this turn | 300 sec total | 5 sec grace\n|\n|t:|1783569431\n|switch|p2a: Salamence|Salamence, L77, F|273/273\n|turn|6\n|inactive|Time left: 300 sec this turn | 300 sec total\n|\n|t:|1783569432\n|-terastallize|p2a: Salamence|Dragon\n|move|p2a: Salamence|Outrage|p1a: Reuniclus\n|-damage|p1a: Reuniclus|0 fnt\n|faint|p1a: Reuniclus\n|-ability|p2a: Salamence|Moxie|boost\n|-boost|p2a: Salamence|atk|1\n|\n|upkeep\n|\n|t:|1783569433\n|switch|p1a: Floatzel|Floatzel, L86, M|100/100\n|turn|7\n|inactive|Time left: 300 sec this turn | 300 sec total\n|\n|t:|1783569434\n|-terastallize|p1a: Floatzel|Steel\n|move|p1a: Floatzel|Bulk Up|p1a: Floatzel\n|-boost|p1a: Floatzel|atk|1\n|-boost|p1a: Floatzel|def|1\n|move|p2a: Salamence|Outrage|p1a: Floatzel|[from] lockedmove\n|-resisted|p1a: Floatzel\n|-damage|p1a: Floatzel|58/100\n|\n|-heal|p1a: Floatzel|64/100|[from] item: Leftovers\n|upkeep\n|turn|8\n|inactive|Time left: 300 sec this turn | 300 sec total\n|\n|t:|1783569435\n|move|p1a: Floatzel|Ice Spinner|p2a: Salamence\n|-supereffective|p2a: Salamence\n|-damage|p2a: Salamence|65/273\n|move|p2a: Salamence|Outrage|p1a: Floatzel|[from] lockedmove\n|-resisted|p1a: Floatzel\n|-damage|p1a: Floatzel|21/100\n|-start|p2a: Salamence|confusion|[fatigue]\n|\n|-heal|p1a: Floatzel|27/100|[from] item: Leftovers\n|upkeep\n|turn|9\n|inactive|Time left: 300 sec this turn | 300 sec total\n|\n|t:|1783569436\n|switch|p2a: Manaphy|Manaphy, L78|284/284\n|move|p1a: Floatzel|Ice Spinner|p2a: Manaphy\n|-resisted|p2a: Manaphy\n|-damage|p2a: Manaphy|237/284\n|\n|-heal|p1a: Floatzel|33/100|[from] item: Leftovers\n|-heal|p2a: Manaphy|254/284|[from] item: Leftovers\n|upkeep\n|turn|10\n|inactive|Time left: 300 sec this turn | 300 sec total\n|\n|t:|1783569437\n|move|p1a: Floatzel|Wave Crash|p2a: Manaphy\n|-resisted|p2a: Manaphy\n|-damage|p2a: Manaphy|151/284\n|-damage|p1a: Floatzel|21/100|[from] Recoil\n|move|p2a: Manaphy|Hydro Pump|p1a: Floatzel\n|-damage|p1a: Floatzel|0 fnt\n|faint|p1a: Floatzel\n|\n|-heal|p2a: Manaphy|168/284|[from] item: Leftovers\n|upkeep\n|\n|t:|1783569437\n|switch|p1a: Pikachu|Pikachu-World, L93, F|100/100\n|turn|11\n|inactive|Time left: 300 sec this turn | 300 sec total\n|\n|t:|1783569438\n|switch|p2a: Serperior|Serperior, L79, M|248/248\n|move|p1a: Pikachu|Volt Switch|p2a: Serperior\n|-resisted|p2a: Serperior\n|-damage|p2a: Serperior|195/248\n|\n|t:|1783569439\n|switch|p1a: Pyroar|Pyroar, L88, F|100/100|[from] Volt Switch\n|-ability|p1a: Pyroar|Unnerve\n|\n|upkeep\n|turn|12\n|inactive|Time left: 300 sec this turn | 300 sec total\n|\n|t:|1783569440\n|switch|p2a: Salamence|Salamence, L77, F, tera:Dragon|65/273\n|move|p1a: Pyroar|Fire Blast|p2a: Salamence\n|-resisted|p2a: Salamence\n|-damage|p2a: Salamence|0 fnt\n|faint|p2a: Salamence\n|\n|upkeep\n|inactive|Time left: 300 sec this turn | 300 sec total | 5 sec grace\n|\n|t:|1783569441\n|switch|p2a: Heracross|Heracross, L80, F|259/259\n|turn|13\n|inactive|Time left: 300 sec this turn | 300 sec total\n|\n|t:|1783569442\n|switch|p1a: Magcargo|Magcargo, L95, F|100/100\n|move|p2a: Heracross|Close Combat|p1a: Magcargo\n|-supereffective|p1a: Magcargo\n|-damage|p1a: Magcargo|29/100\n|-unboost|p2a: Heracross|def|1\n|-unboost|p2a: Heracross|spd|1\n|-ability|p1a: Magcargo|Weak Armor|boost\n|-unboost|p1a: Magcargo|def|1\n|-boost|p1a: Magcargo|spe|2\n|\n|upkeep\n|turn|14\n|inactive|Time left: 300 sec this turn | 300 sec total\n|\n|t:|1783569443\n|move|p2a: Heracross|Close Combat|p1a: Magcargo\n|-supereffective|p1a: Magcargo\n|-damage|p1a: Magcargo|0 fnt\n|-unboost|p2a: Heracross|def|1\n|-unboost|p2a: Heracross|spd|1\n|faint|p1a: Magcargo\n|-ability|p2a: Heracross|Moxie|boost\n|-boost|p2a: Heracross|atk|1\n|\n|upkeep\n|\n|t:|1783569444\n|switch|p1a: Pyroar|Pyroar, L88, F|100/100\n|-ability|p1a: Pyroar|Unnerve\n|turn|15\n|inactive|Time left: 300 sec this turn | 300 sec total\n|\n|t:|1783569445\n|move|p2a: Heracross|Close Combat|p1a: Pyroar\n|-supereffective|p1a: Pyroar\n|-damage|p1a: Pyroar|0 fnt\n|-unboost|p2a: Heracross|def|1\n|-unboost|p2a: Heracross|spd|1\n|faint|p1a: Pyroar\n|-ability|p2a: Heracross|Moxie|boost\n|-boost|p2a: Heracross|atk|1\n|\n|upkeep\n|\n|t:|1783569446\n|switch|p1a: Pikachu|Pikachu-World, L93, F|100/100\n|turn|16\n|inactive|Time left: 300 sec this turn | 300 sec total\n|\n|t:|1783569447\n|move|p1a: Pikachu|Fake Out|p2a: Heracross\n|-crit|p2a: Heracross\n|-damage|p2a: Heracross|51/259\n|cant|p2a: Heracross|flinch\n|\n|upkeep\n|turn|17\n|inactive|Time left: 300 sec this turn | 300 sec total\n|\n|t:|1783569448\n|move|p2a: Heracross|Close Combat|p1a: Pikachu\n|-damage|p1a: Pikachu|0 fnt\n|-unboost|p2a: Heracross|def|1\n|-unboost|p2a: Heracross|spd|1\n|faint|p1a: Pikachu\n|\n|win|p0y2634c371", "uploadtime": 1783569448, "views": 0, "rating": 0, "private": 0, "password": null, "_winner": "p0y2634c371", "_our_name": "p0y2634c371"}