{"id": "battle-gen9randombattle-1946", "formatid": "gen9randombattle", "format": "[Gen 9] Random Battle", "players": ["p0x19469846", "p0y19462f31"], "log": "|init|battle\n|title|p0x19469846 vs. p0y19462f31\n|j|\u2606p0x19469846\n|j|\u2606p0y19462f31\n|t:|1783562519\n|gametype|singles\n|player|p1|p0x19469846|266|\n|player|p2|p0y19462f31|169|\n|gen|9\n|tier|[Gen 9] Random Battle\n|rule|Species Clause: Limit one of each Pok\u00e9mon\n|rule|HP Percentage Mod: HP is shown in percentages\n|rule|Sleep Clause Mod: Limit one foe put to sleep\n|rule|Illusion Level Mod: Illusion disguises the Pok\u00e9mon's true level\n|\n|t:|1783562519\n|teamsize|p1|6\n|teamsize|p2|6\n|start\n|switch|p1a: Kingambit|Kingambit, L74, F|270/270\n|switch|p2a: Cryogonal|Cryogonal, L89|100/100\n|turn|1\n|inactive|Battle timer is ON: inactive players will automatically lose when time's up. (requested by p0x19469846)\n|inactive|p0y19462f31 also wants the timer to be on.\n|\n|t:|1783562520\n|switch|p2a: Oinkologne|Oinkologne, L92, M|100/100\n|move|p1a: Kingambit|Iron Head|p2a: Oinkologne\n|-damage|p2a: Oinkologne|75/100\n|\n|-heal|p2a: Oinkologne|82/100|[from] item: Leftovers\n|upkeep\n|turn|2\n|inactive|Time left: 300 sec this turn | 300 sec total\n|\n|t:|1783562522\n|move|p2a: Oinkologne|High Horsepower|p1a: Kingambit\n|-supereffective|p1a: Kingambit\n|-damage|p1a: Kingambit|112/270\n|move|p1a: Kingambit|Swords Dance|p1a: Kingambit\n|-boost|p1a: Kingambit|atk|2\n|\n|-heal|p2a: Oinkologne|88/100|[from] item: Leftovers\n|-heal|p1a: Kingambit|128/270|[from] item: Leftovers\n|upkeep\n|turn|3\n|inactive|Time left: 300 sec this turn | 300 sec total\n|\n|t:|1783562522\n|-terastallize|p1a: Kingambit|Dark\n|move|p2a: Oinkologne|High Horsepower|p1a: Kingambit\n|-damage|p1a: Kingambit|52/270\n|move|p1a: Kingambit|Kowtow Cleave|p2a: Oinkologne\n|-damage|p2a: Oinkologne|16/100\n|\n|-heal|p2a: Oinkologne|22/100|[from] item: Leftovers\n|-heal|p1a: Kingambit|68/270|[from] item: Leftovers\n|upkeep\n|turn|4\n|inactive|Time left: 300 sec this turn | 300 sec total\n|\n|t:|1783562523\n|move|p1a: Kingambit|Sucker Punch|p2a: Oinkologne\n|-crit|p2a: Oinkologne\n|-damage|p2a: Oinkologne|0 fnt\n|faint|p2a: Oinkologne\n|\n|-heal|p1a: Kingambit|84/270|[from] item: Leftovers\n|upkeep\n|\n|t:|1783562524\n|switch|p2a: Fezandipiti|Fezandipiti, L82, M|100/100\n|turn|5\n|inactive|Time left: 300 sec this turn | 300 sec total\n|\n|t:|1783562525\n|move|p2a: Fezandipiti|Play Rough|p1a: Kingambit\n|-supereffective|p1a: Kingambit\n|-damage|p1a: Kingambit|0 fnt\n|faint|p1a: Kingambit\n|-end|p1a: Kingambit|fallenundefined|[silent]\n|\n|upkeep\n|inactive|Time left: 300 sec this turn | 300 sec total | 5 sec grace\n|\n|t:|1783562525\n|switch|p1a: Donphan|Donphan, L84, M|288/288\n|turn|6\n|inactive|Time left: 300 sec this turn | 300 sec total\n|\n|t:|1783562527\n|move|p2a: Fezandipiti|Swords Dance|p2a: Fezandipiti\n|-boost|p2a: Fezandipiti|atk|2\n|move|p1a: Donphan|Earthquake|p2a: Fezandipiti\n|-supereffective|p2a: Fezandipiti\n|-damage|p2a: Fezandipiti|6/100\n|\n|-heal|p2a: Fezandipiti|12/100|[from] item: Leftovers\n|upkeep\n|turn|7\n|inactive|Time left: 300 sec this turn | 300 sec total\n|\n|t:|1783562527\n|move|p2a: Fezandipiti|Play Rough|p1a: Donphan\n|-damage|p1a: Donphan|149/288\n|move|p1a: Donphan|Rapid Spin|p2a: Fezandipiti\n|-damage|p2a: Fezandipiti|0 fnt\n|-boost|p1a: Donphan|spe|1\n|faint|p2a: Fezandipiti\n|\n|-heal|p1a: Donphan|167/288|[from] item: Leftovers\n|upkeep\n|\n|t:|1783562528\n|switch|p2a: Indeedee|Indeedee, L84, M|100/100\n|-fieldstart|move: Psychic Terrain|[from] ability: Psychic Surge|[of] p2a: Indeedee\n|turn|8\n|inactive|Time left: 300 sec this turn | 300 sec total\n|\n|t:|1783562529\n|switch|p1a: Iron Boulder|Iron Boulder, L77|265/265\n|move|p2a: Indeedee|Expanding Force|p1a: Iron Boulder\n|-resisted|p1a: Iron Boulder\n|-damage|p1a: Iron Boulder|181/265\n|\n|upkeep\n|turn|9\n|inactive|Time left: 300 sec this turn | 300 sec total\n|\n|t:|1783562530\n|move|p2a: Indeedee|Expanding Force|p1a: Iron Boulder\n|-resisted|p1a: Iron Boulder\n|-damage|p1a: Iron Boulder|100/265\n|move|p1a: Iron Boulder|Mighty Cleave|p2a: Indeedee\n|-damage|p2a: Indeedee|28/100\n|-damage|p1a: Iron Boulder|74/265|[from] item: Life Orb\n|\n|upkeep\n|turn|10\n|inactive|Time left: 300 sec this turn | 300 sec total\n|\n|t:|1783562531\n|-end|p1a: Iron Boulder|Quark Drive|[silent]\n|switch|p1a: Chansey|Chansey, L85, F|564/564\n|move|p2a: Indeedee|Expanding Force|p1a: Chansey\n|-damage|p1a: Chansey|456/564\n|\n|upkeep\n|turn|11\n|inactive|Time left: 300 sec this turn | 300 sec total\n|\n|t:|1783562532\n|switch|p2a: Grumpig|Grumpig, L92, F|100/100\n|move|p1a: Chansey|Seismic Toss|p2a: Grumpig\n|-damage|p2a: Grumpig|72/100\n|\n|upkeep\n|turn|12\n|inactive|Time left: 300 sec this turn | 300 sec total\n|\n|t:|1783562533\n|move|p2a: Grumpig|Psyshock|p1a: Chansey\n|-damage|p1a: Chansey|0 fnt\n|faint|p1a: Chansey\n|\n|-fieldend|move: Psychic Terrain\n|upkeep\n|inactive|Time left: 300 sec this turn | 300 sec total | 5 sec grace\n|\n|t:|1783562534\n|switch|p1a: Duraludon|Duraludon, L82, M|249/249\n|turn|13\n|inactive|Time left: 300 sec this turn | 300 sec total\n|\n|t:|1783562535\n|move|p2a: Grumpig|Psyshock|p1a: Duraludon\n|-resisted|p1a: Duraludon\n|-damage|p1a: Duraludon|210/249\n|move|p1a: Duraludon|Flash Cannon|p2a: Grumpig\n|-damage|p2a: Grumpig|48/100\n|\n|upkeep\n|turn|14\n|inactive|Time left: 300 sec this turn | 300 sec total\n|\n|t:|1783562537\n|move|p2a: Grumpig|Psyshock|p1a: Duraludon\n|-resisted|p1a: Duraludon\n|-damage|p1a: Duraludon|171/249\n|move|p1a: Duraludon|Flash Cannon|p2a: Grumpig\n|-damage|p2a: Grumpig|23/100\n|-unboost|p2a: Grumpig|spd|1\n|\n|upkeep\n|turn|15\n|inactive|Time left: 300 sec this turn | 300 sec total\n|\n|t:|1783562538\n|move|p2a: Grumpig|Psyshock|p1a: Duraludon\n|-resisted|p1a: Duraludon\n|-damage|p1a: Duraludon|133/249\n|move|p1a: Duraludon|Flash Cannon|p2a: Grumpig\n|-damage|p2a: Grumpig|0 fnt\n|faint|p2a: Grumpig\n|\n|upkeep\n|\n|t:|1783562539\n|switch|p2a: Cryogonal|Cryogonal, L89|100/100\n|turn|16\n|inactive|Time left: 300 sec this turn | 300 sec total\n|\n|t:|1783562540\n|move|p2a: Cryogonal|Freeze-Dry|p1a: Duraludon\n|-damage|p1a: Duraludon|54/249\n|move|p1a: Duraludon|Body Press|p2a: Cryogonal\n|-supereffective|p2a: Cryogonal\n|-damage|p2a: Cryogonal|42/100\n|\n|upkeep\n|turn|17\n|inactive|Time left: 300 sec this turn | 300 sec total\n|\n|t:|1783562541\n|move|p2a: Cryogonal|Freeze-Dry|p1a: Duraludon\n|-damage|p1a: Duraludon|0 fnt\n|faint|p1a: Duraludon\n|\n|upkeep\n|inactive|Time left: 300 sec this turn | 300 sec total | 5 sec grace\n|\n|t:|1783562542\n|switch|p1a: Iron Boulder|Iron Boulder, L77|74/265\n|turn|18\n|inactive|Time left: 300 sec this turn | 300 sec total\n|\n|t:|1783562543\n|move|p2a: Cryogonal|Freeze-Dry|p1a: Iron Boulder\n|-damage|p1a: Iron Boulder|2/265\n|move|p1a: Iron Boulder|Close Combat|p2a: Cryogonal\n|-supereffective|p2a: Cryogonal\n|-damage|p2a: Cryogonal|0 fnt\n|-unboost|p1a: Iron Boulder|def|1\n|-unboost|p1a: Iron Boulder|spd|1\n|faint|p2a: Cryogonal\n|-damage|p1a: Iron Boulder|0 fnt|[from] item: Life Orb\n|faint|p1a: Iron Boulder\n|-end|p1a: Iron Boulder|Quark Drive|[silent]\n|\n|upkeep\n|inactive|Time left: 300 sec this turn | 300 sec total | 5 sec grace\n|\n|t:|1783562544\n|switch|p2a: Indeedee|Indeedee, L84, M|28/100\n|switch|p1a: Dugtrio|Dugtrio, L84, F|196/196\n|-fieldstart|move: Psychic Terrain|[from] ability: Psychic Surge|[of] p2a: Indeedee\n|turn|19\n|inactive|Time left: 300 sec this turn | 300 sec total\n|\n|t:|1783562545\n|-terastallize|p2a: Indeedee|Psychic\n|move|p2a: Indeedee|Expanding Force|p1a: Dugtrio\n|-damage|p1a: Dugtrio|0 fnt\n|faint|p1a: Dugtrio\n|\n|upkeep\n|inactive|Time left: 300 sec this turn | 300 sec total | 5 sec grace\n|\n|t:|1783562545\n|switch|p1a: Donphan|Donphan, L84, M|167/288\n|turn|20\n|inactive|Time left: 300 sec this turn | 300 sec total\n|\n|t:|1783562546\n|move|p2a: Indeedee|Expanding Force|p1a: Donphan\n|-damage|p1a: Donphan|0 fnt\n|faint|p1a: Donphan\n|\n|win|p0y19462f31", "uploadtime": 1783562546, "views": 0, "rating": 0, "private": 0, "password": null, "_winner": "p0y19462f31", "_our_name": "p0x19469846"}