{"id": "battle-gen9randombattle-2811", "formatid": "gen9randombattle", "format": "[Gen 9] Random Battle", "players": ["p0x2811e5f0", "p0y28118f33"], "log": "|init|battle\n|title|p0x2811e5f0 vs. p0y28118f33\n|j|\u2606p0x2811e5f0\n|j|\u2606p0y28118f33\n|t:|1783572397\n|gametype|singles\n|player|p1|p0x2811e5f0|1|\n|player|p2|p0y28118f33|169|\n|gen|9\n|tier|[Gen 9] Random Battle\n|rule|Species Clause: Limit one of each Pok\u00e9mon\n|rule|HP Percentage Mod: HP is shown in percentages\n|rule|Sleep Clause Mod: Limit one foe put to sleep\n|rule|Illusion Level Mod: Illusion disguises the Pok\u00e9mon's true level\n|\n|t:|1783572397\n|teamsize|p1|6\n|teamsize|p2|6\n|start\n|switch|p1a: Stonjourner|Stonjourner, L91, M|330/330\n|switch|p2a: Ogerpon|Ogerpon-Wellspring, L76, F|100/100\n|turn|1\n|inactive|Battle timer is ON: inactive players will automatically lose when time's up. (requested by p0x2811e5f0)\n|\n|t:|1783572398\n|move|p2a: Ogerpon|Ivy Cudgel|p1a: Stonjourner|[anim] Ivy Cudgel Water\n|-supereffective|p1a: Stonjourner\n|-damage|p1a: Stonjourner|178/330\n|move|p1a: Stonjourner|Stone Edge|p2a: Ogerpon\n|-damage|p2a: Ogerpon|4/100\n|-damage|p1a: Stonjourner|145/330|[from] item: Life Orb\n|\n|upkeep\n|turn|2\n|inactive|Time left: 300 sec this turn | 300 sec total\n|inactive|p0y28118f33 also wants the timer to be on.\n|\n|t:|1783572399\n|switch|p1a: Qwilfish|Qwilfish, L86, F|252/252\n|-ability|p1a: Qwilfish|Intimidate|boost\n|-unboost|p2a: Ogerpon|atk|1\n|move|p2a: Ogerpon|Ivy Cudgel|p1a: Qwilfish|[anim] Ivy Cudgel Water\n|-resisted|p1a: Qwilfish\n|-damage|p1a: Qwilfish|209/252\n|\n|upkeep\n|turn|3\n|inactive|Time left: 300 sec this turn | 300 sec total\n|\n|t:|1783572400\n|move|p2a: Ogerpon|Ivy Cudgel|p1a: Qwilfish|[anim] Ivy Cudgel Water\n|-resisted|p1a: Qwilfish\n|-crit|p1a: Qwilfish\n|-damage|p1a: Qwilfish|123/252\n|move|p1a: Qwilfish|Toxic Spikes|p2a: Ogerpon\n|-sidestart|p2: p0y28118f33|move: Toxic Spikes\n|\n|upkeep\n|turn|4\n|inactive|Time left: 300 sec this turn | 300 sec total\n|\n|t:|1783572401\n|move|p2a: Ogerpon|Ivy Cudgel|p1a: Qwilfish|[anim] Ivy Cudgel Water\n|-resisted|p1a: Qwilfish\n|-damage|p1a: Qwilfish|84/252\n|move|p1a: Qwilfish|Toxic Spikes|p2a: Ogerpon\n|-sidestart|p2: p0y28118f33|move: Toxic Spikes\n|\n|upkeep\n|turn|5\n|inactive|Time left: 300 sec this turn | 300 sec total\n|\n|t:|1783572402\n|move|p2a: Ogerpon|Ivy Cudgel|p1a: Qwilfish|[anim] Ivy Cudgel Water\n|-resisted|p1a: Qwilfish\n|-damage|p1a: Qwilfish|40/252\n|move|p1a: Qwilfish|Gunk Shot|p2a: Ogerpon|[miss]\n|-miss|p1a: Qwilfish|p2a: Ogerpon\n|\n|upkeep\n|turn|6\n|inactive|Time left: 300 sec this turn | 300 sec total\n|\n|t:|1783572403\n|switch|p1a: Greedent|Greedent, L86, F|347/347\n|move|p2a: Ogerpon|Ivy Cudgel|p1a: Greedent|[anim] Ivy Cudgel Water\n|-damage|p1a: Greedent|275/347\n|\n|upkeep\n|turn|7\n|inactive|Time left: 300 sec this turn | 300 sec total\n|\n|t:|1783572405\n|move|p2a: Ogerpon|Synthesis|p2a: Ogerpon\n|-heal|p2a: Ogerpon|54/100\n|move|p1a: Greedent|Swords Dance|p1a: Greedent\n|-boost|p1a: Greedent|atk|2\n|\n|upkeep\n|turn|8\n|inactive|Time left: 300 sec this turn | 300 sec total\n|\n|t:|1783572406\n|move|p2a: Ogerpon|Synthesis|p2a: Ogerpon\n|-heal|p2a: Ogerpon|100/100\n|move|p1a: Greedent|Double-Edge|p2a: Ogerpon\n|-damage|p2a: Ogerpon|0 fnt\n|faint|p2a: Ogerpon\n|-damage|p1a: Greedent|193/347|[from] Recoil\n|\n|upkeep\n|\n|t:|1783572407\n|switch|p2a: Hydreigon|Hydreigon, L79, F|100/100\n|turn|9\n|inactive|Time left: 300 sec this turn | 300 sec total\n|\n|t:|1783572408\n|move|p2a: Hydreigon|Draco Meteor|p1a: Greedent|[miss]\n|-miss|p2a: Hydreigon|p1a: Greedent\n|move|p1a: Greedent|Double-Edge|p2a: Hydreigon\n|-damage|p2a: Hydreigon|0 fnt\n|faint|p2a: Hydreigon\n|-damage|p1a: Greedent|102/347|[from] Recoil\n|-enditem|p1a: Greedent|Sitrus Berry|[eat]\n|-heal|p1a: Greedent|188/347|[from] item: Sitrus Berry\n|-heal|p1a: Greedent|303/347|[from] ability: Cheek Pouch\n|\n|upkeep\n|\n|t:|1783572409\n|switch|p2a: Gengar|Gengar, L81, F|100/100\n|-sideend|p2: p0y28118f33|move: Toxic Spikes|[of] p2a: Gengar\n|turn|10\n|inactive|Time left: 300 sec this turn | 300 sec total\n|\n|t:|1783572410\n|move|p2a: Gengar|Encore|p1a: Greedent\n|-start|p1a: Greedent|Encore\n|move|p1a: Greedent|Double-Edge|p2a: Gengar\n|-immune|p2a: Gengar\n|\n|upkeep\n|turn|11\n|inactive|Time left: 300 sec this turn | 300 sec total\n|\n|t:|1783572411\n|switch|p1a: Oranguru|Oranguru, L92, M|315/315\n|move|p2a: Gengar|Sludge Wave|p1a: Oranguru\n|-damage|p1a: Oranguru|205/315\n|-damage|p2a: Gengar|90/100|[from] item: Life Orb\n|\n|upkeep\n|turn|12\n|inactive|Time left: 300 sec this turn | 300 sec total\n|\n|t:|1783572412\n|move|p2a: Gengar|Sludge Wave|p1a: Oranguru\n|-damage|p1a: Oranguru|96/315\n|-damage|p2a: Gengar|80/100|[from] item: Life Orb\n|move|p1a: Oranguru|Psyshock|p2a: Gengar\n|-supereffective|p2a: Gengar\n|-damage|p2a: Gengar|0 fnt\n|faint|p2a: Gengar\n|-damage|p1a: Oranguru|65/315|[from] item: Life Orb\n|\n|upkeep\n|\n|t:|1783572413\n|switch|p2a: Jolteon|Jolteon, L84, F|100/100\n|turn|13\n|inactive|Time left: 300 sec this turn | 300 sec total\n|\n|t:|1783572414\n|switch|p1a: Greedent|Greedent, L86, F|303/347\n|move|p2a: Jolteon|Thunderbolt|p1a: Greedent\n|-damage|p1a: Greedent|189/347\n|\n|upkeep\n|turn|14\n|inactive|Time left: 300 sec this turn | 300 sec total\n|\n|t:|1783572415\n|move|p2a: Jolteon|Thunderbolt|p1a: Greedent\n|-damage|p1a: Greedent|72/347\n|move|p1a: Greedent|Knock Off|p2a: Jolteon\n|-damage|p2a: Jolteon|62/100\n|-enditem|p2a: Jolteon|Leftovers|[from] move: Knock Off|[of] p1a: Greedent\n|\n|upkeep\n|turn|15\n|inactive|Time left: 300 sec this turn | 300 sec total\n|\n|t:|1783572416\n|-terastallize|p1a: Greedent|Ground\n|move|p2a: Jolteon|Thunderbolt|p1a: Greedent\n|-immune|p1a: Greedent\n|move|p1a: Greedent|Earthquake|p2a: Jolteon\n|-supereffective|p2a: Jolteon\n|-damage|p2a: Jolteon|0 fnt\n|faint|p2a: Jolteon\n|\n|upkeep\n|\n|t:|1783572417\n|switch|p2a: Dodrio|Dodrio, L85, F|100/100\n|turn|16\n|inactive|Time left: 300 sec this turn | 300 sec total\n|\n|t:|1783572418\n|switch|p1a: Stonjourner|Stonjourner, L91, M|145/330\n|move|p2a: Dodrio|Drill Run|p1a: Stonjourner\n|-supereffective|p1a: Stonjourner\n|-damage|p1a: Stonjourner|25/330\n|\n|upkeep\n|turn|17\n|inactive|Time left: 300 sec this turn | 300 sec total\n|\n|t:|1783572419\n|switch|p1a: Qwilfish|Qwilfish, L86, F|40/252\n|-ability|p1a: Qwilfish|Intimidate|boost\n|-unboost|p2a: Dodrio|atk|1\n|move|p2a: Dodrio|Drill Run|p1a: Qwilfish\n|-supereffective|p1a: Qwilfish\n|-damage|p1a: Qwilfish|0 fnt\n|faint|p1a: Qwilfish\n|\n|upkeep\n|inactive|Time left: 300 sec this turn | 300 sec total | 5 sec grace\n|\n|t:|1783572419\n|switch|p1a: Darkrai|Darkrai, L77|234/234\n|turn|18\n|inactive|Time left: 300 sec this turn | 300 sec total\n|\n|t:|1783572420\n|move|p1a: Darkrai|Nasty Plot|p1a: Darkrai\n|-boost|p1a: Darkrai|spa|2\n|move|p2a: Dodrio|Drill Run|p1a: Darkrai\n|-damage|p1a: Darkrai|163/234\n|\n|upkeep\n|turn|19\n|inactive|Time left: 300 sec this turn | 300 sec total\n|\n|t:|1783572421\n|switch|p2a: Noivern|Noivern, L82, M|100/100\n|move|p1a: Darkrai|Dark Pulse|p2a: Noivern\n|-damage|p2a: Noivern|9/100\n|-damage|p1a: Darkrai|140/234|[from] item: Life Orb\n|\n|upkeep\n|turn|20\n|inactive|Time left: 300 sec this turn | 300 sec total\n|\n|t:|1783572422\n|switch|p1a: Stonjourner|Stonjourner, L91, M|25/330\n|move|p2a: Noivern|Draco Meteor|p1a: Stonjourner\n|-damage|p1a: Stonjourner|0 fnt\n|-unboost|p2a: Noivern|spa|2\n|faint|p1a: Stonjourner\n|\n|upkeep\n|inactive|Time left: 300 sec this turn | 300 sec total | 5 sec grace\n|\n|t:|1783572423\n|switch|p1a: Tatsugiri|Tatsugiri, L87, F|260/260\n|turn|21\n|inactive|Time left: 300 sec this turn | 300 sec total\n|\n|t:|1783572424\n|switch|p2a: Dodrio|Dodrio, L85, F|100/100\n|move|p1a: Tatsugiri|Rapid Spin|p2a: Dodrio\n|-damage|p2a: Dodrio|88/100\n|-boost|p1a: Tatsugiri|spe|1\n|\n|upkeep\n|turn|22\n|inactive|Time left: 300 sec this turn | 300 sec total\n|\n|t:|1783572425\n|switch|p2a: Noivern|Noivern, L82, M|9/100\n|move|p1a: Tatsugiri|Draco Meteor|p2a: Noivern\n|-supereffective|p2a: Noivern\n|-damage|p2a: Noivern|0 fnt\n|-unboost|p1a: Tatsugiri|spa|2\n|faint|p2a: Noivern\n|\n|upkeep\n|\n|t:|1783572426\n|switch|p2a: Dodrio|Dodrio, L85, F|88/100\n|turn|23\n|inactive|Time left: 300 sec this turn | 300 sec total\n|\n|t:|1783572427\n|move|p2a: Dodrio|Quick Attack|p1a: Tatsugiri\n|-damage|p1a: Tatsugiri|163/260\n|move|p1a: Tatsugiri|Nasty Plot|p1a: Tatsugiri\n|-boost|p1a: Tatsugiri|spa|2\n|\n|upkeep\n|turn|24\n|inactive|Time left: 300 sec this turn | 300 sec total\n|\n|t:|1783572428\n|move|p2a: Dodrio|Quick Attack|p1a: Tatsugiri\n|-damage|p1a: Tatsugiri|66/260\n|move|p1a: Tatsugiri|Draco Meteor|p2a: Dodrio\n|-damage|p2a: Dodrio|0 fnt\n|-unboost|p1a: Tatsugiri|spa|2\n|faint|p2a: Dodrio\n|\n|win|p0x2811e5f0", "uploadtime": 1783572428, "views": 0, "rating": 0, "private": 0, "password": null, "_winner": "p0x2811e5f0", "_our_name": "p0x2811e5f0"}