{"id": "battle-gen9randombattle-1785", "formatid": "gen9randombattle", "format": "[Gen 9] Random Battle", "players": ["p0x178567e5", "p0y17856689"], "log": "|init|battle\n|title|p0x178567e5 vs. p0y17856689\n|j|\u2606p0x178567e5\n|j|\u2606p0y17856689\n|t:|1783560686\n|gametype|singles\n|player|p1|p0x178567e5|2|\n|player|p2|p0y17856689|170|\n|gen|9\n|tier|[Gen 9] Random Battle\n|rule|Species Clause: Limit one of each Pok\u00e9mon\n|rule|HP Percentage Mod: HP is shown in percentages\n|rule|Sleep Clause Mod: Limit one foe put to sleep\n|rule|Illusion Level Mod: Illusion disguises the Pok\u00e9mon's true level\n|\n|t:|1783560687\n|teamsize|p1|6\n|teamsize|p2|6\n|start\n|switch|p1a: Smeargle|Smeargle, L95, F|258/258\n|switch|p2a: Leafeon|Leafeon, L88, M|100/100\n|turn|1\n|inactive|Battle timer is ON: inactive players will automatically lose when time's up. (requested by p0y17856689)\n|inactive|Time left: 300 sec this turn | 300 sec total | 60 sec grace\n|inactive|p0x178567e5 also wants the timer to be on.\n|\n|t:|1783560688\n|move|p2a: Leafeon|Leaf Blade|p1a: Smeargle\n|-damage|p1a: Smeargle|5/258\n|-damage|p2a: Leafeon|91/100|[from] item: Life Orb\n|move|p1a: Smeargle|Sticky Web|p2a: Leafeon\n|-sidestart|p2: p0y17856689|move: Sticky Web\n|\n|upkeep\n|turn|2\n|inactive|Time left: 300 sec this turn | 300 sec total\n|\n|t:|1783560689\n|switch|p1a: Coalossal|Coalossal, L89, M|341/341\n|move|p2a: Leafeon|Leaf Blade|p1a: Coalossal\n|-damage|p1a: Coalossal|232/341\n|-status|p2a: Leafeon|brn|[from] ability: Flame Body|[of] p1a: Coalossal\n|-damage|p2a: Leafeon|81/100 brn|[from] item: Life Orb\n|\n|-damage|p2a: Leafeon|75/100 brn|[from] brn\n|upkeep\n|turn|3\n|inactive|Time left: 300 sec this turn | 300 sec total\n|\n|t:|1783560690\n|move|p2a: Leafeon|Swords Dance|p2a: Leafeon\n|-boost|p2a: Leafeon|atk|2\n|move|p1a: Coalossal|Rapid Spin|p2a: Leafeon\n|-damage|p2a: Leafeon|65/100 brn\n|-boost|p1a: Coalossal|spe|1\n|\n|-damage|p2a: Leafeon|59/100 brn|[from] brn\n|upkeep\n|turn|4\n|inactive|Time left: 300 sec this turn | 300 sec total\n|\n|t:|1783560692\n|move|p2a: Leafeon|Leaf Blade|p1a: Coalossal\n|-damage|p1a: Coalossal|118/341\n|-damage|p2a: Leafeon|49/100 brn|[from] item: Life Orb\n|move|p1a: Coalossal|Stone Edge|p2a: Leafeon\n|-damage|p2a: Leafeon|21/100 brn\n|\n|-damage|p2a: Leafeon|15/100 brn|[from] brn\n|upkeep\n|turn|5\n|inactive|Time left: 300 sec this turn | 300 sec total\n|\n|t:|1783560693\n|move|p2a: Leafeon|Leaf Blade|p1a: Coalossal\n|-damage|p1a: Coalossal|1/341\n|-damage|p2a: Leafeon|6/100 brn|[from] item: Life Orb\n|move|p1a: Coalossal|Rapid Spin|p2a: Leafeon\n|-damage|p2a: Leafeon|0 fnt\n|-boost|p1a: Coalossal|spe|1\n|faint|p2a: Leafeon\n|\n|upkeep\n|\n|t:|1783560694\n|switch|p2a: Torkoal|Torkoal, L88, M|100/100\n|-weather|SunnyDay|[from] ability: Drought|[of] p2a: Torkoal\n|turn|6\n|inactive|Time left: 300 sec this turn | 300 sec total\n|\n|t:|1783560695\n|move|p1a: Coalossal|Overheat|p2a: Torkoal\n|-resisted|p2a: Torkoal\n|-damage|p2a: Torkoal|58/100\n|-unboost|p1a: Coalossal|spa|2\n|move|p2a: Torkoal|Rapid Spin|p1a: Coalossal\n|-resisted|p1a: Coalossal\n|-damage|p1a: Coalossal|0 fnt\n|-boost|p2a: Torkoal|spe|1\n|-sideend|p2: p0y17856689|Sticky Web|[from] move: Rapid Spin|[of] p2a: Torkoal\n|faint|p1a: Coalossal\n|\n|-weather|SunnyDay|[upkeep]\n|upkeep\n|inactive|Time left: 300 sec this turn | 300 sec total | 5 sec grace\n|\n|t:|1783560696\n|switch|p1a: Lurantis|Lurantis, L87, F|264/264\n|turn|7\n|inactive|Time left: 300 sec this turn | 300 sec total\n|\n|t:|1783560697\n|-terastallize|p1a: Lurantis|Fighting\n|move|p1a: Lurantis|Superpower|p2a: Torkoal\n|-damage|p2a: Torkoal|25/100\n|-boost|p1a: Lurantis|atk|1\n|-boost|p1a: Lurantis|def|1\n|move|p2a: Torkoal|Lava Plume|p1a: Lurantis\n|-damage|p1a: Lurantis|150/264\n|\n|-weather|SunnyDay|[upkeep]\n|-heal|p1a: Lurantis|166/264|[from] item: Leftovers\n|upkeep\n|turn|8\n|inactive|Time left: 300 sec this turn | 300 sec total\n|\n|t:|1783560698\n|switch|p2a: Metagross|Metagross, L79|100/100\n|move|p1a: Lurantis|Superpower|p2a: Metagross\n|-crit|p2a: Metagross\n|-damage|p2a: Metagross|0 fnt\n|-boost|p1a: Lurantis|atk|1\n|-boost|p1a: Lurantis|def|1\n|faint|p2a: Metagross\n|\n|-weather|SunnyDay|[upkeep]\n|-heal|p1a: Lurantis|182/264|[from] item: Leftovers\n|upkeep\n|\n|t:|1783560698\n|switch|p2a: Torkoal|Torkoal, L88, M|25/100\n|turn|9\n|inactive|Time left: 300 sec this turn | 300 sec total\n|\n|t:|1783560699\n|move|p1a: Lurantis|Superpower|p2a: Torkoal\n|-damage|p2a: Torkoal|0 fnt\n|-boost|p1a: Lurantis|atk|1\n|-boost|p1a: Lurantis|def|1\n|faint|p2a: Torkoal\n|\n|-weather|SunnyDay|[upkeep]\n|-heal|p1a: Lurantis|198/264|[from] item: Leftovers\n|upkeep\n|\n|t:|1783560700\n|switch|p2a: Krookodile|Krookodile, L79, M|100/100\n|-ability|p2a: Krookodile|Intimidate|boost\n|-boost|p1a: Lurantis|atk|1\n|turn|10\n|inactive|Time left: 300 sec this turn | 300 sec total\n|\n|t:|1783560701\n|-terastallize|p2a: Krookodile|Poison\n|move|p2a: Krookodile|Bulk Up|p2a: Krookodile\n|-boost|p2a: Krookodile|atk|1\n|-boost|p2a: Krookodile|def|1\n|move|p1a: Lurantis|Superpower|p2a: Krookodile\n|-resisted|p2a: Krookodile\n|-crit|p2a: Krookodile\n|-damage|p2a: Krookodile|0 fnt\n|-boost|p1a: Lurantis|atk|1\n|-boost|p1a: Lurantis|def|1\n|faint|p2a: Krookodile\n|\n|-weather|none\n|-heal|p1a: Lurantis|214/264|[from] item: Leftovers\n|upkeep\n|\n|t:|1783560702\n|switch|p2a: Palafin|Palafin, L77, F|100/100\n|turn|11\n|inactive|Time left: 300 sec this turn | 300 sec total\n|\n|t:|1783560703\n|move|p2a: Palafin|Jet Punch|p1a: Lurantis\n|-damage|p1a: Lurantis|199/264\n|move|p1a: Lurantis|Superpower|p2a: Palafin\n|-damage|p2a: Palafin|0 fnt\n|-boost|p1a: Lurantis|atk|1\n|-boost|p1a: Lurantis|def|1\n|faint|p2a: Palafin\n|\n|-heal|p1a: Lurantis|215/264|[from] item: Leftovers\n|upkeep\n|\n|t:|1783560704\n|switch|p2a: Klawf|Klawf, L90, M|100/100\n|turn|12\n|inactive|Time left: 300 sec this turn | 300 sec total\n|\n|t:|1783560705\n|move|p2a: Klawf|Knock Off|p1a: Lurantis\n|-resisted|p1a: Lurantis\n|-damage|p1a: Lurantis|198/264\n|-enditem|p1a: Lurantis|Leftovers|[from] move: Knock Off|[of] p2a: Klawf\n|move|p1a: Lurantis|Superpower|p2a: Klawf\n|-supereffective|p2a: Klawf\n|-damage|p2a: Klawf|0 fnt\n|-boost|p1a: Lurantis|def|1\n|faint|p2a: Klawf\n|\n|win|p0x178567e5", "uploadtime": 1783560705, "views": 0, "rating": 0, "private": 0, "password": null, "_winner": "p0x178567e5", "_our_name": "p0x178567e5"}