{"id": "battle-gen9randombattle-157", "formatid": "gen9randombattle", "format": "[Gen 9] Random Battle", "players": ["p0x15710e2", "p0y15706f2"], "log": "|init|battle\n|title|p0x15710e2 vs. p0y15706f2\n|j|\u2606p0x15710e2\n|j|\u2606p0y15706f2\n|t:|1783540966\n|gametype|singles\n|player|p1|p0x15710e2|1|\n|player|p2|p0y15706f2|1|\n|gen|9\n|tier|[Gen 9] Random Battle\n|rule|Species Clause: Limit one of each Pok\u00e9mon\n|rule|HP Percentage Mod: HP is shown in percentages\n|rule|Sleep Clause Mod: Limit one foe put to sleep\n|rule|Illusion Level Mod: Illusion disguises the Pok\u00e9mon's true level\n|\n|t:|1783540966\n|teamsize|p1|6\n|teamsize|p2|6\n|start\n|switch|p1a: Stonjourner|Stonjourner, L91, F|330/330\n|switch|p2a: Maushold|Maushold-Four, L76|100/100\n|turn|1\n|inactive|Battle timer is ON: inactive players will automatically lose when time's up. (requested by p0x15710e2)\n|inactive|p0y15706f2 also wants the timer to be on.\n|\n|t:|1783540968\n|switch|p2a: Necrozma|Necrozma-Dawn-Wings, L76|100/100\n|move|p1a: Stonjourner|Stone Edge|p2a: Necrozma|[miss]\n|-miss|p1a: Stonjourner|p2a: Necrozma\n|\n|upkeep\n|turn|2\n|inactive|Time left: 300 sec this turn | 300 sec total\n|\n|t:|1783540969\n|move|p1a: Stonjourner|Stone Edge|p2a: Necrozma\n|-damage|p2a: Necrozma|35/100\n|-damage|p1a: Stonjourner|297/330|[from] item: Life Orb\n|move|p2a: Necrozma|Moongeist Beam|p1a: Stonjourner\n|-damage|p1a: Stonjourner|30/330\n|\n|-heal|p2a: Necrozma|41/100|[from] item: Leftovers\n|upkeep\n|turn|3\n|inactive|Time left: 300 sec this turn | 300 sec total\n|\n|t:|1783540970\n|move|p1a: Stonjourner|Earthquake|p2a: Necrozma\n|-damage|p2a: Necrozma|0 fnt\n|faint|p2a: Necrozma\n|-damage|p1a: Stonjourner|0 fnt|[from] item: Life Orb\n|faint|p1a: Stonjourner\n|\n|upkeep\n|inactive|Time left: 300 sec this turn | 300 sec total | 5 sec grace\n|\n|t:|1783540971\n|switch|p1a: Samurott|Samurott, L88, M|310/310\n|switch|p2a: Swampert|Swampert, L83, F|100/100\n|turn|4\n|inactive|Time left: 300 sec this turn | 300 sec total\n|\n|t:|1783540973\n|move|p1a: Samurott|Swords Dance|p1a: Samurott\n|-boost|p1a: Samurott|atk|2\n|move|p2a: Swampert|Knock Off|p1a: Samurott\n|-damage|p1a: Samurott|238/310\n|-enditem|p1a: Samurott|Life Orb|[from] move: Knock Off|[of] p2a: Swampert\n|\n|upkeep\n|turn|5\n|inactive|Time left: 300 sec this turn | 300 sec total\n|\n|t:|1783540974\n|move|p1a: Samurott|Liquidation|p2a: Swampert\n|-damage|p2a: Swampert|31/100\n|move|p2a: Swampert|Flip Turn|p1a: Samurott\n|-resisted|p1a: Samurott\n|-damage|p1a: Samurott|190/310\n|\n|t:|1783540975\n|switch|p2a: Maushold|Maushold-Four, L76|100/100|[from] Flip Turn\n|\n|upkeep\n|turn|6\n|inactive|Time left: 300 sec this turn | 300 sec total\n|\n|t:|1783540977\n|switch|p1a: Lunala|Lunala, L70|308/308\n|move|p2a: Maushold|Population Bomb|p1a: Lunala\n|-immune|p1a: Lunala\n|\n|upkeep\n|turn|7\n|inactive|Time left: 300 sec this turn | 300 sec total\n|\n|t:|1783540978\n|move|p2a: Maushold|Tidy Up|p2a: Maushold\n|-boost|p2a: Maushold|atk|1\n|-boost|p2a: Maushold|spe|1\n|move|p1a: Lunala|Calm Mind|p1a: Lunala\n|-boost|p1a: Lunala|spa|1\n|-boost|p1a: Lunala|spd|1\n|\n|upkeep\n|turn|8\n|inactive|Time left: 300 sec this turn | 300 sec total\n|\n|t:|1783540979\n|move|p2a: Maushold|Encore|p1a: Lunala\n|-start|p1a: Lunala|Encore\n|move|p1a: Lunala|Calm Mind|p1a: Lunala\n|-boost|p1a: Lunala|spa|1\n|-boost|p1a: Lunala|spd|1\n|\n|upkeep\n|turn|9\n|inactive|Time left: 300 sec this turn | 300 sec total\n|\n|t:|1783540980\n|move|p2a: Maushold|Bite|p1a: Lunala\n|-supereffective|p1a: Lunala\n|-damage|p1a: Lunala|158/308\n|cant|p1a: Lunala|flinch\n|\n|-heal|p1a: Lunala|177/308|[from] item: Leftovers\n|upkeep\n|turn|10\n|inactive|Time left: 300 sec this turn | 300 sec total\n|\n|t:|1783540981\n|move|p2a: Maushold|Bite|p1a: Lunala\n|-supereffective|p1a: Lunala\n|-damage|p1a: Lunala|0 fnt\n|faint|p1a: Lunala\n|\n|upkeep\n|inactive|Time left: 300 sec this turn | 300 sec total | 5 sec grace\n|\n|t:|1783540982\n|switch|p1a: Metagross|Metagross, L79|256/256\n|turn|11\n|inactive|Time left: 300 sec this turn | 300 sec total\n|\n|t:|1783540983\n|move|p2a: Maushold|Bite|p1a: Metagross\n|-supereffective|p1a: Metagross\n|-damage|p1a: Metagross|158/256\n|-enditem|p1a: Metagross|Weakness Policy\n|-boost|p1a: Metagross|atk|2|[from] item: Weakness Policy\n|-boost|p1a: Metagross|spa|2|[from] item: Weakness Policy\n|cant|p1a: Metagross|flinch\n|\n|upkeep\n|turn|12\n|inactive|Time left: 300 sec this turn | 300 sec total\n|\n|t:|1783540984\n|-terastallize|p2a: Maushold|Normal\n|move|p2a: Maushold|Population Bomb|p1a: Metagross\n|-resisted|p1a: Metagross\n|-damage|p1a: Metagross|141/256\n|-resisted|p1a: Metagross\n|-damage|p1a: Metagross|122/256\n|-resisted|p1a: Metagross\n|-damage|p1a: Metagross|105/256\n|-resisted|p1a: Metagross\n|-damage|p1a: Metagross|88/256\n|-resisted|p1a: Metagross\n|-damage|p1a: Metagross|69/256\n|-resisted|p1a: Metagross\n|-crit|p1a: Metagross\n|-damage|p1a: Metagross|40/256\n|-resisted|p1a: Metagross\n|-damage|p1a: Metagross|20/256\n|-resisted|p1a: Metagross\n|-damage|p1a: Metagross|0 fnt\n|faint|p1a: Metagross\n|-hitcount|p1: Metagross|8\n|\n|upkeep\n|inactive|Time left: 300 sec this turn | 300 sec total | 5 sec grace\n|\n|t:|1783540984\n|switch|p1a: Samurott|Samurott, L88, M|190/310\n|turn|13\n|inactive|Time left: 300 sec this turn | 300 sec total\n|\n|t:|1783540985\n|move|p2a: Maushold|Population Bomb|p1a: Samurott\n|-damage|p1a: Samurott|148/310\n|-damage|p1a: Samurott|102/310\n|-damage|p1a: Samurott|56/310\n|-damage|p1a: Samurott|14/310\n|-damage|p1a: Samurott|0 fnt\n|faint|p1a: Samurott\n|-hitcount|p1: Samurott|5\n|\n|upkeep\n|inactive|Time left: 300 sec this turn | 300 sec total | 5 sec grace\n|\n|t:|1783540986\n|switch|p1a: Shiftry|Shiftry, L89, M|305/305\n|turn|14\n|inactive|Time left: 300 sec this turn | 300 sec total\n|\n|t:|1783540986\n|move|p2a: Maushold|Population Bomb|p1a: Shiftry\n|-damage|p1a: Shiftry|245/305\n|-crit|p1a: Shiftry\n|-damage|p1a: Shiftry|165/305\n|-damage|p1a: Shiftry|111/305\n|-damage|p1a: Shiftry|51/305\n|-damage|p1a: Shiftry|0 fnt\n|faint|p1a: Shiftry\n|-hitcount|p1: Shiftry|5\n|\n|upkeep\n|inactive|Time left: 300 sec this turn | 300 sec total | 5 sec grace\n|\n|t:|1783540987\n|switch|p1a: Crabominable|Crabominable, L90, M|321/321\n|turn|15\n|inactive|Time left: 300 sec this turn | 300 sec total\n|\n|t:|1783540987\n|move|p2a: Maushold|Population Bomb|p1a: Crabominable\n|-damage|p1a: Crabominable|277/321\n|-damage|p1a: Crabominable|233/321\n|-damage|p1a: Crabominable|187/321\n|-damage|p1a: Crabominable|141/321\n|-damage|p1a: Crabominable|97/321\n|-damage|p1a: Crabominable|51/321\n|-damage|p1a: Crabominable|1/321\n|-damage|p1a: Crabominable|0 fnt\n|faint|p1a: Crabominable\n|-hitcount|p1: Crabominable|8\n|\n|win|p0y15706f2", "uploadtime": 1783540987, "views": 0, "rating": 0, "private": 0, "password": null, "_winner": "p0y15706f2", "_our_name": "p0x15710e2"}