{"id": "battle-gen9randombattle-921", "formatid": "gen9randombattle", "format": "[Gen 9] Random Battle", "players": ["p0x92190bd", "p0y921f3c1"], "log": "|init|battle\n|title|p0x92190bd vs. p0y921f3c1\n|j|\u2606p0x92190bd\n|j|\u2606p0y921f3c1\n|t:|1783550565\n|gametype|singles\n|player|p1|p0x92190bd|169|\n|player|p2|p0y921f3c1|1|\n|gen|9\n|tier|[Gen 9] Random Battle\n|rule|Species Clause: Limit one of each Pok\u00e9mon\n|rule|HP Percentage Mod: HP is shown in percentages\n|rule|Sleep Clause Mod: Limit one foe put to sleep\n|rule|Illusion Level Mod: Illusion disguises the Pok\u00e9mon's true level\n|\n|t:|1783550565\n|teamsize|p1|6\n|teamsize|p2|6\n|start\n|switch|p1a: Tsareena|Tsareena, L87, F|267/267\n|switch|p2a: Mightyena|Mightyena, L96, M|100/100\n|-ability|p2a: Mightyena|Intimidate|boost\n|-unboost|p1a: Tsareena|atk|1\n|turn|1\n|inactive|Battle timer is ON: inactive players will automatically lose when time's up. (requested by p0x92190bd)\n|inactive|p0y921f3c1 also wants the timer to be on.\n|\n|t:|1783550566\n|move|p1a: Tsareena|U-turn|p2a: Mightyena\n|-supereffective|p2a: Mightyena\n|-damage|p2a: Mightyena|73/100\n|inactive|Time left: 300 sec this turn | 300 sec total | 65 sec grace\n|\n|t:|1783550568\n|switch|p1a: Sandy Shocks|Sandy Shocks, L80|267/267|[from] U-turn\n|move|p2a: Mightyena|Throat Chop|p1a: Sandy Shocks\n|-damage|p1a: Sandy Shocks|162/267\n|-start|p1a: Sandy Shocks|Throat Chop|[silent]\n|\n|upkeep\n|turn|2\n|inactive|Time left: 300 sec this turn | 300 sec total\n|\n|t:|1783550569\n|move|p1a: Sandy Shocks|Stealth Rock|p2a: Mightyena\n|-sidestart|p2: p0y921f3c1|move: Stealth Rock\n|move|p2a: Mightyena|Throat Chop|p1a: Sandy Shocks\n|-damage|p1a: Sandy Shocks|63/267\n|\n|-end|p1a: Sandy Shocks|Throat Chop|[silent]\n|upkeep\n|turn|3\n|inactive|Time left: 300 sec this turn | 300 sec total\n|\n|t:|1783550571\n|move|p1a: Sandy Shocks|Thunderbolt|p2a: Mightyena\n|-damage|p2a: Mightyena|44/100\n|move|p2a: Mightyena|Throat Chop|p1a: Sandy Shocks\n|-damage|p1a: Sandy Shocks|0 fnt\n|faint|p1a: Sandy Shocks\n|-end|p1a: Sandy Shocks|Protosynthesis|[silent]\n|\n|upkeep\n|inactive|Time left: 300 sec this turn | 300 sec total | 5 sec grace\n|\n|t:|1783550572\n|switch|p1a: Tsareena|Tsareena, L87, F|267/267\n|turn|4\n|inactive|Time left: 300 sec this turn | 300 sec total\n|\n|t:|1783550573\n|switch|p2a: Zapdos|Zapdos, L78|100/100\n|move|p1a: Tsareena|Power Whip|p2a: Zapdos\n|-resisted|p2a: Zapdos\n|-damage|p2a: Zapdos|66/100\n|\n|upkeep\n|turn|5\n|inactive|Time left: 300 sec this turn | 300 sec total\n|\n|t:|1783550574\n|switch|p1a: Jolteon|Jolteon, L84, F|246/246\n|move|p2a: Zapdos|Hurricane|p1a: Jolteon\n|-resisted|p1a: Jolteon\n|-damage|p1a: Jolteon|186/246\n|\n|upkeep\n|turn|6\n|inactive|Time left: 300 sec this turn | 300 sec total\n|\n|t:|1783550575\n|move|p1a: Jolteon|Calm Mind|p1a: Jolteon\n|-boost|p1a: Jolteon|spa|1\n|-boost|p1a: Jolteon|spd|1\n|move|p2a: Zapdos|Roost|p2a: Zapdos\n|-heal|p2a: Zapdos|100/100\n|-singleturn|p2a: Zapdos|move: Roost\n|\n|upkeep\n|turn|7\n|inactive|Time left: 300 sec this turn | 300 sec total\n|\n|t:|1783550576\n|move|p1a: Jolteon|Thunderbolt|p2a: Zapdos\n|-damage|p2a: Zapdos|19/100\n|-damage|p1a: Jolteon|162/246|[from] item: Life Orb\n|move|p2a: Zapdos|Roost|p2a: Zapdos\n|-heal|p2a: Zapdos|69/100\n|-singleturn|p2a: Zapdos|move: Roost\n|\n|upkeep\n|turn|8\n|inactive|Time left: 300 sec this turn | 300 sec total\n|\n|t:|1783550577\n|switch|p2a: Mightyena|Mightyena, L96, M|44/100\n|-damage|p2a: Mightyena|32/100|[from] Stealth Rock\n|-ability|p2a: Mightyena|Intimidate|boost\n|-unboost|p1a: Jolteon|atk|1\n|move|p1a: Jolteon|Thunderbolt|p2a: Mightyena\n|-damage|p2a: Mightyena|0 fnt\n|faint|p2a: Mightyena\n|-damage|p1a: Jolteon|138/246|[from] item: Life Orb\n|\n|upkeep\n|\n|t:|1783550578\n|switch|p2a: Solgaleo|Solgaleo, L74|100/100\n|-damage|p2a: Solgaleo|94/100|[from] Stealth Rock\n|turn|9\n|inactive|Time left: 300 sec this turn | 300 sec total\n|\n|t:|1783550579\n|move|p1a: Jolteon|Thunderbolt|p2a: Solgaleo\n|-damage|p2a: Solgaleo|21/100\n|-damage|p1a: Jolteon|114/246|[from] item: Life Orb\n|move|p2a: Solgaleo|Flame Charge|p1a: Jolteon\n|-damage|p1a: Jolteon|63/246\n|-boost|p2a: Solgaleo|spe|1\n|\n|upkeep\n|turn|10\n|inactive|Time left: 300 sec this turn | 300 sec total\n|\n|t:|1783550581\n|switch|p1a: Malamar|Malamar, L82, M|275/275\n|move|p2a: Solgaleo|Sunsteel Strike|p1a: Malamar\n|-damage|p1a: Malamar|163/275\n|\n|upkeep\n|turn|11\n|inactive|Time left: 300 sec this turn | 300 sec total\n|\n|t:|1783550582\n|move|p2a: Solgaleo|Sunsteel Strike|p1a: Malamar\n|-damage|p1a: Malamar|55/275\n|move|p1a: Malamar|Superpower|p2a: Solgaleo\n|-damage|p2a: Solgaleo|0 fnt\n|-boost|p1a: Malamar|atk|1\n|-boost|p1a: Malamar|def|1\n|faint|p2a: Solgaleo\n|\n|upkeep\n|\n|t:|1783550583\n|switch|p2a: Zapdos|Zapdos, L78|69/100\n|turn|12\n|inactive|Time left: 300 sec this turn | 300 sec total\n|\n|t:|1783550584\n|switch|p1a: Jolteon|Jolteon, L84, F|63/246\n|move|p2a: Zapdos|Heat Wave|p1a: Jolteon\n|-damage|p1a: Jolteon|0 fnt\n|faint|p1a: Jolteon\n|\n|upkeep\n|inactive|Time left: 300 sec this turn | 300 sec total | 5 sec grace\n|\n|t:|1783550585\n|switch|p1a: Tsareena|Tsareena, L87, F|267/267\n|turn|13\n|inactive|Time left: 300 sec this turn | 300 sec total\n|\n|t:|1783550586\n|move|p1a: Tsareena|Triple Axel|p2a: Zapdos\n|-supereffective|p2a: Zapdos\n|-damage|p2a: Zapdos|54/100\n|-supereffective|p2a: Zapdos\n|-damage|p2a: Zapdos|27/100\n|-status|p1a: Tsareena|par|[from] ability: Static|[of] p2a: Zapdos\n|-supereffective|p2a: Zapdos\n|-damage|p2a: Zapdos|0 fnt\n|faint|p2a: Zapdos\n|-hitcount|p2: Zapdos|3\n|\n|upkeep\n|\n|t:|1783550587\n|switch|p2a: Cloyster|Cloyster, L80, F|100/100\n|-damage|p2a: Cloyster|76/100|[from] Stealth Rock\n|turn|14\n|inactive|Time left: 300 sec this turn | 300 sec total\n|\n|t:|1783550588\n|switch|p1a: Annihilape|Annihilape, L76, M|292/292\n|move|p2a: Cloyster|Shell Smash|p2a: Cloyster\n|-unboost|p2a: Cloyster|def|1\n|-unboost|p2a: Cloyster|spd|1\n|-boost|p2a: Cloyster|atk|2\n|-boost|p2a: Cloyster|spa|2\n|-boost|p2a: Cloyster|spe|2\n|-enditem|p2a: Cloyster|White Herb\n|-clearnegativeboost|p2a: Cloyster|[silent]\n|\n|upkeep\n|turn|15\n|inactive|Time left: 300 sec this turn | 300 sec total\n|\n|t:|1783550589\n|move|p2a: Cloyster|Icicle Spear|p1a: Annihilape\n|-damage|p1a: Annihilape|235/292\n|-damage|p1a: Annihilape|181/292\n|-damage|p1a: Annihilape|124/292\n|-damage|p1a: Annihilape|67/292\n|-damage|p1a: Annihilape|13/292\n|-hitcount|p1a: Annihilape|5\n|move|p1a: Annihilape|Drain Punch|p2a: Cloyster\n|-supereffective|p2a: Cloyster\n|-damage|p2a: Cloyster|35/100\n|-heal|p1a: Annihilape|56/292|[from] drain|[of] p2a: Cloyster\n|\n|upkeep\n|turn|16\n|inactive|Time left: 300 sec this turn | 300 sec total\n|\n|t:|1783550590\n|move|p2a: Cloyster|Icicle Spear|p1a: Annihilape\n|-damage|p1a: Annihilape|0 fnt\n|faint|p1a: Annihilape\n|-hitcount|p1: Annihilape|1\n|\n|upkeep\n|inactive|Time left: 300 sec this turn | 300 sec total | 5 sec grace\n|\n|t:|1783550591\n|switch|p1a: Tsareena|Tsareena, L87, F|267/267 par\n|turn|17\n|inactive|Time left: 300 sec this turn | 300 sec total\n|\n|t:|1783550592\n|-terastallize|p1a: Tsareena|Steel\n|move|p2a: Cloyster|Icicle Spear|p1a: Tsareena\n|-resisted|p1a: Tsareena\n|-damage|p1a: Tsareena|246/267 par\n|-resisted|p1a: Tsareena\n|-damage|p1a: Tsareena|224/267 par\n|-resisted|p1a: Tsareena\n|-damage|p1a: Tsareena|200/267 par\n|-resisted|p1a: Tsareena\n|-damage|p1a: Tsareena|178/267 par\n|-resisted|p1a: Tsareena\n|-damage|p1a: Tsareena|156/267 par\n|-hitcount|p1a: Tsareena|5\n|cant|p1a: Tsareena|par\n|\n|upkeep\n|turn|18\n|inactive|Time left: 300 sec this turn | 300 sec total\n|\n|t:|1783550593\n|move|p2a: Cloyster|Icicle Spear|p1a: Tsareena\n|-resisted|p1a: Tsareena\n|-damage|p1a: Tsareena|133/267 par\n|-resisted|p1a: Tsareena\n|-crit|p1a: Tsareena\n|-damage|p1a: Tsareena|100/267 par\n|-resisted|p1a: Tsareena\n|-damage|p1a: Tsareena|79/267 par\n|-resisted|p1a: Tsareena\n|-damage|p1a: Tsareena|58/267 par\n|-resisted|p1a: Tsareena\n|-damage|p1a: Tsareena|38/267 par\n|-hitcount|p1a: Tsareena|5\n|cant|p1a: Tsareena|par\n|\n|upkeep\n|turn|19\n|inactive|Time left: 300 sec this turn | 300 sec total\n|\n|t:|1783550595\n|move|p2a: Cloyster|Icicle Spear|p1a: Tsareena\n|-resisted|p1a: Tsareena\n|-damage|p1a: Tsareena|15/267 par\n|-resisted|p1a: Tsareena\n|-damage|p1a: Tsareena|0 fnt\n|faint|p1a: Tsareena\n|-hitcount|p1: Tsareena|2\n|\n|upkeep\n|inactive|Time left: 300 sec this turn | 300 sec total | 5 sec grace\n|\n|t:|1783550596\n|switch|p1a: Malamar|Malamar, L82, M|55/275\n|turn|20\n|inactive|Time left: 300 sec this turn | 300 sec total\n|\n|t:|1783550597\n|-terastallize|p2a: Cloyster|Ground\n|move|p2a: Cloyster|Icicle Spear|p1a: Malamar\n|-damage|p1a: Malamar|6/275\n|-damage|p1a: Malamar|0 fnt\n|faint|p1a: Malamar\n|-hitcount|p1: Malamar|2\n|\n|upkeep\n|inactive|Time left: 300 sec this turn | 300 sec total | 5 sec grace\n|\n|t:|1783550597\n|switch|p1a: Trevenant|Trevenant, L89, F|296/296\n|turn|21\n|inactive|Time left: 300 sec this turn | 300 sec total\n|\n|t:|1783550598\n|move|p1a: Trevenant|Protect|p1a: Trevenant\n|-singleturn|p1a: Trevenant|Protect\n|move|p2a: Cloyster|Icicle Spear|p1a: Trevenant\n|-activate|p1a: Trevenant|move: Protect\n|\n|upkeep\n|turn|22\n|inactive|Time left: 300 sec this turn | 300 sec total\n|\n|t:|1783550599\n|move|p1a: Trevenant|Protect||[still]\n|-fail|p1a: Trevenant\n|move|p2a: Cloyster|Icicle Spear|p1a: Trevenant\n|-supereffective|p1a: Trevenant\n|-damage|p1a: Trevenant|200/296\n|-supereffective|p1a: Trevenant\n|-damage|p1a: Trevenant|102/296\n|-enditem|p1a: Trevenant|Sitrus Berry|[eat]\n|-heal|p1a: Trevenant|176/296|[from] item: Sitrus Berry\n|-supereffective|p1a: Trevenant\n|-damage|p1a: Trevenant|68/296\n|-supereffective|p1a: Trevenant\n|-damage|p1a: Trevenant|0 fnt\n|faint|p1a: Trevenant\n|-hitcount|p1: Trevenant|4\n|\n|win|p0y921f3c1", "uploadtime": 1783550599, "views": 0, "rating": 0, "private": 0, "password": null, "_winner": "p0y921f3c1", "_our_name": "p0x92190bd"}