{"id": "battle-gen9randombattle-2443", "formatid": "gen9randombattle", "format": "[Gen 9] Random Battle", "players": ["p0x24432e63", "p0y2443e5f9"], "log": "|init|battle\n|title|p0x24432e63 vs. p0y2443e5f9\n|j|\u2606p0x24432e63\n|j|\u2606p0y2443e5f9\n|t:|1783567346\n|gametype|singles\n|player|p1|p0x24432e63|170|\n|player|p2|p0y2443e5f9|169|\n|gen|9\n|tier|[Gen 9] Random Battle\n|rule|Species Clause: Limit one of each Pok\u00e9mon\n|rule|HP Percentage Mod: HP is shown in percentages\n|rule|Sleep Clause Mod: Limit one foe put to sleep\n|rule|Illusion Level Mod: Illusion disguises the Pok\u00e9mon's true level\n|\n|t:|1783567346\n|teamsize|p1|6\n|teamsize|p2|6\n|start\n|switch|p1a: Gurdurr|Gurdurr, L85, M|283/283\n|switch|p2a: Jolteon|Jolteon, L84, F|100/100\n|turn|1\n|inactive|Battle timer is ON: inactive players will automatically lose when time's up. (requested by p0y2443e5f9)\n|inactive|Time left: 300 sec this turn | 300 sec total | 60 sec grace\n|inactive|p0x24432e63 also wants the timer to be on.\n|\n|t:|1783567347\n|move|p2a: Jolteon|Thunderbolt|p1a: Gurdurr\n|-damage|p1a: Gurdurr|130/283\n|move|p1a: Gurdurr|Drain Punch|p2a: Jolteon\n|-damage|p2a: Jolteon|49/100\n|-heal|p1a: Gurdurr|193/283|[from] drain|[of] p2a: Jolteon\n|\n|upkeep\n|turn|2\n|inactive|Time left: 300 sec this turn | 300 sec total\n|\n|t:|1783567348\n|switch|p1a: Groudon|Groudon, L72|263/263\n|-weather|SunnyDay|[from] ability: Drought|[of] p1a: Groudon\n|move|p2a: Jolteon|Thunderbolt|p1a: Groudon\n|-immune|p1a: Groudon\n|\n|-weather|SunnyDay|[upkeep]\n|upkeep\n|turn|3\n|inactive|Time left: 300 sec this turn | 300 sec total\n|\n|t:|1783567349\n|switch|p2a: Vaporeon|Vaporeon, L86, M|100/100\n|move|p1a: Groudon|Swords Dance|p1a: Groudon\n|-boost|p1a: Groudon|atk|2\n|\n|-weather|SunnyDay|[upkeep]\n|upkeep\n|turn|4\n|inactive|Time left: 300 sec this turn | 300 sec total\n|\n|t:|1783567350\n|move|p1a: Groudon|Precipice Blades|p2a: Vaporeon\n|-damage|p2a: Vaporeon|7/100\n|move|p2a: Vaporeon|Scald|p1a: Groudon\n|-supereffective|p1a: Groudon\n|-damage|p1a: Groudon|155/263\n|\n|-weather|SunnyDay|[upkeep]\n|-heal|p1a: Groudon|171/263|[from] item: Leftovers\n|-heal|p2a: Vaporeon|13/100|[from] item: Leftovers\n|upkeep\n|turn|5\n|inactive|Time left: 300 sec this turn | 300 sec total\n|\n|t:|1783567351\n|move|p1a: Groudon|Heat Crash|p2a: Vaporeon\n|-resisted|p2a: Vaporeon\n|-damage|p2a: Vaporeon|0 fnt\n|faint|p2a: Vaporeon\n|\n|-weather|SunnyDay|[upkeep]\n|-heal|p1a: Groudon|187/263|[from] item: Leftovers\n|upkeep\n|\n|t:|1783567352\n|switch|p2a: Toedscruel|Toedscruel, L87, M|100/100\n|turn|6\n|inactive|Time left: 300 sec this turn | 300 sec total\n|\n|t:|1783567354\n|move|p2a: Toedscruel|Leaf Storm|p1a: Groudon\n|-supereffective|p1a: Groudon\n|-damage|p1a: Groudon|0 fnt\n|-unboost|p2a: Toedscruel|spa|2\n|faint|p1a: Groudon\n|\n|-weather|none\n|upkeep\n|inactive|Time left: 300 sec this turn | 300 sec total | 5 sec grace\n|\n|t:|1783567355\n|switch|p1a: Dewgong|Dewgong, L94, F|322/322\n|turn|7\n|inactive|Time left: 300 sec this turn | 300 sec total\n|\n|t:|1783567356\n|move|p1a: Dewgong|Triple Axel|p2a: Toedscruel|[miss]\n|-miss|p1a: Dewgong|p2a: Toedscruel\n|move|p2a: Toedscruel|Spore|p1a: Dewgong\n|-status|p1a: Dewgong|slp|[from] move: Spore\n|\n|upkeep\n|turn|8\n|inactive|Time left: 300 sec this turn | 300 sec total\n|\n|t:|1783567356\n|switch|p2a: Drifblim|Drifblim, L86, M|100/100\n|switch|p1a: Perrserker|Perrserker, L89, F|269/269\n|\n|upkeep\n|turn|9\n|inactive|Time left: 300 sec this turn | 300 sec total\n|\n|t:|1783567357\n|move|p2a: Drifblim|Air Slash|p1a: Perrserker\n|-resisted|p1a: Perrserker\n|-damage|p1a: Perrserker|218/269\n|cant|p1a: Perrserker|flinch\n|\n|upkeep\n|turn|10\n|inactive|Time left: 300 sec this turn | 300 sec total\n|\n|t:|1783567358\n|move|p2a: Drifblim|Air Slash|p1a: Perrserker\n|-resisted|p1a: Perrserker\n|-crit|p1a: Perrserker\n|-damage|p1a: Perrserker|139/269\n|move|p1a: Perrserker|Knock Off|p2a: Drifblim\n|-supereffective|p2a: Drifblim\n|-damage|p2a: Drifblim|0 fnt\n|-enditem|p2a: Drifblim|Sitrus Berry|[from] move: Knock Off|[of] p1a: Perrserker\n|faint|p2a: Drifblim\n|-damage|p1a: Perrserker|113/269|[from] item: Life Orb\n|\n|upkeep\n|\n|t:|1783567359\n|switch|p2a: Jolteon|Jolteon, L84, F|49/100\n|turn|11\n|inactive|Time left: 300 sec this turn | 300 sec total\n|\n|t:|1783567360\n|switch|p1a: Umbreon|Umbreon, L84, M|297/297\n|move|p2a: Jolteon|Thunderbolt|p1a: Umbreon\n|-damage|p1a: Umbreon|179/297\n|\n|-heal|p1a: Umbreon|197/297|[from] item: Leftovers\n|upkeep\n|turn|12\n|inactive|Time left: 300 sec this turn | 300 sec total\n|\n|t:|1783567361\n|move|p1a: Umbreon|Protect|p1a: Umbreon\n|-singleturn|p1a: Umbreon|Protect\n|move|p2a: Jolteon|Thunderbolt|p1a: Umbreon\n|-activate|p1a: Umbreon|move: Protect\n|\n|-heal|p1a: Umbreon|215/297|[from] item: Leftovers\n|upkeep\n|turn|13\n|inactive|Time left: 300 sec this turn | 300 sec total\n|\n|t:|1783567362\n|move|p2a: Jolteon|Thunderbolt|p1a: Umbreon\n|-damage|p1a: Umbreon|104/297\n|move|p1a: Umbreon|Foul Play|p2a: Jolteon\n|-damage|p2a: Jolteon|21/100\n|\n|-heal|p1a: Umbreon|122/297|[from] item: Leftovers\n|upkeep\n|turn|14\n|inactive|Time left: 300 sec this turn | 300 sec total\n|\n|t:|1783567363\n|move|p1a: Umbreon|Protect|p1a: Umbreon\n|-singleturn|p1a: Umbreon|Protect\n|move|p2a: Jolteon|Thunderbolt|p1a: Umbreon\n|-activate|p1a: Umbreon|move: Protect\n|\n|-heal|p1a: Umbreon|140/297|[from] item: Leftovers\n|upkeep\n|turn|15\n|inactive|Time left: 300 sec this turn | 300 sec total\n|\n|t:|1783567364\n|move|p2a: Jolteon|Thunderbolt|p1a: Umbreon\n|-damage|p1a: Umbreon|31/297\n|-status|p1a: Umbreon|par\n|-activate|p1a: Umbreon|ability: Synchronize\n|-immune|p2a: Jolteon\n|move|p1a: Umbreon|Foul Play|p2a: Jolteon\n|-damage|p2a: Jolteon|0 fnt\n|faint|p2a: Jolteon\n|\n|-heal|p1a: Umbreon|49/297 par|[from] item: Leftovers\n|upkeep\n|\n|t:|1783567365\n|switch|p2a: Spiritomb|Spiritomb, L89, F|100/100\n|turn|16\n|inactive|Time left: 300 sec this turn | 300 sec total\n|\n|t:|1783567366\n|move|p2a: Spiritomb|Poltergeist|p1a: Umbreon\n|-activate|p1a: Umbreon|move: Poltergeist|Leftovers\n|-resisted|p1a: Umbreon\n|-damage|p1a: Umbreon|0 fnt\n|faint|p1a: Umbreon\n|\n|upkeep\n|inactive|Time left: 300 sec this turn | 300 sec total | 5 sec grace\n|\n|t:|1783567367\n|switch|p1a: Zamazenta|Zamazenta, L71|248/248\n|-ability|p1a: Zamazenta|Dauntless Shield|boost\n|-boost|p1a: Zamazenta|def|1\n|turn|17\n|inactive|Time left: 300 sec this turn | 300 sec total\n|\n|t:|1783567367\n|move|p1a: Zamazenta|Crunch|p2a: Spiritomb\n|-crit|p2a: Spiritomb\n|-damage|p2a: Spiritomb|65/100\n|move|p2a: Spiritomb|Poltergeist|p1a: Zamazenta\n|-activate|p1a: Zamazenta|move: Poltergeist|Choice Band\n|-crit|p1a: Zamazenta\n|-damage|p1a: Zamazenta|71/248\n|\n|-heal|p2a: Spiritomb|71/100|[from] item: Leftovers\n|upkeep\n|turn|18\n|inactive|Time left: 300 sec this turn | 300 sec total\n|\n|t:|1783567369\n|move|p1a: Zamazenta|Crunch|p2a: Spiritomb\n|-damage|p2a: Spiritomb|45/100\n|move|p2a: Spiritomb|Poltergeist|p1a: Zamazenta\n|-activate|p1a: Zamazenta|move: Poltergeist|Choice Band\n|-damage|p1a: Zamazenta|0 fnt\n|faint|p1a: Zamazenta\n|\n|-heal|p2a: Spiritomb|50/100|[from] item: Leftovers\n|upkeep\n|inactive|Time left: 300 sec this turn | 300 sec total | 5 sec grace\n|\n|t:|1783567370\n|switch|p1a: Perrserker|Perrserker, L89, F|113/269\n|turn|19\n|inactive|Time left: 300 sec this turn | 300 sec total\n|\n|t:|1783567371\n|move|p2a: Spiritomb|Sucker Punch|p1a: Perrserker\n|-damage|p1a: Perrserker|46/269\n|move|p1a: Perrserker|Iron Head|p2a: Spiritomb\n|-damage|p2a: Spiritomb|0 fnt\n|faint|p2a: Spiritomb\n|-damage|p1a: Perrserker|20/269|[from] item: Life Orb\n|\n|upkeep\n|\n|t:|1783567371\n|switch|p2a: Toedscruel|Toedscruel, L87, M|100/100\n|turn|20\n|inactive|Time left: 300 sec this turn | 300 sec total\n|\n|t:|1783567372\n|move|p2a: Toedscruel|Earth Power|p1a: Perrserker\n|-supereffective|p1a: Perrserker\n|-damage|p1a: Perrserker|0 fnt\n|faint|p1a: Perrserker\n|\n|upkeep\n|inactive|Time left: 300 sec this turn | 300 sec total | 5 sec grace\n|\n|t:|1783567373\n|switch|p1a: Gurdurr|Gurdurr, L85, M|193/283\n|turn|21\n|inactive|Time left: 300 sec this turn | 300 sec total\n|\n|t:|1783567374\n|move|p2a: Toedscruel|Earth Power|p1a: Gurdurr\n|-damage|p1a: Gurdurr|109/283\n|move|p1a: Gurdurr|Drain Punch|p2a: Toedscruel\n|-damage|p2a: Toedscruel|64/100\n|-heal|p1a: Gurdurr|160/283|[from] drain|[of] p2a: Toedscruel\n|\n|-heal|p2a: Toedscruel|70/100|[from] item: Leftovers\n|upkeep\n|turn|22\n|inactive|Time left: 300 sec this turn | 300 sec total\n|\n|t:|1783567375\n|move|p2a: Toedscruel|Earth Power|p1a: Gurdurr\n|-damage|p1a: Gurdurr|75/283\n|move|p1a: Gurdurr|Drain Punch|p2a: Toedscruel\n|-crit|p2a: Toedscruel\n|-damage|p2a: Toedscruel|14/100\n|-heal|p1a: Gurdurr|154/283|[from] drain|[of] p2a: Toedscruel\n|\n|-heal|p2a: Toedscruel|20/100|[from] item: Leftovers\n|upkeep\n|turn|23\n|inactive|Time left: 300 sec this turn | 300 sec total\n|\n|t:|1783567376\n|move|p1a: Gurdurr|Mach Punch|p2a: Toedscruel\n|-damage|p2a: Toedscruel|0 fnt\n|faint|p2a: Toedscruel\n|\n|upkeep\n|\n|t:|1783567377\n|switch|p2a: Cyclizar|Cyclizar, L84, M|100/100\n|turn|24\n|inactive|Time left: 300 sec this turn | 300 sec total\n|\n|t:|1783567378\n|-terastallize|p1a: Gurdurr|Steel\n|move|p2a: Cyclizar|Shed Tail|p2a: Cyclizar\n|-fail|p2a: Cyclizar\n|move|p1a: Gurdurr|Drain Punch|p2a: Cyclizar\n|-supereffective|p2a: Cyclizar\n|-damage|p2a: Cyclizar|20/100\n|-heal|p1a: Gurdurr|256/283|[from] drain|[of] p2a: Cyclizar\n|\n|upkeep\n|turn|25\n|inactive|Time left: 300 sec this turn | 300 sec total\n|\n|t:|1783567379\n|-terastallize|p2a: Cyclizar|Dragon\n|move|p2a: Cyclizar|Taunt|p1a: Gurdurr\n|-start|p1a: Gurdurr|move: Taunt\n|move|p1a: Gurdurr|Knock Off|p2a: Cyclizar\n|-damage|p2a: Cyclizar|0 fnt\n|-enditem|p2a: Cyclizar|Heavy-Duty Boots|[from] move: Knock Off|[of] p1a: Gurdurr\n|faint|p2a: Cyclizar\n|\n|win|p0x24432e63", "uploadtime": 1783567379, "views": 0, "rating": 0, "private": 0, "password": null, "_winner": "p0x24432e63", "_our_name": "p0x24432e63"}