{"id": "battle-gen9randombattle-1622", "formatid": "gen9randombattle", "format": "[Gen 9] Random Battle", "players": ["p0x162230dc", "p0y1622f586"], "log": "|init|battle\n|title|p0x162230dc vs. p0y1622f586\n|j|\u2606p0x162230dc\n|j|\u2606p0y1622f586\n|t:|1783558009\n|gametype|singles\n|player|p1|p0x162230dc|101|\n|player|p2|p0y1622f586|1|\n|gen|9\n|tier|[Gen 9] Random Battle\n|rule|Species Clause: Limit one of each Pok\u00e9mon\n|rule|HP Percentage Mod: HP is shown in percentages\n|rule|Sleep Clause Mod: Limit one foe put to sleep\n|rule|Illusion Level Mod: Illusion disguises the Pok\u00e9mon's true level\n|\n|t:|1783558009\n|teamsize|p1|6\n|teamsize|p2|6\n|start\n|switch|p1a: Pawmot|Pawmot, L80, M|100/100\n|switch|p2a: Pincurchin|Pincurchin, M|258/258\n|-fieldstart|move: Electric Terrain|[from] ability: Electric Surge|[of] p2a: Pincurchin\n|turn|1\n|inactive|Battle timer is ON: inactive players will automatically lose when time's up. (requested by p0y1622f586)\n|inactive|p0x162230dc also wants the timer to be on.\n|\n|t:|1783558011\n|move|p1a: Pawmot|Double Shock|p2a: Pincurchin\n|-resisted|p2a: Pincurchin\n|-damage|p2a: Pincurchin|175/258\n|-start|p1a: Pawmot|typechange|???/Fighting|[from] move: Double Shock\n|-damage|p1a: Pawmot|91/100|[from] item: Life Orb\n|move|p2a: Pincurchin|Scald|p1a: Pawmot\n|-damage|p1a: Pawmot|50/100\n|-status|p1a: Pawmot|brn\n|\n|-heal|p2a: Pincurchin|191/258|[from] item: Leftovers\n|-damage|p1a: Pawmot|44/100 brn|[from] brn\n|upkeep\n|turn|2\n|inactive|Time left: 300 sec this turn | 300 sec total\n|\n|t:|1783558012\n|move|p1a: Pawmot|Knock Off|p2a: Pincurchin\n|-damage|p2a: Pincurchin|155/258\n|-enditem|p2a: Pincurchin|Leftovers|[from] move: Knock Off|[of] p1a: Pawmot\n|-damage|p1a: Pawmot|34/100 brn|[from] item: Life Orb\n|move|p2a: Pincurchin|Spikes|p1a: Pawmot\n|-sidestart|p1: p0x162230dc|Spikes\n|\n|-damage|p1a: Pawmot|28/100 brn|[from] brn\n|upkeep\n|turn|3\n|inactive|Time left: 300 sec this turn | 300 sec total\n|\n|t:|1783558013\n|move|p1a: Pawmot|Knock Off|p2a: Pincurchin\n|-damage|p2a: Pincurchin|132/258\n|-damage|p1a: Pawmot|18/100 brn|[from] item: Life Orb\n|move|p2a: Pincurchin|Recover|p2a: Pincurchin\n|-heal|p2a: Pincurchin|258/258\n|\n|-damage|p1a: Pawmot|12/100 brn|[from] brn\n|upkeep\n|turn|4\n|inactive|Time left: 300 sec this turn | 300 sec total\n|\n|t:|1783558014\n|move|p1a: Pawmot|Close Combat|p2a: Pincurchin\n|-damage|p2a: Pincurchin|188/258\n|-unboost|p1a: Pawmot|def|1\n|-unboost|p1a: Pawmot|spd|1\n|-damage|p1a: Pawmot|2/100 brn|[from] item: Life Orb\n|move|p2a: Pincurchin|Spikes|p1a: Pawmot\n|-sidestart|p1: p0x162230dc|Spikes\n|\n|-damage|p1a: Pawmot|0 fnt|[from] brn\n|faint|p1a: Pawmot\n|upkeep\n|\n|t:|1783558015\n|switch|p1a: Dragonite|Dragonite, L74, M|100/100\n|turn|5\n|inactive|Time left: 300 sec this turn | 300 sec total\n|\n|t:|1783558016\n|move|p1a: Dragonite|Outrage|p2a: Pincurchin\n|-damage|p2a: Pincurchin|89/258\n|move|p2a: Pincurchin|Discharge|p1a: Dragonite\n|-damage|p1a: Dragonite|70/100\n|-status|p1a: Dragonite|par\n|\n|-fieldend|move: Electric Terrain\n|upkeep\n|turn|6\n|inactive|Time left: 300 sec this turn | 300 sec total\n|\n|t:|1783558017\n|switch|p2a: Alcremie|Alcremie-Ruby-Swirl, L90, F|263/263\n|move|p1a: Dragonite|Outrage|p2a: Alcremie|[from] lockedmove\n|-immune|p2a: Alcremie\n|-start|p1a: Dragonite|confusion|[fatigue]\n|\n|upkeep\n|turn|7\n|inactive|Time left: 300 sec this turn | 300 sec total\n|\n|t:|1783558018\n|switch|p1a: Torkoal|Torkoal, L88, M|100/100\n|-weather|SunnyDay|[from] ability: Drought|[of] p1a: Torkoal\n|move|p2a: Alcremie|Alluring Voice|p1a: Torkoal\n|-resisted|p1a: Torkoal\n|-damage|p1a: Torkoal|79/100\n|\n|-weather|SunnyDay|[upkeep]\n|upkeep\n|turn|8\n|inactive|Time left: 300 sec this turn | 300 sec total\n|\n|t:|1783558019\n|move|p2a: Alcremie|Calm Mind|p2a: Alcremie\n|-boost|p2a: Alcremie|spa|1\n|-boost|p2a: Alcremie|spd|1\n|move|p1a: Torkoal|Rapid Spin|p2a: Alcremie\n|-damage|p2a: Alcremie|225/263\n|-boost|p1a: Torkoal|spe|1\n|-sideend|p1: p0x162230dc|Spikes|[from] move: Rapid Spin|[of] p1a: Torkoal\n|\n|-weather|SunnyDay|[upkeep]\n|-heal|p2a: Alcremie|241/263|[from] item: Leftovers\n|upkeep\n|turn|9\n|inactive|Time left: 300 sec this turn | 300 sec total\n|\n|t:|1783558020\n|move|p2a: Alcremie|Calm Mind|p2a: Alcremie\n|-boost|p2a: Alcremie|spa|1\n|-boost|p2a: Alcremie|spd|1\n|move|p1a: Torkoal|Stealth Rock|p2a: Alcremie\n|-sidestart|p2: p0y1622f586|move: Stealth Rock\n|\n|-weather|SunnyDay|[upkeep]\n|-heal|p2a: Alcremie|257/263|[from] item: Leftovers\n|upkeep\n|turn|10\n|inactive|Time left: 300 sec this turn | 300 sec total\n|\n|t:|1783558021\n|switch|p1a: Grafaiai|Grafaiai, L86, F|100/100\n|move|p2a: Alcremie|Alluring Voice|p1a: Grafaiai\n|-resisted|p1a: Grafaiai\n|-damage|p1a: Grafaiai|67/100\n|\n|-weather|SunnyDay|[upkeep]\n|-heal|p2a: Alcremie|263/263|[from] item: Leftovers\n|upkeep\n|turn|11\n|inactive|Time left: 300 sec this turn | 300 sec total\n|\n|t:|1783558022\n|-terastallize|p2a: Alcremie|Poison\n|move|p1a: Grafaiai|Gunk Shot|p2a: Alcremie|[miss]\n|-miss|p1a: Grafaiai|p2a: Alcremie\n|move|p2a: Alcremie|Alluring Voice|p1a: Grafaiai\n|-resisted|p1a: Grafaiai\n|-damage|p1a: Grafaiai|32/100\n|\n|-weather|none\n|upkeep\n|turn|12\n|inactive|Time left: 300 sec this turn | 300 sec total\n|\n|t:|1783558023\n|move|p1a: Grafaiai|Super Fang|p2a: Alcremie\n|-damage|p2a: Alcremie|132/263\n|move|p2a: Alcremie|Alluring Voice|p1a: Grafaiai\n|-resisted|p1a: Grafaiai\n|-damage|p1a: Grafaiai|0 fnt\n|faint|p1a: Grafaiai\n|\n|-heal|p2a: Alcremie|148/263|[from] item: Leftovers\n|upkeep\n|\n|t:|1783558024\n|switch|p1a: Sandaconda|Sandaconda, L84, M|100/100\n|turn|13\n|inactive|Time left: 300 sec this turn | 300 sec total\n|\n|t:|1783558025\n|move|p2a: Alcremie|Alluring Voice|p1a: Sandaconda\n|-damage|p1a: Sandaconda|0 fnt\n|faint|p1a: Sandaconda\n|\n|-heal|p2a: Alcremie|164/263|[from] item: Leftovers\n|upkeep\n|\n|t:|1783558026\n|switch|p1a: Torkoal|Torkoal, L88, M|79/100\n|-weather|SunnyDay|[from] ability: Drought|[of] p1a: Torkoal\n|turn|14\n|inactive|Time left: 300 sec this turn | 300 sec total\n|\n|t:|1783558027\n|move|p2a: Alcremie|Alluring Voice|p1a: Torkoal\n|-resisted|p1a: Torkoal\n|-crit|p1a: Torkoal\n|-damage|p1a: Torkoal|6/100\n|move|p1a: Torkoal|Fire Blast|p2a: Alcremie|[miss]\n|-miss|p1a: Torkoal|p2a: Alcremie\n|\n|-weather|SunnyDay|[upkeep]\n|-heal|p2a: Alcremie|180/263|[from] item: Leftovers\n|upkeep\n|turn|15\n|inactive|Time left: 300 sec this turn | 300 sec total\n|\n|t:|1783558028\n|move|p2a: Alcremie|Alluring Voice|p1a: Torkoal\n|-resisted|p1a: Torkoal\n|-damage|p1a: Torkoal|0 fnt\n|faint|p1a: Torkoal\n|\n|-weather|SunnyDay|[upkeep]\n|-heal|p2a: Alcremie|196/263|[from] item: Leftovers\n|upkeep\n|\n|t:|1783558029\n|switch|p1a: Illumise|Illumise, L91, F|100/100\n|turn|16\n|inactive|Time left: 300 sec this turn | 300 sec total\n|\n|t:|1783558030\n|move|p1a: Illumise|Thunder Wave|p2a: Alcremie\n|-status|p2a: Alcremie|par\n|cant|p2a: Alcremie|par\n|\n|-weather|SunnyDay|[upkeep]\n|-heal|p2a: Alcremie|212/263 par|[from] item: Leftovers\n|upkeep\n|turn|17\n|inactive|Time left: 300 sec this turn | 300 sec total\n|\n|t:|1783558031\n|move|p1a: Illumise|Bug Buzz|p2a: Alcremie\n|-resisted|p2a: Alcremie\n|-damage|p2a: Alcremie|196/263 par\n|move|p2a: Alcremie|Alluring Voice|p1a: Illumise\n|-damage|p1a: Illumise|18/100\n|\n|-weather|SunnyDay|[upkeep]\n|-heal|p2a: Alcremie|212/263 par|[from] item: Leftovers\n|upkeep\n|turn|18\n|inactive|Time left: 300 sec this turn | 300 sec total\n|\n|t:|1783558032\n|move|p1a: Illumise|Roost|p1a: Illumise\n|-heal|p1a: Illumise|68/100\n|-singleturn|p1a: Illumise|move: Roost\n|move|p2a: Alcremie|Alluring Voice|p1a: Illumise\n|-damage|p1a: Illumise|0 fnt\n|faint|p1a: Illumise\n|\n|-weather|none\n|-heal|p2a: Alcremie|228/263 par|[from] item: Leftovers\n|upkeep\n|\n|t:|1783558032\n|switch|p1a: Dragonite|Dragonite, L74, M|70/100 par\n|turn|19\n|inactive|Time left: 300 sec this turn | 300 sec total\n|\n|t:|1783558033\n|cant|p2a: Alcremie|par\n|move|p1a: Dragonite|Roost|p1a: Dragonite\n|-heal|p1a: Dragonite|100/100 par\n|-singleturn|p1a: Dragonite|move: Roost\n|\n|-heal|p2a: Alcremie|244/263 par|[from] item: Leftovers\n|upkeep\n|turn|20\n|inactive|Time left: 300 sec this turn | 300 sec total\n|\n|t:|1783558034\n|-terastallize|p1a: Dragonite|Ground\n|cant|p2a: Alcremie|par\n|move|p1a: Dragonite|Dragon Dance|p1a: Dragonite\n|-boost|p1a: Dragonite|atk|1\n|-boost|p1a: Dragonite|spe|1\n|\n|-heal|p2a: Alcremie|260/263 par|[from] item: Leftovers\n|upkeep\n|turn|21\n|inactive|Time left: 300 sec this turn | 300 sec total\n|\n|t:|1783558035\n|move|p1a: Dragonite|Earthquake|p2a: Alcremie\n|-supereffective|p2a: Alcremie\n|-damage|p2a: Alcremie|0 fnt\n|faint|p2a: Alcremie\n|\n|upkeep\n|inactive|Time left: 300 sec this turn | 300 sec total | 5 sec grace\n|\n|t:|1783558036\n|switch|p2a: Crawdaunt|Crawdaunt, L84, F|243/243\n|-damage|p2a: Crawdaunt|213/243|[from] Stealth Rock\n|turn|22\n|inactive|Time left: 300 sec this turn | 300 sec total\n|\n|t:|1783558037\n|move|p2a: Crawdaunt|Crabhammer|p1a: Dragonite\n|-supereffective|p1a: Dragonite\n|-damage|p1a: Dragonite|16/100 par\n|-damage|p2a: Crawdaunt|189/243|[from] item: Life Orb\n|move|p1a: Dragonite|Dragon Dance|p1a: Dragonite\n|-boost|p1a: Dragonite|atk|1\n|-boost|p1a: Dragonite|spe|1\n|\n|upkeep\n|turn|23\n|inactive|Time left: 300 sec this turn | 300 sec total\n|\n|t:|1783558038\n|cant|p1a: Dragonite|par\n|move|p2a: Crawdaunt|Crabhammer|p1a: Dragonite\n|-supereffective|p1a: Dragonite\n|-damage|p1a: Dragonite|0 fnt\n|faint|p1a: Dragonite\n|-damage|p2a: Crawdaunt|165/243|[from] item: Life Orb\n|\n|win|p0y1622f586", "uploadtime": 1783558038, "views": 0, "rating": 0, "private": 0, "password": null, "_winner": "p0y1622f586", "_our_name": "p0y1622f586"}