{"id": "battle-gen9randombattle-2843", "formatid": "gen9randombattle", "format": "[Gen 9] Random Battle", "players": ["p0x28437e54", "p0y2843c80b"], "log": "|init|battle\n|title|p0x28437e54 vs. p0y2843c80b\n|j|\u2606p0x28437e54\n|j|\u2606p0y2843c80b\n|t:|1783572742\n|gametype|singles\n|player|p1|p0x28437e54|170|\n|player|p2|p0y2843c80b|102|\n|gen|9\n|tier|[Gen 9] Random Battle\n|rule|Species Clause: Limit one of each Pok\u00e9mon\n|rule|HP Percentage Mod: HP is shown in percentages\n|rule|Sleep Clause Mod: Limit one foe put to sleep\n|rule|Illusion Level Mod: Illusion disguises the Pok\u00e9mon's true level\n|\n|t:|1783572742\n|teamsize|p1|6\n|teamsize|p2|6\n|start\n|switch|p1a: Staraptor|Staraptor, L79, M|263/263\n|switch|p2a: Bellossom|Bellossom, L84, M|100/100\n|turn|1\n|inactive|Battle timer is ON: inactive players will automatically lose when time's up. (requested by p0x28437e54)\n|inactive|p0y2843c80b also wants the timer to be on.\n|\n|t:|1783572744\n|-terastallize|p2a: Bellossom|Fire\n|move|p1a: Staraptor|Brave Bird|p2a: Bellossom\n|-damage|p2a: Bellossom|16/100\n|-damage|p1a: Staraptor|189/263|[from] Recoil\n|move|p2a: Bellossom|Strength Sap|p1a: Staraptor\n|-unboost|p1a: Staraptor|atk|1\n|-heal|p2a: Bellossom|100/100\n|\n|upkeep\n|turn|2\n|inactive|Time left: 300 sec this turn | 300 sec total\n|\n|t:|1783572745\n|move|p1a: Staraptor|Brave Bird|p2a: Bellossom\n|-damage|p2a: Bellossom|45/100\n|-damage|p1a: Staraptor|140/263|[from] Recoil\n|move|p2a: Bellossom|Strength Sap|p1a: Staraptor\n|-unboost|p1a: Staraptor|atk|1\n|-heal|p2a: Bellossom|100/100\n|\n|upkeep\n|turn|3\n|inactive|Time left: 300 sec this turn | 300 sec total\n|\n|t:|1783572746\n|switch|p1a: Ogerpon|Ogerpon-Cornerstone, L76, F|247/247\n|move|p2a: Bellossom|Quiver Dance|p2a: Bellossom\n|-boost|p2a: Bellossom|spa|1\n|-boost|p2a: Bellossom|spd|1\n|-boost|p2a: Bellossom|spe|1\n|\n|upkeep\n|turn|4\n|inactive|Time left: 300 sec this turn | 300 sec total\n|\n|t:|1783572747\n|switch|p2a: Swampert|Swampert, L83, M|100/100\n|-terastallize|p1a: Ogerpon|Rock\n|detailschange|p1a: Ogerpon|Ogerpon-Cornerstone-Tera, L76, F, tera:Rock\n|-ability|p1a: Ogerpon|Embody Aspect (Cornerstone)|boost\n|-boost|p1a: Ogerpon|def|1\n|move|p1a: Ogerpon|Ivy Cudgel|p2a: Swampert|[anim] Ivy Cudgel Rock\n|-resisted|p2a: Swampert\n|-damage|p2a: Swampert|74/100\n|\n|-heal|p2a: Swampert|80/100|[from] item: Leftovers\n|upkeep\n|turn|5\n|inactive|Time left: 300 sec this turn | 300 sec total\n|\n|t:|1783572749\n|switch|p2a: Tsareena|Tsareena, L87, F|100/100\n|move|p1a: Ogerpon|Power Whip|p2a: Tsareena\n|-resisted|p2a: Tsareena\n|-crit|p2a: Tsareena\n|-damage|p2a: Tsareena|66/100\n|\n|upkeep\n|turn|6\n|inactive|Time left: 300 sec this turn | 300 sec total\n|\n|t:|1783572750\n|move|p1a: Ogerpon|Ivy Cudgel|p2a: Tsareena|[anim] Ivy Cudgel Rock\n|-damage|p2a: Tsareena|6/100\n|move|p2a: Tsareena|Power Whip|p1a: Ogerpon\n|-supereffective|p1a: Ogerpon\n|-damage|p1a: Ogerpon|0 fnt\n|faint|p1a: Ogerpon\n|detailschange|p1: Ogerpon|Ogerpon-Cornerstone, L76, F|[silent]\n|-damage|p2a: Tsareena|0 fnt|[from] item: Life Orb\n|faint|p2a: Tsareena\n|\n|upkeep\n|inactive|Time left: 300 sec this turn | 300 sec total | 5 sec grace\n|\n|t:|1783572751\n|switch|p1a: Toucannon|Toucannon, L88, F|284/284\n|switch|p2a: Reuniclus|Reuniclus, L88, M|100/100\n|turn|7\n|inactive|Time left: 300 sec this turn | 300 sec total\n|\n|t:|1783572753\n|move|p1a: Toucannon|U-turn|p2a: Reuniclus\n|-supereffective|p2a: Reuniclus\n|-damage|p2a: Reuniclus|60/100\n|inactive|Time left: 300 sec this turn | 300 sec total | 5 sec grace\n|\n|t:|1783572754\n|switch|p1a: Gholdengo|Gholdengo, L77|261/261|[from] U-turn\n|move|p2a: Reuniclus|Psyshock|p1a: Gholdengo\n|-resisted|p1a: Gholdengo\n|-damage|p1a: Gholdengo|190/261\n|\n|-heal|p1a: Gholdengo|206/261|[from] item: Leftovers\n|upkeep\n|turn|8\n|inactive|Time left: 300 sec this turn | 300 sec total\n|\n|t:|1783572755\n|switch|p2a: Swampert|Swampert, L83, M|80/100\n|move|p1a: Gholdengo|Nasty Plot|p1a: Gholdengo\n|-boost|p1a: Gholdengo|spa|2\n|\n|-heal|p1a: Gholdengo|222/261|[from] item: Leftovers\n|-heal|p2a: Swampert|86/100|[from] item: Leftovers\n|upkeep\n|turn|9\n|inactive|Time left: 300 sec this turn | 300 sec total\n|\n|t:|1783572756\n|move|p1a: Gholdengo|Shadow Ball|p2a: Swampert\n|-damage|p2a: Swampert|24/100\n|move|p2a: Swampert|Earthquake|p1a: Gholdengo\n|-supereffective|p1a: Gholdengo\n|-damage|p1a: Gholdengo|0 fnt\n|faint|p1a: Gholdengo\n|\n|-heal|p2a: Swampert|30/100|[from] item: Leftovers\n|upkeep\n|inactive|Time left: 300 sec this turn | 300 sec total | 5 sec grace\n|\n|t:|1783572757\n|switch|p1a: Staraptor|Staraptor, L79, M|140/263\n|turn|10\n|inactive|Time left: 300 sec this turn | 300 sec total\n|\n|t:|1783572758\n|move|p1a: Staraptor|Double-Edge|p2a: Swampert\n|-damage|p2a: Swampert|0 fnt\n|faint|p2a: Swampert\n|-damage|p1a: Staraptor|111/263|[from] Recoil\n|\n|upkeep\n|\n|t:|1783572759\n|switch|p2a: Mismagius|Mismagius, L86, F|100/100\n|turn|11\n|inactive|Time left: 300 sec this turn | 300 sec total\n|\n|t:|1783572760\n|switch|p1a: Toucannon|Toucannon, L88, F|284/284\n|move|p2a: Mismagius|Thunderbolt|p1a: Toucannon\n|-supereffective|p1a: Toucannon\n|-damage|p1a: Toucannon|46/284\n|\n|upkeep\n|turn|12\n|inactive|Time left: 300 sec this turn | 300 sec total\n|\n|t:|1783572761\n|-singleturn|p1a: Toucannon|move: Beak Blast\n|move|p2a: Mismagius|Thunderbolt|p1a: Toucannon\n|-supereffective|p1a: Toucannon\n|-damage|p1a: Toucannon|0 fnt\n|faint|p1a: Toucannon\n|\n|upkeep\n|inactive|Time left: 300 sec this turn | 300 sec total | 5 sec grace\n|\n|t:|1783572762\n|switch|p1a: Venomoth|Venomoth, L84, M|255/255\n|turn|13\n|inactive|Time left: 300 sec this turn | 300 sec total\n|\n|t:|1783572763\n|move|p2a: Mismagius|Thunderbolt|p1a: Venomoth\n|-damage|p1a: Venomoth|137/255\n|move|p1a: Venomoth|Quiver Dance|p1a: Venomoth\n|-boost|p1a: Venomoth|spa|1\n|-boost|p1a: Venomoth|spd|1\n|-boost|p1a: Venomoth|spe|1\n|\n|upkeep\n|turn|14\n|inactive|Time left: 300 sec this turn | 300 sec total\n|\n|t:|1783572764\n|move|p1a: Venomoth|Quiver Dance|p1a: Venomoth\n|-boost|p1a: Venomoth|spa|1\n|-boost|p1a: Venomoth|spd|1\n|-boost|p1a: Venomoth|spe|1\n|move|p2a: Mismagius|Thunderbolt|p1a: Venomoth\n|-damage|p1a: Venomoth|71/255\n|\n|upkeep\n|turn|15\n|inactive|Time left: 300 sec this turn | 300 sec total\n|\n|t:|1783572765\n|move|p1a: Venomoth|Sludge Wave|p2a: Mismagius\n|-resisted|p2a: Mismagius\n|-damage|p2a: Mismagius|34/100\n|move|p2a: Mismagius|Thunderbolt|p1a: Venomoth\n|-damage|p1a: Venomoth|13/255\n|\n|upkeep\n|turn|16\n|inactive|Time left: 300 sec this turn | 300 sec total\n|\n|t:|1783572766\n|move|p1a: Venomoth|Bug Buzz|p2a: Mismagius\n|-resisted|p2a: Mismagius\n|-damage|p2a: Mismagius|0 fnt\n|faint|p2a: Mismagius\n|\n|upkeep\n|\n|t:|1783572766\n|switch|p2a: Bellossom|Bellossom, L84, M, tera:Fire|100/100\n|turn|17\n|inactive|Time left: 300 sec this turn | 300 sec total\n|\n|t:|1783572767\n|move|p1a: Venomoth|Sleep Powder|p2a: Bellossom\n|-status|p2a: Bellossom|slp|[from] move: Sleep Powder\n|cant|p2a: Bellossom|slp\n|\n|upkeep\n|turn|18\n|inactive|Time left: 300 sec this turn | 300 sec total\n|\n|t:|1783572768\n|move|p1a: Venomoth|Sludge Wave|p2a: Bellossom\n|-damage|p2a: Bellossom|37/100 slp\n|-curestatus|p2a: Bellossom|slp|[msg]\n|move|p2a: Bellossom|Tera Blast|p1a: Venomoth|[anim] Tera Blast Fire\n|-supereffective|p1a: Venomoth\n|-damage|p1a: Venomoth|0 fnt\n|faint|p1a: Venomoth\n|\n|-heal|p2a: Bellossom|43/100|[from] item: Leftovers\n|upkeep\n|inactive|Time left: 300 sec this turn | 300 sec total | 5 sec grace\n|\n|t:|1783572769\n|switch|p1a: Staraptor|Staraptor, L79, M|111/263\n|turn|19\n|inactive|Time left: 300 sec this turn | 300 sec total\n|\n|t:|1783572770\n|switch|p2a: Sableye|Sableye, L88, F|100/100\n|move|p1a: Staraptor|Brave Bird|p2a: Sableye\n|-damage|p2a: Sableye|0 fnt\n|faint|p2a: Sableye\n|-damage|p1a: Staraptor|35/263|[from] Recoil\n|\n|upkeep\n|\n|t:|1783572771\n|switch|p2a: Reuniclus|Reuniclus, L88, M|60/100\n|turn|20\n|inactive|Time left: 300 sec this turn | 300 sec total\n|\n|t:|1783572772\n|move|p1a: Staraptor|Brave Bird|p2a: Reuniclus\n|-damage|p2a: Reuniclus|0 fnt\n|faint|p2a: Reuniclus\n|-damage|p1a: Staraptor|0 fnt|[from] Recoil\n|faint|p1a: Staraptor\n|\n|upkeep\n|inactive|Time left: 300 sec this turn | 300 sec total | 5 sec grace\n|\n|t:|1783572773\n|switch|p1a: Solgaleo|Solgaleo, L74|325/325\n|switch|p2a: Bellossom|Bellossom, L84, M, tera:Fire|43/100\n|turn|21\n|inactive|Time left: 300 sec this turn | 300 sec total\n|\n|t:|1783572774\n|move|p1a: Solgaleo|Earthquake|p2a: Bellossom\n|-supereffective|p2a: Bellossom\n|-damage|p2a: Bellossom|0 fnt\n|faint|p2a: Bellossom\n|\n|win|p0x28437e54", "uploadtime": 1783572774, "views": 0, "rating": 0, "private": 0, "password": null, "_winner": "p0x28437e54", "_our_name": "p0x28437e54"}