{"id": "battle-gen9randombattle-460", "formatid": "gen9randombattle", "format": "[Gen 9] Random Battle", "players": ["p0x4609c02", "p0y4608113"], "log": "|init|battle\n|title|p0x4609c02 vs. p0y4608113\n|j|\u2606p0x4609c02\n|j|\u2606p0y4608113\n|t:|1783544391\n|gametype|singles\n|player|p1|p0x4609c02|101|\n|player|p2|p0y4608113|1|\n|gen|9\n|tier|[Gen 9] Random Battle\n|rule|Species Clause: Limit one of each Pok\u00e9mon\n|rule|HP Percentage Mod: HP is shown in percentages\n|rule|Sleep Clause Mod: Limit one foe put to sleep\n|rule|Illusion Level Mod: Illusion disguises the Pok\u00e9mon's true level\n|\n|t:|1783544391\n|teamsize|p1|6\n|teamsize|p2|6\n|start\n|switch|p1a: Rayquaza|Rayquaza, L72|270/270\n|switch|p2a: Regigigas|Regigigas, L84|100/100\n|-start|p2a: Regigigas|ability: Slow Start\n|-ability|p1a: Rayquaza|Air Lock\n|turn|1\n|inactive|Battle timer is ON: inactive players will automatically lose when time's up. (requested by p0x4609c02)\n|inactive|p0y4608113 also wants the timer to be on.\n|\n|t:|1783544393\n|move|p1a: Rayquaza|Dragon Ascent|p2a: Regigigas\n|-damage|p2a: Regigigas|46/100\n|-unboost|p1a: Rayquaza|def|1\n|-unboost|p1a: Rayquaza|spd|1\n|move|p2a: Regigigas|Knock Off|p1a: Rayquaza\n|-damage|p1a: Rayquaza|189/270\n|-enditem|p1a: Rayquaza|Choice Band|[from] move: Knock Off|[of] p2a: Regigigas\n|\n|-heal|p2a: Regigigas|52/100|[from] item: Leftovers\n|upkeep\n|turn|2\n|inactive|Time left: 300 sec this turn | 300 sec total\n|\n|t:|1783544394\n|switch|p1a: Crabominable|Crabominable, L90, M|321/321\n|move|p2a: Regigigas|Body Slam|p1a: Crabominable\n|-damage|p1a: Crabominable|248/321\n|\n|-heal|p2a: Regigigas|59/100|[from] item: Leftovers\n|upkeep\n|turn|3\n|inactive|Time left: 300 sec this turn | 300 sec total\n|\n|t:|1783544395\n|switch|p2a: Mew|Mew, L82|100/100\n|move|p1a: Crabominable|Ice Hammer|p2a: Mew\n|-damage|p2a: Mew|20/100\n|-unboost|p1a: Crabominable|spe|1\n|\n|-heal|p2a: Mew|26/100|[from] item: Leftovers\n|upkeep\n|turn|4\n|inactive|Time left: 300 sec this turn | 300 sec total\n|\n|t:|1783544397\n|move|p2a: Mew|Will-O-Wisp|p1a: Crabominable\n|-status|p1a: Crabominable|brn\n|move|p1a: Crabominable|Ice Hammer|p2a: Mew\n|-crit|p2a: Mew\n|-damage|p2a: Mew|0 fnt\n|-unboost|p1a: Crabominable|spe|1\n|faint|p2a: Mew\n|\n|-damage|p1a: Crabominable|228/321 brn|[from] brn\n|upkeep\n|\n|t:|1783544398\n|switch|p2a: Tyranitar|Tyranitar, L78, F|100/100\n|-weather|Sandstorm|[from] ability: Sand Stream|[of] p2a: Tyranitar\n|turn|5\n|inactive|Time left: 300 sec this turn | 300 sec total\n|\n|t:|1783544399\n|move|p2a: Tyranitar|Dragon Dance|p2a: Tyranitar\n|-boost|p2a: Tyranitar|atk|1\n|-boost|p2a: Tyranitar|spe|1\n|move|p1a: Crabominable|Ice Hammer|p2a: Tyranitar\n|-damage|p2a: Tyranitar|55/100\n|-unboost|p1a: Crabominable|spe|1\n|\n|-weather|Sandstorm|[upkeep]\n|-damage|p1a: Crabominable|208/321 brn|[from] Sandstorm\n|-damage|p1a: Crabominable|188/321 brn|[from] brn\n|upkeep\n|turn|6\n|inactive|Time left: 300 sec this turn | 300 sec total\n|\n|t:|1783544400\n|move|p2a: Tyranitar|Stone Edge|p1a: Crabominable\n|-damage|p1a: Crabominable|0 fnt\n|faint|p1a: Crabominable\n|\n|-weather|Sandstorm|[upkeep]\n|upkeep\n|inactive|Time left: 300 sec this turn | 300 sec total | 5 sec grace\n|\n|t:|1783544401\n|switch|p1a: Serperior|Serperior, L79, F|248/248\n|turn|7\n|inactive|Time left: 300 sec this turn | 300 sec total\n|\n|t:|1783544402\n|move|p1a: Serperior|Leaf Storm|p2a: Tyranitar\n|-supereffective|p2a: Tyranitar\n|-damage|p2a: Tyranitar|0 fnt\n|-boost|p1a: Serperior|spa|2\n|faint|p2a: Tyranitar\n|-damage|p1a: Serperior|224/248|[from] item: Life Orb\n|\n|-weather|Sandstorm|[upkeep]\n|-damage|p1a: Serperior|209/248|[from] Sandstorm\n|upkeep\n|\n|t:|1783544403\n|switch|p2a: Lycanroc|Lycanroc-Dusk, L81, M|100/100\n|turn|8\n|inactive|Time left: 300 sec this turn | 300 sec total\n|\n|t:|1783544404\n|-terastallize|p2a: Lycanroc|Fighting\n|move|p2a: Lycanroc|Close Combat|p1a: Serperior\n|-damage|p1a: Serperior|0 fnt\n|-unboost|p2a: Lycanroc|def|1\n|-unboost|p2a: Lycanroc|spd|1\n|faint|p1a: Serperior\n|\n|-weather|Sandstorm|[upkeep]\n|-damage|p2a: Lycanroc|95/100|[from] Sandstorm\n|upkeep\n|inactive|Time left: 300 sec this turn | 300 sec total | 5 sec grace\n|\n|t:|1783544405\n|switch|p1a: Bruxish|Bruxish, L85, F|254/254\n|turn|9\n|inactive|Time left: 300 sec this turn | 300 sec total\n|\n|t:|1783544406\n|move|p2a: Lycanroc|Close Combat|p1a: Bruxish\n|-resisted|p1a: Bruxish\n|-damage|p1a: Bruxish|88/254\n|-unboost|p2a: Lycanroc|def|1\n|-unboost|p2a: Lycanroc|spd|1\n|move|p1a: Bruxish|Psychic Fangs|p2a: Lycanroc\n|-supereffective|p2a: Lycanroc\n|-damage|p2a: Lycanroc|0 fnt\n|faint|p2a: Lycanroc\n|\n|-weather|none\n|upkeep\n|\n|t:|1783544407\n|switch|p2a: Whimsicott|Whimsicott, L84, M|100/100\n|turn|10\n|inactive|Time left: 300 sec this turn | 300 sec total\n|\n|t:|1783544408\n|switch|p1a: Iron Crown|Iron Crown, L78|268/268\n|move|p2a: Whimsicott|Moonblast|p1a: Iron Crown\n|-resisted|p1a: Iron Crown\n|-damage|p1a: Iron Crown|227/268\n|-unboost|p1a: Iron Crown|spa|1\n|\n|upkeep\n|turn|11\n|inactive|Time left: 300 sec this turn | 300 sec total\n|\n|t:|1783544409\n|switch|p2a: Regigigas|Regigigas, L84|59/100\n|-start|p2a: Regigigas|ability: Slow Start\n|move|p1a: Iron Crown|Tachyon Cutter|p2a: Regigigas\n|-damage|p2a: Regigigas|45/100\n|-damage|p2a: Regigigas|30/100\n|-hitcount|p2a: Regigigas|2\n|\n|-heal|p2a: Regigigas|36/100|[from] item: Leftovers\n|upkeep\n|turn|12\n|inactive|Time left: 300 sec this turn | 300 sec total\n|\n|t:|1783544410\n|-terastallize|p1a: Iron Crown|Steel\n|move|p1a: Iron Crown|Tachyon Cutter|p2a: Regigigas\n|-damage|p2a: Regigigas|18/100\n|-damage|p2a: Regigigas|0 fnt\n|faint|p2a: Regigigas\n|-end|p2a: Regigigas|Slow Start|[silent]\n|-hitcount|p2: Regigigas|2\n|\n|upkeep\n|\n|t:|1783544411\n|switch|p2a: Swanna|Swanna, L89, F|100/100\n|turn|13\n|inactive|Time left: 300 sec this turn | 300 sec total\n|\n|t:|1783544412\n|move|p2a: Swanna|Brave Bird|p1a: Iron Crown\n|-resisted|p1a: Iron Crown\n|-damage|p1a: Iron Crown|164/268\n|-damage|p2a: Swanna|93/100|[from] Recoil\n|move|p1a: Iron Crown|Tachyon Cutter|p2a: Swanna\n|-resisted|p2a: Swanna\n|-damage|p2a: Swanna|77/100\n|-resisted|p2a: Swanna\n|-damage|p2a: Swanna|61/100\n|-hitcount|p2a: Swanna|2\n|\n|upkeep\n|turn|14\n|inactive|Time left: 300 sec this turn | 300 sec total\n|\n|t:|1783544413\n|move|p2a: Swanna|Brave Bird|p1a: Iron Crown\n|-resisted|p1a: Iron Crown\n|-damage|p1a: Iron Crown|104/268\n|-damage|p2a: Swanna|53/100|[from] Recoil\n|move|p1a: Iron Crown|Tachyon Cutter|p2a: Swanna\n|-resisted|p2a: Swanna\n|-damage|p2a: Swanna|36/100\n|-resisted|p2a: Swanna\n|-damage|p2a: Swanna|20/100\n|-hitcount|p2a: Swanna|2\n|\n|upkeep\n|turn|15\n|inactive|Time left: 300 sec this turn | 300 sec total\n|\n|t:|1783544414\n|-end|p1a: Iron Crown|Quark Drive|[silent]\n|switch|p1a: Rayquaza|Rayquaza, L72|189/270\n|-ability|p1a: Rayquaza|Air Lock\n|move|p2a: Swanna|Brave Bird|p1a: Rayquaza\n|-crit|p1a: Rayquaza\n|-damage|p1a: Rayquaza|0 fnt\n|faint|p1a: Rayquaza\n|-damage|p2a: Swanna|0 fnt|[from] Recoil\n|faint|p2a: Swanna\n|\n|upkeep\n|inactive|Time left: 300 sec this turn | 300 sec total | 5 sec grace\n|\n|t:|1783544415\n|switch|p2a: Whimsicott|Whimsicott, L84, M|100/100\n|switch|p1a: Iron Crown|Iron Crown, L78, tera:Steel|104/268\n|turn|16\n|inactive|Time left: 300 sec this turn | 300 sec total\n|\n|t:|1783544416\n|move|p2a: Whimsicott|Stun Spore|p1a: Iron Crown\n|-status|p1a: Iron Crown|par\n|cant|p1a: Iron Crown|par\n|\n|upkeep\n|turn|17\n|inactive|Time left: 300 sec this turn | 300 sec total\n|\n|t:|1783544417\n|move|p2a: Whimsicott|Stun Spore|p1a: Iron Crown\n|-fail|p1a: Iron Crown|par\n|move|p1a: Iron Crown|Tachyon Cutter|p2a: Whimsicott\n|-supereffective|p2a: Whimsicott\n|-damage|p2a: Whimsicott|0 fnt\n|faint|p2a: Whimsicott\n|-hitcount|p2: Whimsicott|1\n|\n|win|p0x4609c02", "uploadtime": 1783544417, "views": 0, "rating": 0, "private": 0, "password": null, "_winner": "p0x4609c02", "_our_name": "p0x4609c02"}