{"id": "battle-gen9randombattle-2334", "formatid": "gen9randombattle", "format": "[Gen 9] Random Battle", "players": ["p0x2334f278", "p0y23346941"], "log": "|init|battle\n|title|p0x2334f278 vs. p0y23346941\n|j|\u2606p0x2334f278\n|j|\u2606p0y23346941\n|t:|1783566101\n|gametype|singles\n|player|p1|p0x2334f278|101|\n|player|p2|p0y23346941|266|\n|gen|9\n|tier|[Gen 9] Random Battle\n|rule|Species Clause: Limit one of each Pok\u00e9mon\n|rule|HP Percentage Mod: HP is shown in percentages\n|rule|Sleep Clause Mod: Limit one foe put to sleep\n|rule|Illusion Level Mod: Illusion disguises the Pok\u00e9mon's true level\n|\n|t:|1783566101\n|teamsize|p1|6\n|teamsize|p2|6\n|start\n|switch|p1a: Piloswine|Piloswine, L85, F|309/309\n|switch|p2a: Ursaring|Ursaring, L84, M|100/100\n|turn|1\n|inactive|Battle timer is ON: inactive players will automatically lose when time's up. (requested by p0y23346941)\n|inactive|Time left: 300 sec this turn | 300 sec total | 60 sec grace\n|inactive|p0x2334f278 also wants the timer to be on.\n|\n|t:|1783566102\n|move|p2a: Ursaring|Body Slam|p1a: Piloswine\n|-damage|p1a: Piloswine|230/309\n|move|p1a: Piloswine|Stealth Rock|p2a: Ursaring\n|-sidestart|p2: p0y23346941|move: Stealth Rock\n|\n|upkeep\n|turn|2\n|inactive|Time left: 300 sec this turn | 300 sec total\n|\n|t:|1783566103\n|move|p2a: Ursaring|Body Slam|p1a: Piloswine\n|-damage|p1a: Piloswine|149/309\n|-status|p1a: Piloswine|par\n|cant|p1a: Piloswine|par\n|\n|upkeep\n|turn|3\n|inactive|Time left: 300 sec this turn | 300 sec total\n|\n|t:|1783566104\n|move|p2a: Ursaring|Body Slam|p1a: Piloswine\n|-damage|p1a: Piloswine|65/309 par\n|cant|p1a: Piloswine|par\n|\n|upkeep\n|turn|4\n|inactive|Time left: 300 sec this turn | 300 sec total\n|\n|t:|1783566105\n|switch|p1a: Scrafty|Scrafty, L83, M|244/244\n|-ability|p1a: Scrafty|Intimidate|boost\n|-unboost|p2a: Ursaring|atk|1\n|move|p2a: Ursaring|Body Slam|p1a: Scrafty\n|-damage|p1a: Scrafty|183/244\n|-status|p1a: Scrafty|par\n|\n|-heal|p1a: Scrafty|198/244 par|[from] item: Leftovers\n|upkeep\n|turn|5\n|inactive|Time left: 300 sec this turn | 300 sec total\n|\n|t:|1783566106\n|switch|p2a: Toxtricity|Toxtricity, L82, F|100/100\n|-damage|p2a: Toxtricity|88/100|[from] Stealth Rock\n|cant|p1a: Scrafty|par\n|\n|-heal|p1a: Scrafty|213/244 par|[from] item: Leftovers\n|upkeep\n|turn|6\n|inactive|Time left: 300 sec this turn | 300 sec total\n|\n|t:|1783566107\n|move|p2a: Toxtricity|Boomburst|p1a: Scrafty\n|-damage|p1a: Scrafty|58/244 par\n|move|p1a: Scrafty|Knock Off|p2a: Toxtricity\n|-damage|p2a: Toxtricity|44/100\n|-enditem|p2a: Toxtricity|Choice Specs|[from] move: Knock Off|[of] p1a: Scrafty\n|\n|-heal|p1a: Scrafty|73/244 par|[from] item: Leftovers\n|upkeep\n|turn|7\n|inactive|Time left: 300 sec this turn | 300 sec total\n|\n|t:|1783566108\n|switch|p1a: Basculegion|Basculegion, L80, M|323/323\n|move|p2a: Toxtricity|Sludge Wave|p1a: Basculegion\n|-resisted|p1a: Basculegion\n|-damage|p1a: Basculegion|277/323\n|\n|upkeep\n|turn|8\n|inactive|Time left: 300 sec this turn | 300 sec total\n|\n|t:|1783566110\n|switch|p2a: Wo-Chien|Wo-Chien, L83|100/100\n|-damage|p2a: Wo-Chien|88/100|[from] Stealth Rock\n|-ability|p2a: Wo-Chien|Tablets of Ruin\n|move|p1a: Basculegion|Wave Crash|p2a: Wo-Chien\n|-resisted|p2a: Wo-Chien\n|-damage|p2a: Wo-Chien|67/100\n|-damage|p1a: Basculegion|257/323|[from] Recoil\n|\n|-heal|p2a: Wo-Chien|73/100|[from] item: Leftovers\n|upkeep\n|turn|9\n|inactive|Time left: 300 sec this turn | 300 sec total\n|\n|t:|1783566111\n|switch|p1a: Scrafty|Scrafty, L83, M|73/244 par\n|-ability|p1a: Scrafty|Intimidate|boost\n|-unboost|p2a: Wo-Chien|atk|1\n|move|p2a: Wo-Chien|Knock Off|p1a: Scrafty\n|-resisted|p1a: Scrafty\n|-damage|p1a: Scrafty|60/244 par\n|-enditem|p1a: Scrafty|Leftovers|[from] move: Knock Off|[of] p2a: Wo-Chien\n|\n|-heal|p2a: Wo-Chien|79/100|[from] item: Leftovers\n|upkeep\n|turn|10\n|inactive|Time left: 300 sec this turn | 300 sec total\n|\n|t:|1783566112\n|switch|p1a: Shaymin|Shaymin-Sky, L73|266/266\n|move|p2a: Wo-Chien|Giga Drain|p1a: Shaymin\n|-resisted|p1a: Shaymin\n|-damage|p1a: Shaymin|241/266\n|-heal|p2a: Wo-Chien|84/100|[from] drain|[of] p1a: Shaymin\n|\n|-heal|p2a: Wo-Chien|90/100|[from] item: Leftovers\n|upkeep\n|turn|11\n|inactive|Time left: 300 sec this turn | 300 sec total\n|\n|t:|1783566113\n|move|p1a: Shaymin|Air Slash|p2a: Wo-Chien\n|-supereffective|p2a: Wo-Chien\n|-crit|p2a: Wo-Chien\n|-damage|p2a: Wo-Chien|28/100\n|move|p2a: Wo-Chien|Knock Off|p1a: Shaymin\n|-damage|p1a: Shaymin|163/266\n|-enditem|p1a: Shaymin|Heavy-Duty Boots|[from] move: Knock Off|[of] p2a: Wo-Chien\n|\n|-heal|p2a: Wo-Chien|34/100|[from] item: Leftovers\n|upkeep\n|turn|12\n|inactive|Time left: 300 sec this turn | 300 sec total\n|\n|t:|1783566114\n|switch|p2a: Metagross|Metagross, L79|100/100\n|-damage|p2a: Metagross|94/100|[from] Stealth Rock\n|move|p1a: Shaymin|Air Slash|p2a: Metagross\n|-resisted|p2a: Metagross\n|-damage|p2a: Metagross|79/100\n|\n|-heal|p2a: Metagross|86/100|[from] item: Leftovers\n|upkeep\n|turn|13\n|inactive|Time left: 300 sec this turn | 300 sec total\n|\n|t:|1783566115\n|move|p1a: Shaymin|Synthesis|p1a: Shaymin\n|-heal|p1a: Shaymin|266/266\n|move|p2a: Metagross|Heavy Slam|p1a: Shaymin\n|-crit|p1a: Shaymin\n|-damage|p1a: Shaymin|0 fnt\n|faint|p1a: Shaymin\n|\n|-heal|p2a: Metagross|92/100|[from] item: Leftovers\n|upkeep\n|inactive|Time left: 300 sec this turn | 300 sec total | 5 sec grace\n|\n|t:|1783566116\n|switch|p1a: Basculegion|Basculegion, L80, M|257/323\n|turn|14\n|inactive|Time left: 300 sec this turn | 300 sec total\n|\n|t:|1783566117\n|move|p1a: Basculegion|Shadow Ball|p2a: Metagross\n|-supereffective|p2a: Metagross\n|-damage|p2a: Metagross|15/100\n|move|p2a: Metagross|Heavy Slam|p1a: Basculegion\n|-resisted|p1a: Basculegion\n|-damage|p1a: Basculegion|170/323\n|\n|-heal|p2a: Metagross|22/100|[from] item: Leftovers\n|upkeep\n|turn|15\n|inactive|Time left: 300 sec this turn | 300 sec total\n|\n|t:|1783566117\n|switch|p2a: Wo-Chien|Wo-Chien, L83|34/100\n|-damage|p2a: Wo-Chien|22/100|[from] Stealth Rock\n|-ability|p2a: Wo-Chien|Tablets of Ruin\n|move|p1a: Basculegion|Wave Crash|p2a: Wo-Chien\n|-resisted|p2a: Wo-Chien\n|-damage|p2a: Wo-Chien|1/100\n|-damage|p1a: Basculegion|151/323|[from] Recoil\n|\n|-heal|p2a: Wo-Chien|7/100|[from] item: Leftovers\n|upkeep\n|turn|16\n|inactive|Time left: 300 sec this turn | 300 sec total\n|\n|t:|1783566118\n|move|p2a: Wo-Chien|Protect|p2a: Wo-Chien\n|-singleturn|p2a: Wo-Chien|Protect\n|move|p1a: Basculegion|Shadow Ball|p2a: Wo-Chien\n|-activate|p2a: Wo-Chien|move: Protect\n|\n|-heal|p2a: Wo-Chien|13/100|[from] item: Leftovers\n|upkeep\n|turn|17\n|inactive|Time left: 300 sec this turn | 300 sec total\n|\n|t:|1783566119\n|switch|p2a: Giratina|Giratina, L75|100/100\n|-damage|p2a: Giratina|88/100|[from] Stealth Rock\n|-ability|p2a: Giratina|Pressure\n|move|p1a: Basculegion|Wave Crash|p2a: Giratina\n|-resisted|p2a: Giratina\n|-crit|p2a: Giratina\n|-damage|p2a: Giratina|53/100\n|-damage|p1a: Basculegion|110/323|[from] Recoil\n|\n|-heal|p2a: Giratina|59/100|[from] item: Leftovers\n|upkeep\n|turn|18\n|inactive|Time left: 300 sec this turn | 300 sec total\n|\n|t:|1783566121\n|switch|p1a: Scrafty|Scrafty, L83, M|60/244 par\n|-ability|p1a: Scrafty|Intimidate|boost\n|-unboost|p2a: Giratina|atk|1\n|move|p2a: Giratina|Shadow Ball|p1a: Scrafty\n|-resisted|p1a: Scrafty\n|-damage|p1a: Scrafty|29/244 par\n|\n|-heal|p2a: Giratina|65/100|[from] item: Leftovers\n|upkeep\n|turn|19\n|inactive|Time left: 300 sec this turn | 300 sec total\n|\n|t:|1783566122\n|move|p2a: Giratina|Shadow Ball|p1a: Scrafty\n|-resisted|p1a: Scrafty\n|-damage|p1a: Scrafty|0 fnt\n|faint|p1a: Scrafty\n|\n|-heal|p2a: Giratina|71/100|[from] item: Leftovers\n|upkeep\n|inactive|Time left: 300 sec this turn | 300 sec total | 5 sec grace\n|\n|t:|1783566123\n|switch|p1a: Darkrai|Darkrai, L77|234/234\n|turn|20\n|inactive|Time left: 300 sec this turn | 300 sec total\n|\n|t:|1783566124\n|move|p1a: Darkrai|Nasty Plot|p1a: Darkrai\n|-boost|p1a: Darkrai|spa|2\n|move|p2a: Giratina|Dragon Tail|p1a: Darkrai\n|-damage|p1a: Darkrai|195/234\n|drag|p1a: Piloswine|Piloswine, L85, F|65/309 par\n|\n|-heal|p2a: Giratina|77/100|[from] item: Leftovers\n|upkeep\n|turn|21\n|inactive|Time left: 300 sec this turn | 300 sec total\n|\n|t:|1783566125\n|switch|p2a: Metagross|Metagross, L79|22/100\n|-damage|p2a: Metagross|15/100|[from] Stealth Rock\n|move|p1a: Piloswine|Earthquake|p2a: Metagross\n|-supereffective|p2a: Metagross\n|-damage|p2a: Metagross|0 fnt\n|faint|p2a: Metagross\n|\n|upkeep\n|\n|t:|1783566125\n|switch|p2a: Wo-Chien|Wo-Chien, L83|13/100\n|-damage|p2a: Wo-Chien|1/100|[from] Stealth Rock\n|-ability|p2a: Wo-Chien|Tablets of Ruin\n|turn|22\n|inactive|Time left: 300 sec this turn | 300 sec total\n|\n|t:|1783566126\n|cant|p1a: Piloswine|par\n|move|p2a: Wo-Chien|Giga Drain|p1a: Piloswine\n|-supereffective|p1a: Piloswine\n|-damage|p1a: Piloswine|0 fnt\n|-heal|p2a: Wo-Chien|13/100|[from] drain|[of] p1a: Piloswine\n|faint|p1a: Piloswine\n|\n|-heal|p2a: Wo-Chien|19/100|[from] item: Leftovers\n|upkeep\n|inactive|Time left: 300 sec this turn | 300 sec total | 5 sec grace\n|\n|t:|1783566127\n|switch|p1a: Darkrai|Darkrai, L77|195/234\n|turn|23\n|inactive|Time left: 300 sec this turn | 300 sec total\n|\n|t:|1783566128\n|move|p1a: Darkrai|Nasty Plot|p1a: Darkrai\n|-boost|p1a: Darkrai|spa|2\n|move|p2a: Wo-Chien|Giga Drain|p1a: Darkrai\n|-damage|p1a: Darkrai|110/234\n|-heal|p2a: Wo-Chien|35/100|[from] drain|[of] p1a: Darkrai\n|\n|-heal|p1a: Darkrai|124/234|[from] item: Leftovers\n|-heal|p2a: Wo-Chien|41/100|[from] item: Leftovers\n|upkeep\n|turn|24\n|inactive|Time left: 300 sec this turn | 300 sec total\n|\n|t:|1783566129\n|move|p2a: Wo-Chien|Protect|p2a: Wo-Chien\n|-singleturn|p2a: Wo-Chien|Protect\n|move|p1a: Darkrai|Sludge Bomb|p2a: Wo-Chien\n|-activate|p2a: Wo-Chien|move: Protect\n|\n|-heal|p1a: Darkrai|138/234|[from] item: Leftovers\n|-heal|p2a: Wo-Chien|47/100|[from] item: Leftovers\n|upkeep\n|turn|25\n|inactive|Time left: 300 sec this turn | 300 sec total\n|\n|t:|1783566130\n|move|p1a: Darkrai|Sludge Bomb|p2a: Wo-Chien\n|-supereffective|p2a: Wo-Chien\n|-damage|p2a: Wo-Chien|0 fnt\n|faint|p2a: Wo-Chien\n|\n|-heal|p1a: Darkrai|152/234|[from] item: Leftovers\n|upkeep\n|\n|t:|1783566131\n|switch|p2a: Skuntank|Skuntank, L84, F|100/100\n|-damage|p2a: Skuntank|88/100|[from] Stealth Rock\n|turn|26\n|inactive|Time left: 300 sec this turn | 300 sec total\n|\n|t:|1783566132\n|move|p1a: Darkrai|Dark Pulse|p2a: Skuntank\n|-resisted|p2a: Skuntank\n|-damage|p2a: Skuntank|50/100\n|move|p2a: Skuntank|Gunk Shot|p1a: Darkrai\n|-damage|p1a: Darkrai|0 fnt\n|faint|p1a: Darkrai\n|-damage|p2a: Skuntank|40/100|[from] item: Life Orb\n|\n|upkeep\n|inactive|Time left: 300 sec this turn | 300 sec total | 5 sec grace\n|\n|t:|1783566133\n|switch|p1a: Minun|Minun, L95, F|268/268\n|turn|27\n|inactive|Time left: 300 sec this turn | 300 sec total\n|\n|t:|1783566134\n|switch|p2a: Ursaring|Ursaring, L84, M|100/100\n|-damage|p2a: Ursaring|88/100|[from] Stealth Rock\n|move|p1a: Minun|Thunderbolt|p2a: Ursaring\n|-damage|p2a: Ursaring|55/100\n|-status|p2a: Ursaring|par\n|-damage|p1a: Minun|242/268|[from] item: Life Orb\n|\n|upkeep\n|turn|28\n|inactive|Time left: 300 sec this turn | 300 sec total\n|\n|t:|1783566135\n|-terastallize|p1a: Minun|Fairy\n|move|p1a: Minun|Nasty Plot|p1a: Minun\n|-boost|p1a: Minun|spa|2\n|cant|p2a: Ursaring|par\n|\n|upkeep\n|turn|29\n|inactive|Time left: 300 sec this turn | 300 sec total\n|\n|t:|1783566136\n|move|p1a: Minun|Alluring Voice|p2a: Ursaring\n|-damage|p2a: Ursaring|0 fnt\n|faint|p2a: Ursaring\n|-damage|p1a: Minun|216/268|[from] item: Life Orb\n|\n|upkeep\n|\n|t:|1783566137\n|switch|p2a: Toxtricity|Toxtricity, L82, F|44/100\n|-damage|p2a: Toxtricity|31/100|[from] Stealth Rock\n|turn|30\n|inactive|Time left: 300 sec this turn | 300 sec total\n|\n|t:|1783566138\n|switch|p2a: Giratina|Giratina, L75|77/100\n|-damage|p2a: Giratina|64/100|[from] Stealth Rock\n|-ability|p2a: Giratina|Pressure\n|move|p1a: Minun|Thunderbolt|p2a: Giratina\n|-resisted|p2a: Giratina\n|-damage|p2a: Giratina|33/100\n|-damage|p1a: Minun|190/268|[from] item: Life Orb\n|\n|-heal|p2a: Giratina|39/100|[from] item: Leftovers\n|upkeep\n|turn|31\n|inactive|Time left: 300 sec this turn | 300 sec total\n|\n|t:|1783566139\n|move|p1a: Minun|Alluring Voice|p2a: Giratina\n|-supereffective|p2a: Giratina\n|-damage|p2a: Giratina|0 fnt\n|faint|p2a: Giratina\n|-damage|p1a: Minun|164/268|[from] item: Life Orb\n|\n|upkeep\n|\n|t:|1783566140\n|switch|p2a: Toxtricity|Toxtricity, L82, F|31/100\n|-damage|p2a: Toxtricity|19/100|[from] Stealth Rock\n|turn|32\n|inactive|Time left: 300 sec this turn | 300 sec total\n|\n|t:|1783566141\n|move|p1a: Minun|Thunderbolt|p2a: Toxtricity\n|-resisted|p2a: Toxtricity\n|-damage|p2a: Toxtricity|0 fnt\n|faint|p2a: Toxtricity\n|-damage|p1a: Minun|138/268|[from] item: Life Orb\n|\n|upkeep\n|\n|t:|1783566141\n|switch|p2a: Skuntank|Skuntank, L84, F|40/100\n|-damage|p2a: Skuntank|28/100|[from] Stealth Rock\n|turn|33\n|inactive|Time left: 300 sec this turn | 300 sec total\n|\n|t:|1783566142\n|-terastallize|p2a: Skuntank|Poison\n|move|p1a: Minun|Grass Knot|p2a: Skuntank\n|-resisted|p2a: Skuntank\n|-damage|p2a: Skuntank|5/100\n|-damage|p1a: Minun|112/268|[from] item: Life Orb\n|move|p2a: Skuntank|Taunt|p1a: Minun\n|-start|p1a: Minun|move: Taunt\n|\n|upkeep\n|turn|34\n|inactive|Time left: 300 sec this turn | 300 sec total\n|\n|t:|1783566144\n|switch|p1a: Basculegion|Basculegion, L80, M|110/323\n|move|p2a: Skuntank|Gunk Shot|p1a: Basculegion\n|-resisted|p1a: Basculegion\n|-damage|p1a: Basculegion|0 fnt\n|faint|p1a: Basculegion\n|-damage|p2a: Skuntank|0 fnt|[from] item: Life Orb\n|faint|p2a: Skuntank\n|\n|win|p0x2334f278", "uploadtime": 1783566144, "views": 0, "rating": 0, "private": 0, "password": null, "_winner": "p0x2334f278", "_our_name": "p0x2334f278"}