{"id": "battle-gen9randombattle-1893", "formatid": "gen9randombattle", "format": "[Gen 9] Random Battle", "players": ["p0x189377f5", "p0y18932db3"], "log": "|init|battle\n|title|p0x189377f5 vs. p0y18932db3\n|j|\u2606p0x189377f5\n|j|\u2606p0y18932db3\n|t:|1783561143\n|gametype|singles\n|player|p1|p0x189377f5|102|\n|player|p2|p0y18932db3|1|\n|gen|9\n|tier|[Gen 9] Random Battle\n|rule|Species Clause: Limit one of each Pok\u00e9mon\n|rule|HP Percentage Mod: HP is shown in percentages\n|rule|Sleep Clause Mod: Limit one foe put to sleep\n|rule|Illusion Level Mod: Illusion disguises the Pok\u00e9mon's true level\n|\n|t:|1783561143\n|teamsize|p1|6\n|teamsize|p2|6\n|start\n|switch|p1a: Falinks|Falinks, L84|246/246\n|switch|p2a: Rotom|Rotom-Heat, L83|100/100\n|turn|1\n|inactive|Battle timer is ON: inactive players will automatically lose when time's up. (requested by p0y18932db3)\n|inactive|Time left: 300 sec this turn | 300 sec total | 60 sec grace\n|inactive|p0x189377f5 also wants the timer to be on.\n|\n|t:|1783561145\n|move|p2a: Rotom|Overheat|p1a: Falinks\n|-damage|p1a: Falinks|68/246\n|-unboost|p2a: Rotom|spa|2\n|move|p1a: Falinks|No Retreat|p1a: Falinks\n|-boost|p1a: Falinks|atk|1\n|-boost|p1a: Falinks|def|1\n|-boost|p1a: Falinks|spa|1\n|-boost|p1a: Falinks|spd|1\n|-boost|p1a: Falinks|spe|1\n|-start|p1a: Falinks|move: No Retreat\n|\n|upkeep\n|turn|2\n|inactive|Time left: 300 sec this turn | 300 sec total\n|\n|t:|1783561146\n|move|p1a: Falinks|Close Combat|p2a: Rotom\n|-damage|p2a: Rotom|2/100\n|-unboost|p1a: Falinks|def|1\n|-unboost|p1a: Falinks|spd|1\n|-damage|p1a: Falinks|44/246|[from] item: Life Orb\n|move|p2a: Rotom|Volt Switch|p1a: Falinks\n|-damage|p1a: Falinks|0 fnt\n|faint|p1a: Falinks\n|\n|t:|1783561146\n|switch|p2a: Kricketune|Kricketune, L99, F|100/100|[from] Volt Switch\n|\n|upkeep\n|inactive|Time left: 300 sec this turn | 300 sec total | 10 sec grace\n|\n|t:|1783561147\n|switch|p1a: Ninetales|Ninetales, L85, F|263/263\n|-weather|SunnyDay|[from] ability: Drought|[of] p1a: Ninetales\n|turn|3\n|inactive|Time left: 300 sec this turn | 300 sec total\n|\n|t:|1783561148\n|switch|p2a: Ting-Lu|Ting-Lu, L78|100/100\n|-ability|p2a: Ting-Lu|Vessel of Ruin\n|move|p1a: Ninetales|Fire Blast|p2a: Ting-Lu\n|-damage|p2a: Ting-Lu|63/100\n|\n|-weather|SunnyDay|[upkeep]\n|-heal|p2a: Ting-Lu|69/100|[from] item: Leftovers\n|upkeep\n|turn|4\n|inactive|Time left: 300 sec this turn | 300 sec total\n|\n|t:|1783561150\n|switch|p1a: Flamigo|Flamigo, L82, M|269/269\n|move|p2a: Ting-Lu|Earthquake|p1a: Flamigo\n|-immune|p1a: Flamigo\n|\n|-weather|SunnyDay|[upkeep]\n|-heal|p2a: Ting-Lu|76/100|[from] item: Leftovers\n|upkeep\n|turn|5\n|inactive|Time left: 300 sec this turn | 300 sec total\n|\n|t:|1783561151\n|switch|p2a: Rotom|Rotom-Heat, L83|2/100\n|move|p1a: Flamigo|Close Combat|p2a: Rotom\n|-damage|p2a: Rotom|0 fnt\n|-unboost|p1a: Flamigo|def|1\n|-unboost|p1a: Flamigo|spd|1\n|faint|p2a: Rotom\n|\n|-weather|SunnyDay|[upkeep]\n|upkeep\n|\n|t:|1783561152\n|switch|p2a: Kricketune|Kricketune, L99, F|100/100\n|turn|6\n|inactive|Time left: 300 sec this turn | 300 sec total\n|\n|t:|1783561153\n|move|p1a: Flamigo|Close Combat|p2a: Kricketune\n|-resisted|p2a: Kricketune\n|-damage|p2a: Kricketune|61/100\n|-unboost|p1a: Flamigo|def|1\n|-unboost|p1a: Flamigo|spd|1\n|move|p2a: Kricketune|Knock Off|p1a: Flamigo\n|-resisted|p1a: Flamigo\n|-damage|p1a: Flamigo|169/269\n|-enditem|p1a: Flamigo|Choice Band|[from] move: Knock Off|[of] p2a: Kricketune\n|\n|-weather|SunnyDay|[upkeep]\n|upkeep\n|turn|7\n|inactive|Time left: 300 sec this turn | 300 sec total\n|\n|t:|1783561154\n|move|p1a: Flamigo|Brave Bird|p2a: Kricketune\n|-supereffective|p2a: Kricketune\n|-damage|p2a: Kricketune|0 fnt\n|faint|p2a: Kricketune\n|-damage|p1a: Flamigo|107/269|[from] Recoil\n|\n|-weather|none\n|upkeep\n|\n|t:|1783561155\n|switch|p2a: Ting-Lu|Ting-Lu, L78|76/100\n|-ability|p2a: Ting-Lu|Vessel of Ruin\n|turn|8\n|inactive|Time left: 300 sec this turn | 300 sec total\n|\n|t:|1783561156\n|switch|p2a: Deoxys|Deoxys-Defense, L84|100/100\n|-ability|p2a: Deoxys|Pressure\n|move|p1a: Flamigo|Close Combat|p2a: Deoxys\n|-resisted|p2a: Deoxys\n|-damage|p2a: Deoxys|82/100\n|-unboost|p1a: Flamigo|def|1\n|-unboost|p1a: Flamigo|spd|1\n|\n|-heal|p2a: Deoxys|88/100|[from] item: Leftovers\n|upkeep\n|turn|9\n|inactive|Time left: 300 sec this turn | 300 sec total\n|\n|t:|1783561157\n|switch|p1a: Ninetales|Ninetales, L85, F|263/263\n|-weather|SunnyDay|[from] ability: Drought|[of] p1a: Ninetales\n|move|p2a: Deoxys|Psychic Noise|p1a: Ninetales\n|-damage|p1a: Ninetales|211/263\n|-start|p1a: Ninetales|move: Heal Block\n|\n|-weather|SunnyDay|[upkeep]\n|-heal|p2a: Deoxys|94/100|[from] item: Leftovers\n|upkeep\n|turn|10\n|inactive|Time left: 300 sec this turn | 300 sec total\n|\n|t:|1783561158\n|move|p1a: Ninetales|Nasty Plot|p1a: Ninetales\n|-boost|p1a: Ninetales|spa|2\n|move|p2a: Deoxys|Knock Off|p1a: Ninetales\n|-damage|p1a: Ninetales|150/263\n|-enditem|p1a: Ninetales|Heavy-Duty Boots|[from] move: Knock Off|[of] p2a: Deoxys\n|\n|-weather|SunnyDay|[upkeep]\n|-heal|p2a: Deoxys|99/100|[from] item: Leftovers\n|-end|p1a: Ninetales|move: Heal Block\n|upkeep\n|turn|11\n|inactive|Time left: 300 sec this turn | 300 sec total\n|\n|t:|1783561159\n|move|p1a: Ninetales|Fire Blast|p2a: Deoxys\n|-damage|p2a: Deoxys|6/100\n|move|p2a: Deoxys|Teleport|p2a: Deoxys\n|\n|t:|1783561159\n|switch|p2a: Ting-Lu|Ting-Lu, L78|76/100|[from] Teleport\n|-ability|p2a: Ting-Lu|Vessel of Ruin\n|\n|-weather|SunnyDay|[upkeep]\n|-heal|p2a: Ting-Lu|82/100|[from] item: Leftovers\n|upkeep\n|turn|12\n|inactive|Time left: 300 sec this turn | 300 sec total\n|\n|t:|1783561160\n|-terastallize|p1a: Ninetales|Fire\n|move|p1a: Ninetales|Fire Blast|p2a: Ting-Lu|[miss]\n|-miss|p1a: Ninetales|p2a: Ting-Lu\n|move|p2a: Ting-Lu|Earthquake|p1a: Ninetales\n|-supereffective|p1a: Ninetales\n|-damage|p1a: Ninetales|0 fnt\n|faint|p1a: Ninetales\n|\n|-weather|SunnyDay|[upkeep]\n|-heal|p2a: Ting-Lu|88/100|[from] item: Leftovers\n|upkeep\n|inactive|Time left: 300 sec this turn | 300 sec total | 5 sec grace\n|\n|t:|1783561161\n|switch|p1a: Flamigo|Flamigo, L82, M|107/269\n|turn|13\n|inactive|Time left: 300 sec this turn | 300 sec total\n|\n|t:|1783561162\n|move|p1a: Flamigo|Close Combat|p2a: Ting-Lu\n|-supereffective|p2a: Ting-Lu\n|-damage|p2a: Ting-Lu|22/100\n|-unboost|p1a: Flamigo|def|1\n|-unboost|p1a: Flamigo|spd|1\n|move|p2a: Ting-Lu|Heavy Slam|p1a: Flamigo\n|-damage|p1a: Flamigo|0 fnt\n|faint|p1a: Flamigo\n|\n|-weather|none\n|-heal|p2a: Ting-Lu|28/100|[from] item: Leftovers\n|upkeep\n|inactive|Time left: 300 sec this turn | 300 sec total | 5 sec grace\n|\n|t:|1783561163\n|switch|p1a: Suicune|Suicune, L82|298/298\n|-ability|p1a: Suicune|Pressure\n|turn|14\n|inactive|Time left: 300 sec this turn | 300 sec total\n|\n|t:|1783561164\n|switch|p2a: Lanturn|Lanturn, L89, F|100/100\n|move|p1a: Suicune|Scald|p2a: Lanturn\n|-resisted|p2a: Lanturn\n|-damage|p2a: Lanturn|89/100\n|-status|p2a: Lanturn|brn\n|\n|-damage|p2a: Lanturn|83/100 brn|[from] brn\n|upkeep\n|turn|15\n|inactive|Time left: 300 sec this turn | 300 sec total\n|\n|t:|1783561164\n|move|p1a: Suicune|Calm Mind|p1a: Suicune\n|-boost|p1a: Suicune|spa|1\n|-boost|p1a: Suicune|spd|1\n|move|p2a: Lanturn|Volt Switch|p1a: Suicune\n|-supereffective|p1a: Suicune\n|-damage|p1a: Suicune|226/298\n|\n|t:|1783561165\n|switch|p2a: Deoxys|Deoxys-Defense, L84|6/100|[from] Volt Switch\n|-ability|p2a: Deoxys|Pressure\n|\n|-heal|p2a: Deoxys|12/100|[from] item: Leftovers\n|-heal|p1a: Suicune|244/298|[from] item: Leftovers\n|upkeep\n|turn|16\n|inactive|Time left: 300 sec this turn | 300 sec total\n|\n|t:|1783561166\n|move|p2a: Deoxys|Recover|p2a: Deoxys\n|-heal|p2a: Deoxys|62/100\n|move|p1a: Suicune|Calm Mind|p1a: Suicune\n|-boost|p1a: Suicune|spa|1\n|-boost|p1a: Suicune|spd|1\n|\n|-heal|p2a: Deoxys|68/100|[from] item: Leftovers\n|-heal|p1a: Suicune|262/298|[from] item: Leftovers\n|upkeep\n|turn|17\n|inactive|Time left: 300 sec this turn | 300 sec total\n|\n|t:|1783561167\n|move|p2a: Deoxys|Recover|p2a: Deoxys\n|-heal|p2a: Deoxys|100/100\n|move|p1a: Suicune|Scald|p2a: Deoxys\n|-damage|p2a: Deoxys|60/100\n|-status|p2a: Deoxys|brn\n|\n|-heal|p2a: Deoxys|66/100 brn|[from] item: Leftovers\n|-heal|p1a: Suicune|280/298|[from] item: Leftovers\n|-damage|p2a: Deoxys|60/100 brn|[from] brn\n|upkeep\n|turn|18\n|inactive|Time left: 300 sec this turn | 300 sec total\n|\n|t:|1783561168\n|move|p2a: Deoxys|Recover|p2a: Deoxys\n|-heal|p2a: Deoxys|100/100 brn\n|move|p1a: Suicune|Scald|p2a: Deoxys\n|-damage|p2a: Deoxys|59/100 brn\n|\n|-heal|p2a: Deoxys|65/100 brn|[from] item: Leftovers\n|-heal|p1a: Suicune|298/298|[from] item: Leftovers\n|-damage|p2a: Deoxys|59/100 brn|[from] brn\n|upkeep\n|turn|19\n|inactive|Time left: 300 sec this turn | 300 sec total\n|\n|t:|1783561169\n|move|p2a: Deoxys|Recover|p2a: Deoxys\n|-heal|p2a: Deoxys|100/100 brn\n|move|p1a: Suicune|Scald|p2a: Deoxys\n|-damage|p2a: Deoxys|57/100 brn\n|\n|-heal|p2a: Deoxys|62/100 brn|[from] item: Leftovers\n|-damage|p2a: Deoxys|57/100 brn|[from] brn\n|upkeep\n|turn|20\n|inactive|Time left: 300 sec this turn | 300 sec total\n|\n|t:|1783561170\n|move|p2a: Deoxys|Recover|p2a: Deoxys\n|-heal|p2a: Deoxys|100/100 brn\n|move|p1a: Suicune|Scald|p2a: Deoxys\n|-damage|p2a: Deoxys|59/100 brn\n|\n|-heal|p2a: Deoxys|65/100 brn|[from] item: Leftovers\n|-damage|p2a: Deoxys|59/100 brn|[from] brn\n|upkeep\n|turn|21\n|inactive|Time left: 300 sec this turn | 300 sec total\n|\n|t:|1783561171\n|move|p2a: Deoxys|Recover|p2a: Deoxys\n|-heal|p2a: Deoxys|100/100 brn\n|move|p1a: Suicune|Scald|p2a: Deoxys\n|-damage|p2a: Deoxys|55/100 brn\n|\n|-heal|p2a: Deoxys|61/100 brn|[from] item: Leftovers\n|-damage|p2a: Deoxys|55/100 brn|[from] brn\n|upkeep\n|turn|22\n|inactive|Time left: 300 sec this turn | 300 sec total\n|\n|t:|1783561172\n|move|p2a: Deoxys|Recover|p2a: Deoxys\n|-heal|p2a: Deoxys|100/100 brn\n|move|p1a: Suicune|Scald|p2a: Deoxys\n|-damage|p2a: Deoxys|62/100 brn\n|\n|-heal|p2a: Deoxys|68/100 brn|[from] item: Leftovers\n|-damage|p2a: Deoxys|62/100 brn|[from] brn\n|upkeep\n|turn|23\n|inactive|Time left: 300 sec this turn | 300 sec total\n|\n|t:|1783561173\n|move|p2a: Deoxys|Recover|p2a: Deoxys\n|-heal|p2a: Deoxys|100/100 brn\n|move|p1a: Suicune|Scald|p2a: Deoxys\n|-damage|p2a: Deoxys|61/100 brn\n|\n|-heal|p2a: Deoxys|67/100 brn|[from] item: Leftovers\n|-damage|p2a: Deoxys|61/100 brn|[from] brn\n|upkeep\n|turn|24\n|inactive|Time left: 300 sec this turn | 300 sec total\n|\n|t:|1783561175\n|move|p2a: Deoxys|Knock Off|p1a: Suicune\n|-damage|p1a: Suicune|276/298\n|-enditem|p1a: Suicune|Leftovers|[from] move: Knock Off|[of] p2a: Deoxys\n|move|p1a: Suicune|Scald|p2a: Deoxys\n|-damage|p2a: Deoxys|20/100 brn\n|\n|-heal|p2a: Deoxys|26/100 brn|[from] item: Leftovers\n|-damage|p2a: Deoxys|20/100 brn|[from] brn\n|upkeep\n|turn|25\n|inactive|Time left: 300 sec this turn | 300 sec total\n|\n|t:|1783561176\n|switch|p2a: Lanturn|Lanturn, L89, F|83/100 brn\n|move|p1a: Suicune|Scald|p2a: Lanturn\n|-resisted|p2a: Lanturn\n|-damage|p2a: Lanturn|60/100 brn\n|\n|-damage|p2a: Lanturn|54/100 brn|[from] brn\n|upkeep\n|turn|26\n|inactive|Time left: 300 sec this turn | 300 sec total\n|\n|t:|1783561177\n|move|p1a: Suicune|Calm Mind|p1a: Suicune\n|-boost|p1a: Suicune|spa|1\n|-boost|p1a: Suicune|spd|1\n|move|p2a: Lanturn|Volt Switch|p1a: Suicune\n|-supereffective|p1a: Suicune\n|-damage|p1a: Suicune|226/298\n|\n|t:|1783561178\n|switch|p2a: Deoxys|Deoxys-Defense, L84|20/100 brn|[from] Volt Switch\n|-ability|p2a: Deoxys|Pressure\n|\n|-heal|p2a: Deoxys|26/100 brn|[from] item: Leftovers\n|-damage|p2a: Deoxys|20/100 brn|[from] brn\n|upkeep\n|turn|27\n|inactive|Time left: 300 sec this turn | 300 sec total\n|\n|t:|1783561179\n|move|p2a: Deoxys|Psychic Noise|p1a: Suicune\n|-damage|p1a: Suicune|204/298\n|-start|p1a: Suicune|move: Heal Block\n|move|p1a: Suicune|Scald|p2a: Deoxys\n|-damage|p2a: Deoxys|0 fnt\n|faint|p2a: Deoxys\n|\n|upkeep\n|\n|t:|1783561180\n|switch|p2a: Lanturn|Lanturn, L89, F|54/100 brn\n|turn|28\n|inactive|Time left: 300 sec this turn | 300 sec total\n|\n|t:|1783561181\n|move|p1a: Suicune|Scald|p2a: Lanturn\n|-resisted|p2a: Lanturn\n|-damage|p2a: Lanturn|25/100 brn\n|move|p2a: Lanturn|Thunderbolt|p1a: Suicune\n|-supereffective|p1a: Suicune\n|-damage|p1a: Suicune|142/298\n|\n|-damage|p2a: Lanturn|19/100 brn|[from] brn\n|-end|p1a: Suicune|move: Heal Block\n|upkeep\n|turn|29\n|inactive|Time left: 300 sec this turn | 300 sec total\n|\n|t:|1783561182\n|move|p1a: Suicune|Scald|p2a: Lanturn\n|-resisted|p2a: Lanturn\n|-damage|p2a: Lanturn|0 fnt\n|faint|p2a: Lanturn\n|\n|upkeep\n|\n|t:|1783561183\n|switch|p2a: Klefki|Klefki, L84, F|100/100\n|turn|30\n|inactive|Time left: 300 sec this turn | 300 sec total\n|\n|t:|1783561184\n|move|p2a: Klefki|Thunder Wave|p1a: Suicune\n|-status|p1a: Suicune|par\n|move|p1a: Suicune|Scald|p2a: Klefki\n|-damage|p2a: Klefki|23/100\n|-status|p2a: Klefki|brn\n|\n|-heal|p2a: Klefki|29/100 brn|[from] item: Leftovers\n|-damage|p2a: Klefki|23/100 brn|[from] brn\n|upkeep\n|turn|31\n|inactive|Time left: 300 sec this turn | 300 sec total\n|\n|t:|1783561185\n|move|p2a: Klefki|Spikes|p1a: Suicune\n|-sidestart|p1: p0x189377f5|Spikes\n|move|p1a: Suicune|Rest|p1a: Suicune\n|-status|p1a: Suicune|slp|[from] move: Rest\n|-heal|p1a: Suicune|298/298 slp|[silent]\n|\n|-heal|p2a: Klefki|29/100 brn|[from] item: Leftovers\n|-damage|p2a: Klefki|23/100 brn|[from] brn\n|upkeep\n|turn|32\n|inactive|Time left: 300 sec this turn | 300 sec total\n|\n|t:|1783561186\n|move|p2a: Klefki|Spikes|p1a: Suicune\n|-sidestart|p1: p0x189377f5|Spikes\n|cant|p1a: Suicune|slp\n|move|p1a: Suicune|Sleep Talk|p1a: Suicune\n|move|p1a: Suicune|Calm Mind|p1a: Suicune|[from] move: Sleep Talk\n|-boost|p1a: Suicune|spa|1\n|-boost|p1a: Suicune|spd|1\n|\n|-heal|p2a: Klefki|29/100 brn|[from] item: Leftovers\n|-damage|p2a: Klefki|23/100 brn|[from] brn\n|upkeep\n|turn|33\n|inactive|Time left: 300 sec this turn | 300 sec total\n|\n|t:|1783561187\n|cant|p1a: Suicune|slp\n|move|p2a: Klefki|Dazzling Gleam|p1a: Suicune\n|-damage|p1a: Suicune|277/298 slp\n|\n|-heal|p2a: Klefki|29/100 brn|[from] item: Leftovers\n|-damage|p2a: Klefki|23/100 brn|[from] brn\n|upkeep\n|turn|34\n|inactive|Time left: 300 sec this turn | 300 sec total\n|\n|t:|1783561188\n|move|p2a: Klefki|Spikes|p1a: Suicune\n|-sidestart|p1: p0x189377f5|Spikes\n|-curestatus|p1a: Suicune|slp|[msg]\n|move|p1a: Suicune|Calm Mind|p1a: Suicune\n|-boost|p1a: Suicune|spa|1\n|-boost|p1a: Suicune|spd|1\n|\n|-heal|p2a: Klefki|29/100 brn|[from] item: Leftovers\n|-damage|p2a: Klefki|23/100 brn|[from] brn\n|upkeep\n|turn|35\n|inactive|Time left: 300 sec this turn | 300 sec total\n|\n|t:|1783561189\n|move|p2a: Klefki|Thunder Wave|p1a: Suicune\n|-status|p1a: Suicune|par\n|move|p1a: Suicune|Calm Mind|p1a: Suicune\n|-boost|p1a: Suicune|spa|1\n|-boost|p1a: Suicune|spd|1\n|\n|-heal|p2a: Klefki|29/100 brn|[from] item: Leftovers\n|-damage|p2a: Klefki|23/100 brn|[from] brn\n|upkeep\n|turn|36\n|inactive|Time left: 300 sec this turn | 300 sec total\n|\n|t:|1783561191\n|move|p2a: Klefki|Foul Play|p1a: Suicune\n|-damage|p1a: Suicune|260/298 par\n|cant|p1a: Suicune|par\n|\n|-heal|p2a: Klefki|29/100 brn|[from] item: Leftovers\n|-damage|p2a: Klefki|23/100 brn|[from] brn\n|upkeep\n|turn|37\n|inactive|Time left: 300 sec this turn | 300 sec total\n|\n|t:|1783561192\n|move|p2a: Klefki|Dazzling Gleam|p1a: Suicune\n|-damage|p1a: Suicune|245/298 par\n|move|p1a: Suicune|Rest|p1a: Suicune\n|-status|p1a: Suicune|slp|[from] move: Rest\n|-heal|p1a: Suicune|298/298 slp|[silent]\n|\n|-heal|p2a: Klefki|29/100 brn|[from] item: Leftovers\n|-damage|p2a: Klefki|23/100 brn|[from] brn\n|upkeep\n|turn|38\n|inactive|Time left: 300 sec this turn | 300 sec total\n|\n|t:|1783561193\n|switch|p2a: Ting-Lu|Ting-Lu, L78|28/100\n|-ability|p2a: Ting-Lu|Vessel of Ruin\n|cant|p1a: Suicune|slp\n|\n|-heal|p2a: Ting-Lu|34/100|[from] item: Leftovers\n|upkeep\n|turn|39\n|inactive|Time left: 300 sec this turn | 300 sec total\n|\n|t:|1783561194\n|cant|p1a: Suicune|slp\n|move|p2a: Ting-Lu|Earthquake|p1a: Suicune\n|-damage|p1a: Suicune|219/298 slp\n|\n|-heal|p2a: Ting-Lu|40/100|[from] item: Leftovers\n|upkeep\n|turn|40\n|inactive|Time left: 300 sec this turn | 300 sec total\n|\n|t:|1783561195\n|switch|p2a: Klefki|Klefki, L84, F|23/100 brn\n|-curestatus|p1a: Suicune|slp|[msg]\n|move|p1a: Suicune|Scald|p2a: Klefki\n|-damage|p2a: Klefki|0 fnt\n|faint|p2a: Klefki\n|\n|upkeep\n|\n|t:|1783561195\n|switch|p2a: Ting-Lu|Ting-Lu, L78|40/100\n|-ability|p2a: Ting-Lu|Vessel of Ruin\n|turn|41\n|inactive|Time left: 300 sec this turn | 300 sec total\n|\n|t:|1783561196\n|move|p1a: Suicune|Rest|p1a: Suicune\n|-status|p1a: Suicune|slp|[from] move: Rest\n|-heal|p1a: Suicune|298/298 slp|[silent]\n|move|p2a: Ting-Lu|Payback|p1a: Suicune\n|-damage|p1a: Suicune|213/298 slp\n|\n|-heal|p2a: Ting-Lu|46/100|[from] item: Leftovers\n|upkeep\n|turn|42\n|inactive|Time left: 300 sec this turn | 300 sec total\n|\n|t:|1783561197\n|-terastallize|p2a: Ting-Lu|Steel\n|cant|p1a: Suicune|slp\n|move|p1a: Suicune|Sleep Talk|p1a: Suicune\n|move|p1a: Suicune|Rest||[from] move: Sleep Talk|[still]\n|-fail|p1a: Suicune\n|move|p2a: Ting-Lu|Earthquake|p1a: Suicune\n|-damage|p1a: Suicune|120/298 slp\n|\n|-heal|p2a: Ting-Lu|53/100|[from] item: Leftovers\n|upkeep\n|turn|43\n|inactive|Time left: 300 sec this turn | 300 sec total\n|\n|t:|1783561198\n|cant|p1a: Suicune|slp\n|move|p1a: Suicune|Sleep Talk|p1a: Suicune\n|move|p1a: Suicune|Rest||[from] move: Sleep Talk|[still]\n|-fail|p1a: Suicune\n|move|p2a: Ting-Lu|Earthquake|p1a: Suicune\n|-damage|p1a: Suicune|35/298 slp\n|\n|-heal|p2a: Ting-Lu|59/100|[from] item: Leftovers\n|upkeep\n|turn|44\n|inactive|Time left: 300 sec this turn | 300 sec total\n|\n|t:|1783561199\n|-curestatus|p1a: Suicune|slp|[msg]\n|move|p1a: Suicune|Rest|p1a: Suicune\n|-status|p1a: Suicune|slp|[from] move: Rest\n|-heal|p1a: Suicune|298/298 slp|[silent]\n|move|p2a: Ting-Lu|Earthquake|p1a: Suicune\n|-crit|p1a: Suicune\n|-damage|p1a: Suicune|162/298 slp\n|\n|-heal|p2a: Ting-Lu|65/100|[from] item: Leftovers\n|upkeep\n|turn|45\n|inactive|Time left: 300 sec this turn | 300 sec total\n|\n|t:|1783561200\n|cant|p1a: Suicune|slp\n|move|p1a: Suicune|Sleep Talk|p1a: Suicune\n|move|p1a: Suicune|Scald|p2a: Ting-Lu|[from] move: Sleep Talk\n|-damage|p2a: Ting-Lu|0 fnt\n|faint|p2a: Ting-Lu\n|\n|win|p0x189377f5", "uploadtime": 1783561200, "views": 0, "rating": 0, "private": 0, "password": null, "_winner": "p0x189377f5", "_our_name": "p0x189377f5"}