{"id": "battle-gen9randombattle-2465", "formatid": "gen9randombattle", "format": "[Gen 9] Random Battle", "players": ["p0x246561ef", "p0y24651073"], "log": "|init|battle\n|title|p0x246561ef vs. p0y24651073\n|j|\u2606p0x246561ef\n|j|\u2606p0y24651073\n|t:|1783568579\n|gametype|singles\n|player|p1|p0x246561ef|102|\n|player|p2|p0y24651073|102|\n|gen|9\n|tier|[Gen 9] Random Battle\n|rule|Species Clause: Limit one of each Pok\u00e9mon\n|rule|HP Percentage Mod: HP is shown in percentages\n|rule|Sleep Clause Mod: Limit one foe put to sleep\n|rule|Illusion Level Mod: Illusion disguises the Pok\u00e9mon's true level\n|\n|t:|1783568579\n|teamsize|p1|6\n|teamsize|p2|6\n|start\n|switch|p1a: Trevenant|Trevenant, L89, F|296/296\n|switch|p2a: Fezandipiti|Fezandipiti, L82, M|100/100\n|turn|1\n|inactive|Battle timer is ON: inactive players will automatically lose when time's up. (requested by p0y24651073)\n|inactive|Time left: 300 sec this turn | 300 sec total | 60 sec grace\n|inactive|p0x246561ef also wants the timer to be on.\n|\n|t:|1783568581\n|move|p2a: Fezandipiti|Gunk Shot|p1a: Trevenant\n|-damage|p1a: Trevenant|170/296\n|-status|p1a: Trevenant|psn\n|move|p1a: Trevenant|Poltergeist|p2a: Fezandipiti\n|-activate|p2a: Fezandipiti|move: Poltergeist|Leftovers\n|-damage|p2a: Fezandipiti|22/100\n|-damage|p1a: Trevenant|141/296 psn|[from] item: Life Orb\n|\n|-heal|p2a: Fezandipiti|28/100|[from] item: Leftovers\n|-damage|p1a: Trevenant|104/296 psn|[from] psn\n|upkeep\n|turn|2\n|inactive|Time left: 300 sec this turn | 300 sec total\n|\n|t:|1783568582\n|move|p2a: Fezandipiti|Gunk Shot|p1a: Trevenant|[miss]\n|-miss|p2a: Fezandipiti|p1a: Trevenant\n|move|p1a: Trevenant|Poltergeist|p2a: Fezandipiti\n|-activate|p2a: Fezandipiti|move: Poltergeist|Leftovers\n|-damage|p2a: Fezandipiti|0 fnt\n|faint|p2a: Fezandipiti\n|-damage|p1a: Trevenant|75/296 psn|[from] item: Life Orb\n|\n|-damage|p1a: Trevenant|38/296 psn|[from] psn\n|upkeep\n|\n|t:|1783568583\n|switch|p2a: Iron Valiant|Iron Valiant, L78|100/100\n|turn|3\n|inactive|Time left: 300 sec this turn | 300 sec total\n|\n|t:|1783568584\n|-curestatus|p1a: Trevenant|psn|[from] ability: Natural Cure|[silent]\n|switch|p1a: Fezandipiti|Fezandipiti, L82, M|278/278\n|move|p2a: Iron Valiant|Spirit Break|p1a: Fezandipiti\n|-resisted|p1a: Fezandipiti\n|-damage|p1a: Fezandipiti|222/278\n|-unboost|p1a: Fezandipiti|spa|1\n|-damage|p2a: Iron Valiant|91/100|[from] item: Life Orb\n|\n|-heal|p1a: Fezandipiti|239/278|[from] item: Leftovers\n|upkeep\n|turn|4\n|inactive|Time left: 300 sec this turn | 300 sec total\n|\n|t:|1783568586\n|move|p2a: Iron Valiant|Swords Dance|p2a: Iron Valiant\n|-boost|p2a: Iron Valiant|atk|2\n|move|p1a: Fezandipiti|Gunk Shot|p2a: Iron Valiant\n|-supereffective|p2a: Iron Valiant\n|-damage|p2a: Iron Valiant|0 fnt\n|faint|p2a: Iron Valiant\n|-end|p2a: Iron Valiant|Quark Drive|[silent]\n|\n|-heal|p1a: Fezandipiti|256/278|[from] item: Leftovers\n|upkeep\n|\n|t:|1783568587\n|switch|p2a: Pelipper|Pelipper, L86, M|100/100\n|-weather|RainDance|[from] ability: Drizzle|[of] p2a: Pelipper\n|turn|5\n|inactive|Time left: 300 sec this turn | 300 sec total\n|\n|t:|1783568588\n|move|p1a: Fezandipiti|Gunk Shot|p2a: Pelipper|[miss]\n|-miss|p1a: Fezandipiti|p2a: Pelipper\n|move|p2a: Pelipper|Surf|p1a: Fezandipiti\n|-damage|p1a: Fezandipiti|141/278\n|\n|-weather|RainDance|[upkeep]\n|-heal|p1a: Fezandipiti|158/278|[from] item: Leftovers\n|upkeep\n|turn|6\n|inactive|Time left: 300 sec this turn | 300 sec total\n|\n|t:|1783568589\n|move|p1a: Fezandipiti|Roost|p1a: Fezandipiti\n|-heal|p1a: Fezandipiti|278/278\n|-singleturn|p1a: Fezandipiti|move: Roost\n|move|p2a: Pelipper|Surf|p1a: Fezandipiti\n|-damage|p1a: Fezandipiti|158/278\n|\n|-weather|RainDance|[upkeep]\n|-heal|p1a: Fezandipiti|175/278|[from] item: Leftovers\n|upkeep\n|turn|7\n|inactive|Time left: 300 sec this turn | 300 sec total\n|\n|t:|1783568590\n|move|p1a: Fezandipiti|Moonblast|p2a: Pelipper\n|-damage|p2a: Pelipper|75/100\n|move|p2a: Pelipper|Hurricane|p1a: Fezandipiti\n|-damage|p1a: Fezandipiti|82/278\n|-start|p1a: Fezandipiti|confusion\n|\n|-weather|RainDance|[upkeep]\n|-heal|p1a: Fezandipiti|99/278|[from] item: Leftovers\n|upkeep\n|turn|8\n|inactive|Time left: 300 sec this turn | 300 sec total\n|\n|t:|1783568591\n|switch|p1a: Altaria|Altaria, L89, M|278/278\n|move|p2a: Pelipper|Surf|p1a: Altaria\n|-resisted|p1a: Altaria\n|-damage|p1a: Altaria|219/278\n|\n|-weather|RainDance|[upkeep]\n|upkeep\n|turn|9\n|inactive|Time left: 300 sec this turn | 300 sec total\n|\n|t:|1783568592\n|move|p1a: Altaria|Dragon Dance|p1a: Altaria\n|-boost|p1a: Altaria|atk|1\n|-boost|p1a: Altaria|spe|1\n|move|p2a: Pelipper|Hurricane|p1a: Altaria\n|-damage|p1a: Altaria|120/278\n|\n|-weather|none\n|upkeep\n|turn|10\n|inactive|Time left: 300 sec this turn | 300 sec total\n|\n|t:|1783568593\n|move|p1a: Altaria|Roost|p1a: Altaria\n|-heal|p1a: Altaria|259/278\n|-singleturn|p1a: Altaria|move: Roost\n|move|p2a: Pelipper|Hurricane|p1a: Altaria\n|-damage|p1a: Altaria|156/278\n|-start|p1a: Altaria|confusion\n|\n|upkeep\n|turn|11\n|inactive|Time left: 300 sec this turn | 300 sec total\n|\n|t:|1783568593\n|-activate|p1a: Altaria|confusion\n|-damage|p1a: Altaria|120/278|[from] confusion\n|move|p2a: Pelipper|Hurricane|p1a: Altaria\n|-damage|p1a: Altaria|17/278\n|\n|upkeep\n|turn|12\n|inactive|Time left: 300 sec this turn | 300 sec total\n|\n|t:|1783568594\n|-activate|p1a: Altaria|confusion\n|move|p1a: Altaria|Roost|p1a: Altaria\n|-heal|p1a: Altaria|156/278\n|-singleturn|p1a: Altaria|move: Roost\n|move|p2a: Pelipper|Surf|p1a: Altaria\n|-resisted|p1a: Altaria\n|-damage|p1a: Altaria|114/278\n|\n|upkeep\n|turn|13\n|inactive|Time left: 300 sec this turn | 300 sec total\n|\n|t:|1783568595\n|-activate|p1a: Altaria|confusion\n|move|p1a: Altaria|Roost|p1a: Altaria\n|-heal|p1a: Altaria|253/278\n|-singleturn|p1a: Altaria|move: Roost\n|move|p2a: Pelipper|Hurricane|p1a: Altaria\n|-damage|p1a: Altaria|157/278\n|\n|upkeep\n|turn|14\n|inactive|Time left: 300 sec this turn | 300 sec total\n|\n|t:|1783568596\n|-activate|p1a: Altaria|confusion\n|move|p1a: Altaria|Dragon Dance|p1a: Altaria\n|-boost|p1a: Altaria|atk|1\n|-boost|p1a: Altaria|spe|1\n|move|p2a: Pelipper|Hurricane|p1a: Altaria|[miss]\n|-miss|p2a: Pelipper|p1a: Altaria\n|\n|upkeep\n|turn|15\n|inactive|Time left: 300 sec this turn | 300 sec total\n|\n|t:|1783568597\n|-end|p1a: Altaria|confusion\n|move|p1a: Altaria|Brave Bird|p2a: Pelipper\n|-damage|p2a: Pelipper|0 fnt\n|faint|p2a: Pelipper\n|-damage|p1a: Altaria|98/278|[from] Recoil\n|\n|upkeep\n|\n|t:|1783568598\n|switch|p2a: Palkia|Palkia, L75|100/100\n|-ability|p2a: Palkia|Pressure\n|turn|16\n|inactive|Time left: 300 sec this turn | 300 sec total\n|\n|t:|1783568599\n|-terastallize|p1a: Altaria|Steel\n|move|p1a: Altaria|Roost|p1a: Altaria\n|-heal|p1a: Altaria|237/278\n|move|p2a: Palkia|Draco Meteor|p1a: Altaria\n|-resisted|p1a: Altaria\n|-damage|p1a: Altaria|158/278\n|-unboost|p2a: Palkia|spa|2\n|\n|upkeep\n|turn|17\n|inactive|Time left: 300 sec this turn | 300 sec total\n|\n|t:|1783568600\n|switch|p2a: Jumpluff|Jumpluff, L87, M|100/100\n|move|p1a: Altaria|Earthquake|p2a: Jumpluff\n|-immune|p2a: Jumpluff\n|\n|upkeep\n|turn|18\n|inactive|Time left: 300 sec this turn | 300 sec total\n|\n|t:|1783568601\n|move|p1a: Altaria|Roost|p1a: Altaria\n|-heal|p1a: Altaria|278/278\n|move|p2a: Jumpluff|Leech Seed|p1a: Altaria\n|-start|p1a: Altaria|move: Leech Seed\n|\n|-damage|p1a: Altaria|244/278|[from] Leech Seed|[of] p2a: Jumpluff\n|upkeep\n|turn|19\n|inactive|Time left: 300 sec this turn | 300 sec total\n|\n|t:|1783568602\n|move|p1a: Altaria|Brave Bird|p2a: Jumpluff\n|-supereffective|p2a: Jumpluff\n|-damage|p2a: Jumpluff|0 fnt\n|faint|p2a: Jumpluff\n|-damage|p1a: Altaria|155/278|[from] Recoil\n|\n|upkeep\n|\n|t:|1783568603\n|switch|p2a: Palkia|Palkia, L75|100/100\n|-ability|p2a: Palkia|Pressure\n|turn|20\n|inactive|Time left: 300 sec this turn | 300 sec total\n|\n|t:|1783568604\n|move|p1a: Altaria|Brave Bird|p2a: Palkia\n|-damage|p2a: Palkia|14/100\n|-damage|p1a: Altaria|81/278|[from] Recoil\n|move|p2a: Palkia|Fire Blast|p1a: Altaria|[miss]\n|-miss|p2a: Palkia|p1a: Altaria\n|\n|-damage|p1a: Altaria|47/278|[from] Leech Seed|[of] p2a: Palkia\n|-heal|p2a: Palkia|28/100|[silent]\n|upkeep\n|turn|21\n|inactive|Time left: 300 sec this turn | 300 sec total\n|\n|t:|1783568605\n|move|p1a: Altaria|Earthquake|p2a: Palkia\n|-damage|p2a: Palkia|0 fnt\n|faint|p2a: Palkia\n|\n|upkeep\n|\n|t:|1783568606\n|switch|p2a: Infernape|Infernape, L82, M|100/100\n|turn|22\n|inactive|Time left: 300 sec this turn | 300 sec total\n|\n|t:|1783568607\n|move|p2a: Infernape|Mach Punch|p1a: Altaria\n|-supereffective|p1a: Altaria\n|-damage|p1a: Altaria|0 fnt\n|faint|p1a: Altaria\n|-damage|p2a: Infernape|91/100|[from] item: Life Orb\n|\n|upkeep\n|inactive|Time left: 300 sec this turn | 300 sec total | 5 sec grace\n|\n|t:|1783568608\n|switch|p1a: Diancie|Diancie, L82|216/216\n|turn|23\n|inactive|Time left: 300 sec this turn | 300 sec total\n|\n|t:|1783568609\n|move|p2a: Infernape|Grass Knot|p1a: Diancie\n|-supereffective|p1a: Diancie\n|-damage|p1a: Diancie|187/216\n|-damage|p2a: Infernape|81/100|[from] item: Life Orb\n|move|p1a: Diancie|Earth Power|p2a: Infernape\n|-supereffective|p2a: Infernape\n|-damage|p2a: Infernape|23/100\n|\n|-heal|p1a: Diancie|200/216|[from] item: Leftovers\n|upkeep\n|turn|24\n|inactive|Time left: 300 sec this turn | 300 sec total\n|\n|t:|1783568611\n|move|p2a: Infernape|Overheat|p1a: Diancie\n|-resisted|p1a: Diancie\n|-damage|p1a: Diancie|140/216\n|-unboost|p2a: Infernape|spa|2\n|-damage|p2a: Infernape|14/100|[from] item: Life Orb\n|move|p1a: Diancie|Earth Power|p2a: Infernape\n|-supereffective|p2a: Infernape\n|-damage|p2a: Infernape|0 fnt\n|faint|p2a: Infernape\n|\n|win|p0x246561ef", "uploadtime": 1783568611, "views": 0, "rating": 0, "private": 0, "password": null, "_winner": "p0x246561ef", "_our_name": "p0x246561ef"}