{"id": "battle-gen9randombattle-1254", "formatid": "gen9randombattle", "format": "[Gen 9] Random Battle", "players": ["p0x12544d0f", "p0y1254af0d"], "log": "|init|battle\n|title|p0x12544d0f vs. p0y1254af0d\n|j|\u2606p0x12544d0f\n|j|\u2606p0y1254af0d\n|t:|1783553660\n|gametype|singles\n|player|p1|p0x12544d0f|1|\n|player|p2|p0y1254af0d|2|\n|gen|9\n|tier|[Gen 9] Random Battle\n|rule|Species Clause: Limit one of each Pok\u00e9mon\n|rule|HP Percentage Mod: HP is shown in percentages\n|rule|Sleep Clause Mod: Limit one foe put to sleep\n|rule|Illusion Level Mod: Illusion disguises the Pok\u00e9mon's true level\n|\n|t:|1783553660\n|teamsize|p1|6\n|teamsize|p2|6\n|start\n|switch|p1a: Rhyperior|Rhyperior, L82, F|323/323\n|switch|p2a: Braviary|Braviary, L85, M|100/100\n|turn|1\n|inactive|Battle timer is ON: inactive players will automatically lose when time's up. (requested by p0y1254af0d)\n|inactive|Time left: 300 sec this turn | 300 sec total | 60 sec grace\n|inactive|p0x12544d0f also wants the timer to be on.\n|\n|t:|1783553662\n|switch|p2a: Granbull|Granbull, L88, M|100/100\n|-ability|p2a: Granbull|Intimidate|boost\n|-unboost|p1a: Rhyperior|atk|1\n|move|p1a: Rhyperior|Stone Edge|p2a: Granbull\n|-damage|p2a: Granbull|70/100\n|\n|-heal|p2a: Granbull|76/100|[from] item: Leftovers\n|upkeep\n|turn|2\n|inactive|Time left: 300 sec this turn | 300 sec total\n|\n|t:|1783553663\n|move|p2a: Granbull|Play Rough|p1a: Rhyperior\n|-crit|p1a: Rhyperior\n|-damage|p1a: Rhyperior|185/323\n|move|p1a: Rhyperior|Earthquake|p2a: Granbull\n|-damage|p2a: Granbull|43/100\n|\n|-heal|p2a: Granbull|49/100|[from] item: Leftovers\n|upkeep\n|turn|3\n|inactive|Time left: 300 sec this turn | 300 sec total\n|\n|t:|1783553665\n|move|p2a: Granbull|Play Rough|p1a: Rhyperior|[miss]\n|-miss|p2a: Granbull|p1a: Rhyperior\n|move|p1a: Rhyperior|Stone Edge|p2a: Granbull\n|-damage|p2a: Granbull|17/100\n|\n|-heal|p2a: Granbull|23/100|[from] item: Leftovers\n|upkeep\n|turn|4\n|inactive|Time left: 300 sec this turn | 300 sec total\n|\n|t:|1783553666\n|move|p2a: Granbull|Play Rough|p1a: Rhyperior\n|-damage|p1a: Rhyperior|94/323\n|move|p1a: Rhyperior|Stone Edge|p2a: Granbull\n|-crit|p2a: Granbull\n|-damage|p2a: Granbull|0 fnt\n|faint|p2a: Granbull\n|\n|upkeep\n|\n|t:|1783553667\n|switch|p2a: Beartic|Beartic, L91, F|100/100\n|turn|5\n|inactive|Time left: 300 sec this turn | 300 sec total\n|\n|t:|1783553668\n|switch|p1a: Iron Crown|Iron Crown, L78|268/268\n|move|p2a: Beartic|Icicle Crash|p1a: Iron Crown\n|-resisted|p1a: Iron Crown\n|-damage|p1a: Iron Crown|178/268\n|\n|upkeep\n|turn|6\n|inactive|Time left: 300 sec this turn | 300 sec total\n|\n|t:|1783553669\n|switch|p2a: Raikou|Raikou, L81|100/100\n|-ability|p2a: Raikou|Pressure\n|move|p1a: Iron Crown|Tachyon Cutter|p2a: Raikou\n|-resisted|p2a: Raikou\n|-damage|p2a: Raikou|86/100\n|-resisted|p2a: Raikou\n|-damage|p2a: Raikou|72/100\n|-hitcount|p2a: Raikou|2\n|\n|upkeep\n|turn|7\n|inactive|Time left: 300 sec this turn | 300 sec total\n|\n|t:|1783553670\n|move|p2a: Raikou|Calm Mind|p2a: Raikou\n|-boost|p2a: Raikou|spa|1\n|-boost|p2a: Raikou|spd|1\n|move|p1a: Iron Crown|Tachyon Cutter|p2a: Raikou\n|-resisted|p2a: Raikou\n|-damage|p2a: Raikou|63/100\n|-resisted|p2a: Raikou\n|-damage|p2a: Raikou|54/100\n|-hitcount|p2a: Raikou|2\n|\n|upkeep\n|turn|8\n|inactive|Time left: 300 sec this turn | 300 sec total\n|\n|t:|1783553671\n|-end|p1a: Iron Crown|Quark Drive|[silent]\n|switch|p1a: Dragapult|Dragapult, L77, F|262/262\n|move|p2a: Raikou|Scald|p1a: Dragapult\n|-resisted|p1a: Dragapult\n|-damage|p1a: Dragapult|210/262\n|\n|upkeep\n|turn|9\n|inactive|Time left: 300 sec this turn | 300 sec total\n|\n|t:|1783553673\n|move|p1a: Dragapult|Dragon Darts|p2a: Raikou\n|-damage|p2a: Raikou|26/100\n|-anim|p1a: Dragapult|Dragon Darts|p2a: Raikou\n|-damage|p2a: Raikou|0 fnt\n|faint|p2a: Raikou\n|-damage|p1a: Dragapult|184/262|[from] item: Life Orb\n|\n|upkeep\n|\n|t:|1783553674\n|switch|p2a: Beartic|Beartic, L91, F|100/100\n|turn|10\n|inactive|Time left: 300 sec this turn | 300 sec total\n|\n|t:|1783553674\n|move|p1a: Dragapult|Fire Blast|p2a: Beartic|[miss]\n|-miss|p1a: Dragapult|p2a: Beartic\n|move|p2a: Beartic|Earthquake|p1a: Dragapult\n|-damage|p1a: Dragapult|4/262\n|\n|upkeep\n|turn|11\n|inactive|Time left: 300 sec this turn | 300 sec total\n|\n|t:|1783553675\n|move|p1a: Dragapult|Dragon Darts|p2a: Beartic\n|-damage|p2a: Beartic|79/100\n|-anim|p1a: Dragapult|Dragon Darts|p2a: Beartic\n|-damage|p2a: Beartic|57/100\n|-damage|p1a: Dragapult|0 fnt|[from] item: Life Orb\n|faint|p1a: Dragapult\n|move|p2a: Beartic|Earthquake|p1: Dragapult|[notarget]\n|-fail|p2a: Beartic\n|\n|upkeep\n|inactive|Time left: 300 sec this turn | 300 sec total | 5 sec grace\n|\n|t:|1783553676\n|switch|p1a: Hydreigon|Hydreigon, L79, M|275/275\n|turn|12\n|inactive|Time left: 300 sec this turn | 300 sec total\n|\n|t:|1783553677\n|switch|p2a: Dipplin|Dipplin, L88, F|100/100\n|move|p1a: Hydreigon|Draco Meteor|p2a: Dipplin\n|-supereffective|p2a: Dipplin\n|-damage|p2a: Dipplin|0 fnt\n|-unboost|p1a: Hydreigon|spa|2\n|faint|p2a: Dipplin\n|\n|upkeep\n|\n|t:|1783553678\n|switch|p2a: Beartic|Beartic, L91, F|57/100\n|turn|13\n|inactive|Time left: 300 sec this turn | 300 sec total\n|\n|t:|1783553678\n|switch|p1a: Scovillain|Scovillain, L91, F|266/266\n|move|p2a: Beartic|Close Combat|p1a: Scovillain\n|-damage|p1a: Scovillain|66/266\n|-unboost|p2a: Beartic|def|1\n|-unboost|p2a: Beartic|spd|1\n|\n|-heal|p1a: Scovillain|82/266|[from] item: Leftovers\n|upkeep\n|turn|14\n|inactive|Time left: 300 sec this turn | 300 sec total\n|\n|t:|1783553679\n|switch|p2a: Braviary|Braviary, L85, M|100/100\n|move|p1a: Scovillain|Flamethrower|p2a: Braviary\n|-damage|p2a: Braviary|60/100\n|-status|p2a: Braviary|brn\n|\n|-heal|p1a: Scovillain|98/266|[from] item: Leftovers\n|-damage|p2a: Braviary|54/100 brn|[from] brn\n|upkeep\n|turn|15\n|inactive|Time left: 300 sec this turn | 300 sec total\n|\n|t:|1783553680\n|switch|p1a: Iron Crown|Iron Crown, L78|178/268\n|move|p2a: Braviary|Brave Bird|p1a: Iron Crown\n|-resisted|p1a: Iron Crown\n|-damage|p1a: Iron Crown|137/268\n|-damage|p2a: Braviary|49/100 brn|[from] Recoil\n|\n|-damage|p2a: Braviary|43/100 brn|[from] brn\n|upkeep\n|turn|16\n|inactive|Time left: 300 sec this turn | 300 sec total\n|\n|t:|1783553681\n|move|p1a: Iron Crown|Tachyon Cutter|p2a: Braviary\n|-damage|p2a: Braviary|10/100 brn\n|-damage|p2a: Braviary|0 fnt\n|faint|p2a: Braviary\n|-hitcount|p2: Braviary|2\n|\n|upkeep\n|\n|t:|1783553681\n|switch|p2a: Beartic|Beartic, L91, F|57/100\n|turn|17\n|inactive|Time left: 300 sec this turn | 300 sec total\n|\n|t:|1783553682\n|-terastallize|p2a: Beartic|Ground\n|move|p1a: Iron Crown|Tachyon Cutter|p2a: Beartic\n|-damage|p2a: Beartic|31/100\n|-damage|p2a: Beartic|4/100\n|-hitcount|p2a: Beartic|2\n|move|p2a: Beartic|Close Combat|p1a: Iron Crown\n|-damage|p1a: Iron Crown|0 fnt\n|-unboost|p2a: Beartic|def|1\n|-unboost|p2a: Beartic|spd|1\n|faint|p1a: Iron Crown\n|-end|p1a: Iron Crown|Quark Drive|[silent]\n|\n|upkeep\n|inactive|Time left: 300 sec this turn | 300 sec total | 5 sec grace\n|\n|t:|1783553683\n|switch|p1a: Hydreigon|Hydreigon, L79, M|275/275\n|turn|18\n|inactive|Time left: 300 sec this turn | 300 sec total\n|\n|t:|1783553684\n|move|p1a: Hydreigon|Dark Pulse|p2a: Beartic\n|-damage|p2a: Beartic|0 fnt\n|faint|p2a: Beartic\n|\n|upkeep\n|\n|t:|1783553685\n|switch|p2a: Medicham|Medicham, L86, F|100/100\n|turn|19\n|inactive|Time left: 300 sec this turn | 300 sec total\n|\n|t:|1783553685\n|move|p1a: Hydreigon|Dark Pulse|p2a: Medicham\n|-damage|p2a: Medicham|40/100\n|move|p2a: Medicham|Ice Punch|p1a: Hydreigon\n|-supereffective|p1a: Hydreigon\n|-damage|p1a: Hydreigon|17/275\n|\n|upkeep\n|turn|20\n|inactive|Time left: 300 sec this turn | 300 sec total\n|\n|t:|1783553686\n|move|p1a: Hydreigon|Dark Pulse|p2a: Medicham\n|-damage|p2a: Medicham|0 fnt\n|faint|p2a: Medicham\n|\n|win|p0x12544d0f", "uploadtime": 1783553686, "views": 0, "rating": 0, "private": 0, "password": null, "_winner": "p0x12544d0f", "_our_name": "p0x12544d0f"}