{"id": "battle-gen9randombattle-518", "formatid": "gen9randombattle", "format": "[Gen 9] Random Battle", "players": ["p0x5182ec8", "p0y5185ab3"], "log": "|init|battle\n|title|p0x5182ec8 vs. p0y5185ab3\n|j|\u2606p0x5182ec8\n|j|\u2606p0y5185ab3\n|t:|1783545047\n|gametype|singles\n|player|p1|p0x5182ec8|266|\n|player|p2|p0y5185ab3|101|\n|gen|9\n|tier|[Gen 9] Random Battle\n|rule|Species Clause: Limit one of each Pok\u00e9mon\n|rule|HP Percentage Mod: HP is shown in percentages\n|rule|Sleep Clause Mod: Limit one foe put to sleep\n|rule|Illusion Level Mod: Illusion disguises the Pok\u00e9mon's true level\n|\n|t:|1783545047\n|teamsize|p1|6\n|teamsize|p2|6\n|start\n|switch|p1a: Tinkaton|Tinkaton, L82, F|274/274\n|switch|p2a: Brute Bonnet|Brute Bonnet, L80|100/100\n|-ability|p1a: Tinkaton|Mold Breaker\n|turn|1\n|inactive|Battle timer is ON: inactive players will automatically lose when time's up. (requested by p0y5185ab3)\n|inactive|Time left: 300 sec this turn | 300 sec total | 60 sec grace\n|inactive|p0x5182ec8 also wants the timer to be on.\n|\n|t:|1783545049\n|move|p1a: Tinkaton|Swords Dance|p1a: Tinkaton\n|-boost|p1a: Tinkaton|atk|2\n|move|p2a: Brute Bonnet|Spore|p1a: Tinkaton\n|-status|p1a: Tinkaton|slp|[from] move: Spore\n|\n|upkeep\n|turn|2\n|inactive|Time left: 300 sec this turn | 300 sec total\n|\n|t:|1783545050\n|-end|p2a: Brute Bonnet|Protosynthesis|[silent]\n|switch|p2a: Tauros|Tauros-Paldea-Blaze, L81, M|100/100\n|-ability|p2a: Tauros|Intimidate|boost\n|-unboost|p1a: Tinkaton|atk|1\n|cant|p1a: Tinkaton|slp\n|\n|upkeep\n|turn|3\n|inactive|Time left: 300 sec this turn | 300 sec total\n|\n|t:|1783545051\n|switch|p1a: Chimecho|Chimecho, L93, M|290/290\n|move|p2a: Tauros|Flare Blitz|p1a: Chimecho\n|-damage|p1a: Chimecho|109/290\n|-status|p1a: Chimecho|brn\n|-damage|p2a: Tauros|77/100|[from] Recoil\n|\n|-heal|p1a: Chimecho|127/290 brn|[from] item: Leftovers\n|-damage|p1a: Chimecho|109/290 brn|[from] brn\n|upkeep\n|turn|4\n|inactive|Time left: 300 sec this turn | 300 sec total\n|\n|t:|1783545053\n|switch|p1a: Quagsire|Quagsire, L84, F|297/297\n|move|p2a: Tauros|Flare Blitz|p1a: Quagsire\n|-resisted|p1a: Quagsire\n|-damage|p1a: Quagsire|192/297\n|-damage|p2a: Tauros|63/100|[from] Recoil\n|\n|-heal|p1a: Quagsire|210/297|[from] item: Leftovers\n|upkeep\n|turn|5\n|inactive|Time left: 300 sec this turn | 300 sec total\n|\n|t:|1783545054\n|move|p2a: Tauros|Flare Blitz|p1a: Quagsire\n|-resisted|p1a: Quagsire\n|-damage|p1a: Quagsire|108/297\n|-damage|p2a: Tauros|50/100|[from] Recoil\n|move|p1a: Quagsire|Earthquake|p2a: Tauros\n|-supereffective|p2a: Tauros\n|-damage|p2a: Tauros|0 fnt\n|faint|p2a: Tauros\n|\n|-heal|p1a: Quagsire|126/297|[from] item: Leftovers\n|upkeep\n|\n|t:|1783545055\n|switch|p2a: Spiritomb|Spiritomb, L89, M|100/100\n|turn|6\n|inactive|Time left: 300 sec this turn | 300 sec total\n|\n|t:|1783545056\n|move|p2a: Spiritomb|Poltergeist|p1a: Quagsire\n|-activate|p1a: Quagsire|move: Poltergeist|Leftovers\n|-damage|p1a: Quagsire|5/297\n|move|p1a: Quagsire|Recover|p1a: Quagsire\n|-heal|p1a: Quagsire|154/297\n|\n|-heal|p1a: Quagsire|172/297|[from] item: Leftovers\n|upkeep\n|turn|7\n|inactive|Time left: 300 sec this turn | 300 sec total\n|\n|t:|1783545057\n|move|p2a: Spiritomb|Poltergeist|p1a: Quagsire\n|-activate|p1a: Quagsire|move: Poltergeist|Leftovers\n|-damage|p1a: Quagsire|34/297\n|move|p1a: Quagsire|Recover|p1a: Quagsire\n|-heal|p1a: Quagsire|183/297\n|\n|-heal|p1a: Quagsire|201/297|[from] item: Leftovers\n|upkeep\n|turn|8\n|inactive|Time left: 300 sec this turn | 300 sec total\n|\n|t:|1783545058\n|move|p2a: Spiritomb|Poltergeist|p1a: Quagsire\n|-activate|p1a: Quagsire|move: Poltergeist|Leftovers\n|-damage|p1a: Quagsire|81/297\n|move|p1a: Quagsire|Recover|p1a: Quagsire\n|-heal|p1a: Quagsire|230/297\n|\n|-heal|p1a: Quagsire|248/297|[from] item: Leftovers\n|upkeep\n|turn|9\n|inactive|Time left: 300 sec this turn | 300 sec total\n|\n|t:|1783545060\n|move|p2a: Spiritomb|Toxic|p1a: Quagsire|[miss]\n|-miss|p2a: Spiritomb|p1a: Quagsire\n|move|p1a: Quagsire|Toxic|p2a: Spiritomb\n|-status|p2a: Spiritomb|tox\n|\n|-heal|p1a: Quagsire|266/297|[from] item: Leftovers\n|-damage|p2a: Spiritomb|95/100 tox|[from] psn\n|upkeep\n|turn|10\n|inactive|Time left: 300 sec this turn | 300 sec total\n|\n|t:|1783545061\n|move|p2a: Spiritomb|Poltergeist|p1a: Quagsire\n|-activate|p1a: Quagsire|move: Poltergeist|Leftovers\n|-damage|p1a: Quagsire|128/297\n|move|p1a: Quagsire|Earthquake|p2a: Spiritomb\n|-damage|p2a: Spiritomb|61/100 tox\n|\n|-heal|p2a: Spiritomb|67/100 tox|[from] item: Leftovers\n|-heal|p1a: Quagsire|146/297|[from] item: Leftovers\n|-damage|p2a: Spiritomb|55/100 tox|[from] psn\n|upkeep\n|turn|11\n|inactive|Time left: 300 sec this turn | 300 sec total\n|\n|t:|1783545062\n|move|p2a: Spiritomb|Foul Play|p1a: Quagsire\n|-damage|p1a: Quagsire|52/297\n|move|p1a: Quagsire|Recover|p1a: Quagsire\n|-heal|p1a: Quagsire|201/297\n|\n|-heal|p2a: Spiritomb|61/100 tox|[from] item: Leftovers\n|-heal|p1a: Quagsire|219/297|[from] item: Leftovers\n|-damage|p2a: Spiritomb|43/100 tox|[from] psn\n|upkeep\n|turn|12\n|inactive|Time left: 300 sec this turn | 300 sec total\n|\n|t:|1783545063\n|switch|p2a: Espathra|Espathra, L80, F|100/100\n|move|p1a: Quagsire|Recover|p1a: Quagsire\n|-heal|p1a: Quagsire|297/297\n|\n|upkeep\n|turn|13\n|inactive|Time left: 300 sec this turn | 300 sec total\n|\n|t:|1783545064\n|move|p2a: Espathra|Calm Mind|p2a: Espathra\n|-boost|p2a: Espathra|spa|1\n|-boost|p2a: Espathra|spd|1\n|move|p1a: Quagsire|Earthquake|p2a: Espathra\n|-damage|p2a: Espathra|54/100\n|\n|-heal|p2a: Espathra|60/100|[from] item: Leftovers\n|-ability|p2a: Espathra|Speed Boost|boost\n|-boost|p2a: Espathra|spe|1\n|upkeep\n|turn|14\n|inactive|Time left: 300 sec this turn | 300 sec total\n|\n|t:|1783545065\n|move|p2a: Espathra|Protect|p2a: Espathra\n|-singleturn|p2a: Espathra|Protect\n|move|p1a: Quagsire|Earthquake|p2a: Espathra\n|-activate|p2a: Espathra|move: Protect\n|\n|-heal|p2a: Espathra|66/100|[from] item: Leftovers\n|-ability|p2a: Espathra|Speed Boost|boost\n|-boost|p2a: Espathra|spe|1\n|upkeep\n|turn|15\n|inactive|Time left: 300 sec this turn | 300 sec total\n|\n|t:|1783545066\n|move|p2a: Espathra|Calm Mind|p2a: Espathra\n|-boost|p2a: Espathra|spa|1\n|-boost|p2a: Espathra|spd|1\n|move|p1a: Quagsire|Earthquake|p2a: Espathra\n|-damage|p2a: Espathra|18/100\n|\n|-heal|p2a: Espathra|24/100|[from] item: Leftovers\n|-ability|p2a: Espathra|Speed Boost|boost\n|-boost|p2a: Espathra|spe|1\n|upkeep\n|turn|16\n|inactive|Time left: 300 sec this turn | 300 sec total\n|\n|t:|1783545067\n|move|p2a: Espathra|Protect|p2a: Espathra\n|-singleturn|p2a: Espathra|Protect\n|move|p1a: Quagsire|Earthquake|p2a: Espathra\n|-activate|p2a: Espathra|move: Protect\n|\n|-heal|p2a: Espathra|30/100|[from] item: Leftovers\n|-ability|p2a: Espathra|Speed Boost|boost\n|-boost|p2a: Espathra|spe|1\n|upkeep\n|turn|17\n|inactive|Time left: 300 sec this turn | 300 sec total\n|\n|t:|1783545068\n|move|p2a: Espathra|Stored Power|p1a: Quagsire\n|-damage|p1a: Quagsire|74/297\n|move|p1a: Quagsire|Earthquake|p2a: Espathra\n|-damage|p2a: Espathra|0 fnt\n|faint|p2a: Espathra\n|\n|-heal|p1a: Quagsire|92/297|[from] item: Leftovers\n|upkeep\n|\n|t:|1783545069\n|switch|p2a: Spiritomb|Spiritomb, L89, M|43/100 tox\n|turn|18\n|inactive|Time left: 300 sec this turn | 300 sec total\n|\n|t:|1783545070\n|switch|p1a: Tinkaton|Tinkaton, L82, F|274/274 slp\n|-ability|p1a: Tinkaton|Mold Breaker\n|move|p2a: Spiritomb|Poltergeist|p1a: Tinkaton\n|-activate|p1a: Tinkaton|move: Poltergeist|Leftovers\n|-damage|p1a: Tinkaton|141/274 slp\n|\n|-heal|p1a: Tinkaton|158/274 slp|[from] item: Leftovers\n|-heal|p2a: Spiritomb|49/100 tox|[from] item: Leftovers\n|-damage|p2a: Spiritomb|43/100 tox|[from] psn\n|upkeep\n|turn|19\n|inactive|Time left: 300 sec this turn | 300 sec total\n|\n|t:|1783545071\n|-curestatus|p1a: Tinkaton|slp|[msg]\n|move|p1a: Tinkaton|Play Rough|p2a: Spiritomb\n|-supereffective|p2a: Spiritomb\n|-damage|p2a: Spiritomb|0 fnt\n|faint|p2a: Spiritomb\n|\n|-heal|p1a: Tinkaton|175/274|[from] item: Leftovers\n|upkeep\n|\n|t:|1783545072\n|switch|p2a: Pawmot|Pawmot, L80, F|100/100\n|turn|20\n|inactive|Time left: 300 sec this turn | 300 sec total\n|\n|t:|1783545072\n|-terastallize|p2a: Pawmot|Electric\n|move|p1a: Tinkaton|Protect|p1a: Tinkaton\n|-singleturn|p1a: Tinkaton|Protect\n|move|p2a: Pawmot|Double Shock|p1a: Tinkaton\n|-activate|p1a: Tinkaton|move: Protect\n|\n|-heal|p1a: Tinkaton|192/274|[from] item: Leftovers\n|upkeep\n|turn|21\n|inactive|Time left: 300 sec this turn | 300 sec total\n|\n|t:|1783545073\n|switch|p1a: Plusle|Plusle, L95, M|268/268\n|move|p2a: Pawmot|Double Shock|p1a: Plusle\n|-ability|p1a: Plusle|Lightning Rod|boost\n|-boost|p1a: Plusle|spa|1\n|\n|upkeep\n|turn|22\n|inactive|Time left: 300 sec this turn | 300 sec total\n|\n|t:|1783545074\n|move|p1a: Plusle|Encore|p2a: Pawmot\n|-start|p2a: Pawmot|Encore\n|move|p2a: Pawmot|Double Shock|p1a: Plusle\n|-ability|p1a: Plusle|Lightning Rod|boost\n|-boost|p1a: Plusle|spa|1\n|\n|upkeep\n|turn|23\n|inactive|Time left: 300 sec this turn | 300 sec total\n|\n|t:|1783545075\n|switch|p2a: Brute Bonnet|Brute Bonnet, L80|100/100\n|move|p1a: Plusle|Thunderbolt|p2a: Brute Bonnet\n|-resisted|p2a: Brute Bonnet\n|-damage|p2a: Brute Bonnet|56/100\n|-damage|p1a: Plusle|242/268|[from] item: Life Orb\n|\n|-heal|p2a: Brute Bonnet|62/100|[from] item: Leftovers\n|upkeep\n|turn|24\n|inactive|Time left: 300 sec this turn | 300 sec total\n|\n|t:|1783545077\n|move|p1a: Plusle|Thunderbolt|p2a: Brute Bonnet\n|-resisted|p2a: Brute Bonnet\n|-damage|p2a: Brute Bonnet|17/100\n|-damage|p1a: Plusle|216/268|[from] item: Life Orb\n|move|p2a: Brute Bonnet|Crunch|p1a: Plusle\n|-damage|p1a: Plusle|69/268\n|\n|-heal|p2a: Brute Bonnet|23/100|[from] item: Leftovers\n|upkeep\n|turn|25\n|inactive|Time left: 300 sec this turn | 300 sec total\n|\n|t:|1783545078\n|move|p2a: Brute Bonnet|Sucker Punch|p1a: Plusle\n|-damage|p1a: Plusle|0 fnt\n|faint|p1a: Plusle\n|\n|-heal|p2a: Brute Bonnet|29/100|[from] item: Leftovers\n|upkeep\n|inactive|Time left: 300 sec this turn | 300 sec total | 5 sec grace\n|\n|t:|1783545079\n|switch|p1a: Tinkaton|Tinkaton, L82, F|192/274\n|-ability|p1a: Tinkaton|Mold Breaker\n|turn|26\n|inactive|Time left: 300 sec this turn | 300 sec total\n|\n|t:|1783545080\n|-end|p2a: Brute Bonnet|Protosynthesis|[silent]\n|switch|p2a: Pawmot|Pawmot, L80, F, tera:Electric|100/100\n|move|p1a: Tinkaton|Play Rough|p2a: Pawmot\n|-damage|p2a: Pawmot|62/100\n|\n|-heal|p1a: Tinkaton|209/274|[from] item: Leftovers\n|upkeep\n|turn|27\n|inactive|Time left: 300 sec this turn | 300 sec total\n|\n|t:|1783545081\n|switch|p1a: Quagsire|Quagsire, L84, F|92/297\n|move|p2a: Pawmot|Double Shock|p1a: Quagsire\n|-immune|p1a: Quagsire\n|\n|-heal|p1a: Quagsire|110/297|[from] item: Leftovers\n|upkeep\n|turn|28\n|inactive|Time left: 300 sec this turn | 300 sec total\n|\n|t:|1783545082\n|switch|p1a: Charizard|Charizard, L85, M|271/271\n|move|p2a: Pawmot|Close Combat|p1a: Charizard\n|-resisted|p1a: Charizard\n|-damage|p1a: Charizard|199/271\n|-unboost|p2a: Pawmot|def|1\n|-unboost|p2a: Pawmot|spd|1\n|\n|upkeep\n|turn|29\n|inactive|Time left: 300 sec this turn | 300 sec total\n|\n|t:|1783545084\n|switch|p2a: Brute Bonnet|Brute Bonnet, L80|29/100\n|move|p1a: Charizard|Earthquake|p2a: Brute Bonnet\n|-resisted|p2a: Brute Bonnet\n|-damage|p2a: Brute Bonnet|20/100\n|\n|-heal|p2a: Brute Bonnet|26/100|[from] item: Leftovers\n|upkeep\n|turn|30\n|inactive|Time left: 300 sec this turn | 300 sec total\n|\n|t:|1783545085\n|move|p2a: Brute Bonnet|Sucker Punch|p1a: Charizard\n|-damage|p1a: Charizard|109/271\n|move|p1a: Charizard|Flare Blitz|p2a: Brute Bonnet\n|-supereffective|p2a: Brute Bonnet\n|-damage|p2a: Brute Bonnet|0 fnt\n|faint|p2a: Brute Bonnet\n|-end|p2a: Brute Bonnet|Protosynthesis|[silent]\n|-damage|p1a: Charizard|83/271|[from] Recoil\n|\n|upkeep\n|\n|t:|1783545086\n|switch|p2a: Illumise|Illumise, L91, F|100/100\n|turn|31\n|inactive|Time left: 300 sec this turn | 300 sec total\n|\n|t:|1783545087\n|move|p2a: Illumise|Thunder Wave|p1a: Charizard|[miss]\n|-miss|p2a: Illumise|p1a: Charizard\n|move|p1a: Charizard|Flare Blitz|p2a: Illumise\n|-supereffective|p2a: Illumise\n|-damage|p2a: Illumise|0 fnt\n|faint|p2a: Illumise\n|-damage|p1a: Charizard|0 fnt|[from] Recoil\n|faint|p1a: Charizard\n|\n|upkeep\n|inactive|Time left: 300 sec this turn | 300 sec total | 5 sec grace\n|\n|t:|1783545087\n|switch|p1a: Ogerpon|Ogerpon-Cornerstone, L76, F|247/247\n|switch|p2a: Pawmot|Pawmot, L80, F, tera:Electric|62/100\n|turn|32\n|inactive|Time left: 300 sec this turn | 300 sec total\n|\n|t:|1783545088\n|-terastallize|p1a: Ogerpon|Rock\n|detailschange|p1a: Ogerpon|Ogerpon-Cornerstone-Tera, L76, F, tera:Rock\n|-ability|p1a: Ogerpon|Embody Aspect (Cornerstone)|boost\n|-boost|p1a: Ogerpon|def|1\n|move|p2a: Pawmot|Nuzzle|p1a: Ogerpon\n|-damage|p1a: Ogerpon|177/247\n|-status|p1a: Ogerpon|par\n|move|p1a: Ogerpon|Ivy Cudgel|p2a: Pawmot|[anim] Ivy Cudgel Rock\n|-damage|p2a: Pawmot|0 fnt\n|faint|p2a: Pawmot\n|\n|win|p0x5182ec8", "uploadtime": 1783545088, "views": 0, "rating": 0, "private": 0, "password": null, "_winner": "p0x5182ec8", "_our_name": "p0x5182ec8"}