{"id": "battle-gen9randombattle-2062", "formatid": "gen9randombattle", "format": "[Gen 9] Random Battle", "players": ["p0x20626469", "p0y2062ea6e"], "log": "|init|battle\n|title|p0x20626469 vs. p0y2062ea6e\n|j|\u2606p0x20626469\n|j|\u2606p0y2062ea6e\n|t:|1783563091\n|gametype|singles\n|player|p1|p0x20626469|102|\n|player|p2|p0y2062ea6e|266|\n|gen|9\n|tier|[Gen 9] Random Battle\n|rule|Species Clause: Limit one of each Pok\u00e9mon\n|rule|HP Percentage Mod: HP is shown in percentages\n|rule|Sleep Clause Mod: Limit one foe put to sleep\n|rule|Illusion Level Mod: Illusion disguises the Pok\u00e9mon's true level\n|\n|t:|1783563091\n|teamsize|p1|6\n|teamsize|p2|6\n|start\n|switch|p1a: Exeggutor|Exeggutor-Alola, L89, M|100/100\n|switch|p2a: Sandaconda|Sandaconda, L84, M|258/258\n|turn|1\n|inactive|Battle timer is ON: inactive players will automatically lose when time's up. (requested by p0x20626469)\n|inactive|Time left: 300 sec this turn | 300 sec total | 60 sec grace\n|inactive|p0y2062ea6e also wants the timer to be on.\n|\n|t:|1783563093\n|move|p2a: Sandaconda|Stealth Rock|p1a: Exeggutor\n|-sidestart|p1: p0x20626469|move: Stealth Rock\n|move|p1a: Exeggutor|Giga Drain|p2a: Sandaconda\n|-supereffective|p2a: Sandaconda\n|-damage|p2a: Sandaconda|22/258\n|\n|-heal|p2a: Sandaconda|38/258|[from] item: Leftovers\n|upkeep\n|turn|2\n|inactive|Time left: 300 sec this turn | 300 sec total\n|\n|t:|1783563094\n|move|p2a: Sandaconda|Rest|p2a: Sandaconda\n|-status|p2a: Sandaconda|slp|[from] move: Rest\n|-heal|p2a: Sandaconda|258/258 slp|[silent]\n|move|p1a: Exeggutor|Dragon Pulse|p2a: Sandaconda\n|-damage|p2a: Sandaconda|122/258 slp\n|\n|-activate|p2a: Sandaconda|ability: Shed Skin\n|-curestatus|p2a: Sandaconda|slp|[msg]\n|-heal|p2a: Sandaconda|138/258|[from] item: Leftovers\n|upkeep\n|turn|3\n|inactive|Time left: 300 sec this turn | 300 sec total\n|\n|t:|1783563095\n|switch|p2a: Polteageist|Polteageist-Antique, L78|222/222\n|move|p1a: Exeggutor|Giga Drain|p2a: Polteageist\n|-damage|p2a: Polteageist|134/222\n|\n|upkeep\n|turn|4\n|inactive|Time left: 300 sec this turn | 300 sec total\n|\n|t:|1783563096\n|move|p2a: Polteageist|Shell Smash|p2a: Polteageist\n|-unboost|p2a: Polteageist|def|1\n|-unboost|p2a: Polteageist|spd|1\n|-boost|p2a: Polteageist|atk|2\n|-boost|p2a: Polteageist|spa|2\n|-boost|p2a: Polteageist|spe|2\n|-enditem|p2a: Polteageist|White Herb\n|-clearnegativeboost|p2a: Polteageist|[silent]\n|move|p1a: Exeggutor|Calm Mind|p1a: Exeggutor\n|-boost|p1a: Exeggutor|spa|1\n|-boost|p1a: Exeggutor|spd|1\n|\n|upkeep\n|turn|5\n|inactive|Time left: 300 sec this turn | 300 sec total\n|\n|t:|1783563097\n|move|p2a: Polteageist|Strength Sap|p1a: Exeggutor\n|-unboost|p1a: Exeggutor|atk|1\n|-heal|p2a: Polteageist|222/222\n|move|p1a: Exeggutor|Dragon Pulse|p2a: Polteageist\n|-damage|p2a: Polteageist|54/222\n|-start|p1a: Exeggutor|Disable|Dragon Pulse|[from] ability: Cursed Body|[of] p2a: Polteageist\n|\n|upkeep\n|turn|6\n|inactive|Time left: 300 sec this turn | 300 sec total\n|\n|t:|1783563098\n|move|p2a: Polteageist|Strength Sap|p1a: Exeggutor\n|-unboost|p1a: Exeggutor|atk|1\n|-heal|p2a: Polteageist|181/222\n|move|p1a: Exeggutor|Giga Drain|p2a: Polteageist\n|-damage|p2a: Polteageist|30/222\n|\n|upkeep\n|turn|7\n|inactive|Time left: 300 sec this turn | 300 sec total\n|\n|t:|1783563099\n|move|p2a: Polteageist|Strength Sap|p1a: Exeggutor\n|-unboost|p1a: Exeggutor|atk|1\n|-heal|p2a: Polteageist|125/222\n|move|p1a: Exeggutor|Giga Drain|p2a: Polteageist\n|-crit|p2a: Polteageist\n|-damage|p2a: Polteageist|0 fnt\n|faint|p2a: Polteageist\n|\n|upkeep\n|inactive|Time left: 300 sec this turn | 300 sec total | 5 sec grace\n|\n|t:|1783563100\n|switch|p2a: Dedenne|Dedenne, L88, F|261/261\n|turn|8\n|inactive|Time left: 300 sec this turn | 300 sec total\n|\n|t:|1783563101\n|move|p2a: Dedenne|Super Fang|p1a: Exeggutor\n|-damage|p1a: Exeggutor|50/100\n|-enditem|p1a: Exeggutor|Sitrus Berry|[eat]\n|-heal|p1a: Exeggutor|75/100|[from] item: Sitrus Berry\n|move|p1a: Exeggutor|Giga Drain|p2a: Dedenne\n|-damage|p2a: Dedenne|59/261\n|-heal|p1a: Exeggutor|100/100|[from] drain|[of] p2a: Dedenne\n|-enditem|p2a: Dedenne|Sitrus Berry|[eat]\n|-heal|p2a: Dedenne|124/261|[from] item: Sitrus Berry\n|-heal|p2a: Dedenne|211/261|[from] ability: Cheek Pouch\n|\n|-end|p1a: Exeggutor|Disable\n|-item|p1a: Exeggutor|Sitrus Berry|[from] ability: Harvest\n|upkeep\n|turn|9\n|inactive|Time left: 300 sec this turn | 300 sec total\n|\n|t:|1783563102\n|move|p2a: Dedenne|Dazzling Gleam|p1a: Exeggutor\n|-supereffective|p1a: Exeggutor\n|-damage|p1a: Exeggutor|66/100\n|move|p1a: Exeggutor|Giga Drain|p2a: Dedenne\n|-damage|p2a: Dedenne|37/261\n|-heal|p1a: Exeggutor|94/100|[from] drain|[of] p2a: Dedenne\n|\n|upkeep\n|turn|10\n|inactive|Time left: 300 sec this turn | 300 sec total\n|\n|t:|1783563103\n|move|p2a: Dedenne|Super Fang|p1a: Exeggutor\n|-damage|p1a: Exeggutor|47/100\n|-enditem|p1a: Exeggutor|Sitrus Berry|[eat]\n|-heal|p1a: Exeggutor|72/100|[from] item: Sitrus Berry\n|move|p1a: Exeggutor|Flamethrower|p2a: Dedenne\n|-damage|p2a: Dedenne|0 fnt\n|faint|p2a: Dedenne\n|\n|upkeep\n|inactive|Time left: 300 sec this turn | 300 sec total | 5 sec grace\n|\n|t:|1783563104\n|switch|p2a: Clawitzer|Clawitzer, L87, F|265/265\n|turn|11\n|inactive|Time left: 300 sec this turn | 300 sec total\n|\n|t:|1783563104\n|move|p2a: Clawitzer|Dragon Pulse|p1a: Exeggutor\n|-supereffective|p1a: Exeggutor\n|-damage|p1a: Exeggutor|0 fnt\n|faint|p1a: Exeggutor\n|\n|upkeep\n|\n|t:|1783563105\n|switch|p1a: Lugia|Lugia, L73|100/100\n|turn|12\n|inactive|Time left: 300 sec this turn | 300 sec total\n|\n|t:|1783563107\n|move|p1a: Lugia|Calm Mind|p1a: Lugia\n|-boost|p1a: Lugia|spa|1\n|-boost|p1a: Lugia|spd|1\n|move|p2a: Clawitzer|Dragon Pulse|p1a: Lugia\n|-damage|p1a: Lugia|86/100\n|\n|upkeep\n|turn|13\n|inactive|Time left: 300 sec this turn | 300 sec total\n|\n|t:|1783563108\n|move|p1a: Lugia|Calm Mind|p1a: Lugia\n|-boost|p1a: Lugia|spa|1\n|-boost|p1a: Lugia|spd|1\n|move|p2a: Clawitzer|Dragon Pulse|p1a: Lugia\n|-damage|p1a: Lugia|63/100\n|\n|upkeep\n|turn|14\n|inactive|Time left: 300 sec this turn | 300 sec total\n|\n|t:|1783563109\n|move|p1a: Lugia|Aeroblast|p2a: Clawitzer\n|-crit|p2a: Clawitzer\n|-damage|p2a: Clawitzer|31/265\n|move|p2a: Clawitzer|Dragon Pulse|p1a: Lugia\n|-damage|p1a: Lugia|43/100\n|\n|upkeep\n|turn|15\n|inactive|Time left: 300 sec this turn | 300 sec total\n|\n|t:|1783563110\n|move|p1a: Lugia|Aeroblast|p2a: Clawitzer\n|-damage|p2a: Clawitzer|0 fnt\n|faint|p2a: Clawitzer\n|\n|upkeep\n|inactive|Time left: 300 sec this turn | 300 sec total | 5 sec grace\n|\n|t:|1783563111\n|switch|p2a: Great Tusk|Great Tusk, L77|304/304\n|turn|16\n|inactive|Time left: 300 sec this turn | 300 sec total\n|\n|t:|1783563112\n|-terastallize|p2a: Great Tusk|Steel\n|move|p1a: Lugia|Recover|p1a: Lugia\n|-heal|p1a: Lugia|93/100\n|move|p2a: Great Tusk|Stone Edge|p1a: Lugia|[miss]\n|-miss|p2a: Great Tusk|p1a: Lugia\n|\n|upkeep\n|turn|17\n|inactive|Time left: 300 sec this turn | 300 sec total\n|\n|t:|1783563113\n|move|p1a: Lugia|Aeroblast|p2a: Great Tusk\n|-resisted|p2a: Great Tusk\n|-damage|p2a: Great Tusk|224/304\n|move|p2a: Great Tusk|Stone Edge|p1a: Lugia\n|-supereffective|p1a: Lugia\n|-damage|p1a: Lugia|45/100\n|\n|upkeep\n|turn|18\n|inactive|Time left: 300 sec this turn | 300 sec total\n|\n|t:|1783563114\n|move|p1a: Lugia|Recover|p1a: Lugia\n|-heal|p1a: Lugia|95/100\n|move|p2a: Great Tusk|Stone Edge|p1a: Lugia\n|-supereffective|p1a: Lugia\n|-damage|p1a: Lugia|46/100\n|\n|upkeep\n|turn|19\n|inactive|Time left: 300 sec this turn | 300 sec total\n|\n|t:|1783563115\n|move|p1a: Lugia|Recover|p1a: Lugia\n|-heal|p1a: Lugia|96/100\n|move|p2a: Great Tusk|Stone Edge|p1a: Lugia\n|-supereffective|p1a: Lugia\n|-damage|p1a: Lugia|47/100\n|\n|upkeep\n|turn|20\n|inactive|Time left: 300 sec this turn | 300 sec total\n|\n|t:|1783563116\n|move|p1a: Lugia|Recover|p1a: Lugia\n|-heal|p1a: Lugia|97/100\n|move|p2a: Great Tusk|Stone Edge|p1a: Lugia\n|-supereffective|p1a: Lugia\n|-damage|p1a: Lugia|49/100\n|\n|upkeep\n|turn|21\n|inactive|Time left: 300 sec this turn | 300 sec total\n|\n|t:|1783563117\n|move|p1a: Lugia|Recover|p1a: Lugia\n|-heal|p1a: Lugia|99/100\n|move|p2a: Great Tusk|Stone Edge|p1a: Lugia\n|-supereffective|p1a: Lugia\n|-damage|p1a: Lugia|51/100\n|\n|upkeep\n|turn|22\n|inactive|Time left: 300 sec this turn | 300 sec total\n|\n|t:|1783563118\n|move|p1a: Lugia|Recover|p1a: Lugia\n|-heal|p1a: Lugia|100/100\n|move|p2a: Great Tusk|Stone Edge|p1a: Lugia\n|-supereffective|p1a: Lugia\n|-damage|p1a: Lugia|78/100\n|\n|upkeep\n|turn|23\n|inactive|Time left: 300 sec this turn | 300 sec total\n|\n|t:|1783563119\n|move|p1a: Lugia|Aeroblast|p2a: Great Tusk\n|-resisted|p2a: Great Tusk\n|-damage|p2a: Great Tusk|148/304\n|move|p2a: Great Tusk|Stone Edge|p1a: Lugia\n|-supereffective|p1a: Lugia\n|-crit|p1a: Lugia\n|-damage|p1a: Lugia|14/100\n|\n|upkeep\n|turn|24\n|inactive|Time left: 300 sec this turn | 300 sec total\n|\n|t:|1783563120\n|move|p1a: Lugia|Recover|p1a: Lugia\n|-heal|p1a: Lugia|64/100\n|move|p2a: Great Tusk|Rapid Spin|p1a: Lugia\n|-damage|p1a: Lugia|52/100\n|-boost|p2a: Great Tusk|spe|1\n|\n|upkeep\n|turn|25\n|inactive|Time left: 300 sec this turn | 300 sec total\n|\n|t:|1783563121\n|move|p2a: Great Tusk|Rapid Spin|p1a: Lugia\n|-damage|p1a: Lugia|41/100\n|-boost|p2a: Great Tusk|spe|1\n|move|p1a: Lugia|Aeroblast|p2a: Great Tusk\n|-resisted|p2a: Great Tusk\n|-damage|p2a: Great Tusk|67/304\n|\n|upkeep\n|turn|26\n|inactive|Time left: 300 sec this turn | 300 sec total\n|\n|t:|1783563122\n|move|p2a: Great Tusk|Rapid Spin|p1a: Lugia\n|-damage|p1a: Lugia|29/100\n|-boost|p2a: Great Tusk|spe|1\n|move|p1a: Lugia|Aeroblast|p2a: Great Tusk\n|-resisted|p2a: Great Tusk\n|-damage|p2a: Great Tusk|0 fnt\n|faint|p2a: Great Tusk\n|-end|p2a: Great Tusk|Protosynthesis|[silent]\n|\n|upkeep\n|inactive|Time left: 300 sec this turn | 300 sec total | 5 sec grace\n|\n|t:|1783563123\n|switch|p2a: Trevenant|Trevenant, L89, M|296/296\n|turn|27\n|inactive|Time left: 300 sec this turn | 300 sec total\n|\n|t:|1783563124\n|move|p1a: Lugia|Aeroblast|p2a: Trevenant\n|-supereffective|p2a: Trevenant\n|-damage|p2a: Trevenant|0 fnt\n|faint|p2a: Trevenant\n|\n|upkeep\n|inactive|Time left: 300 sec this turn | 300 sec total | 5 sec grace\n|\n|t:|1783563124\n|switch|p2a: Sandaconda|Sandaconda, L84, M|138/258\n|turn|28\n|inactive|Time left: 300 sec this turn | 300 sec total\n|\n|t:|1783563125\n|move|p1a: Lugia|Aeroblast|p2a: Sandaconda|[miss]\n|-miss|p1a: Lugia|p2a: Sandaconda\n|move|p2a: Sandaconda|Stealth Rock||[still]\n|-fail|p2a: Sandaconda\n|\n|-heal|p2a: Sandaconda|154/258|[from] item: Leftovers\n|upkeep\n|turn|29\n|inactive|Time left: 300 sec this turn | 300 sec total\n|\n|t:|1783563126\n|move|p1a: Lugia|Psychic Noise|p2a: Sandaconda\n|-damage|p2a: Sandaconda|27/258\n|-start|p2a: Sandaconda|move: Heal Block\n|cant|p2a: Sandaconda|move: Heal Block|Rest\n|\n|upkeep\n|turn|30\n|inactive|Time left: 300 sec this turn | 300 sec total\n|\n|t:|1783563127\n|move|p1a: Lugia|Psychic Noise|p2a: Sandaconda\n|-damage|p2a: Sandaconda|0 fnt\n|faint|p2a: Sandaconda\n|\n|win|p0x20626469", "uploadtime": 1783563127, "views": 0, "rating": 0, "private": 0, "password": null, "_winner": "p0x20626469", "_our_name": "p0y2062ea6e"}