{"id": "battle-gen9randombattle-576", "formatid": "gen9randombattle", "format": "[Gen 9] Random Battle", "players": ["p0x576e03b", "p0y576ea43"], "log": "|init|battle\n|title|p0x576e03b vs. p0y576ea43\n|j|\u2606p0x576e03b\n|j|\u2606p0y576ea43\n|t:|1783546482\n|gametype|singles\n|player|p1|p0x576e03b|101|\n|player|p2|p0y576ea43|170|\n|gen|9\n|tier|[Gen 9] Random Battle\n|rule|Species Clause: Limit one of each Pok\u00e9mon\n|rule|HP Percentage Mod: HP is shown in percentages\n|rule|Sleep Clause Mod: Limit one foe put to sleep\n|rule|Illusion Level Mod: Illusion disguises the Pok\u00e9mon's true level\n|\n|t:|1783546482\n|teamsize|p1|6\n|teamsize|p2|6\n|start\n|switch|p1a: Dudunsparce|Dudunsparce, L83, F|100/100\n|switch|p2a: Sandaconda|Sandaconda, L84, F|258/258\n|turn|1\n|inactive|Battle timer is ON: inactive players will automatically lose when time's up. (requested by p0x576e03b)\n|inactive|Time left: 300 sec this turn | 300 sec total | 60 sec grace\n|inactive|p0y576ea43 also wants the timer to be on.\n|\n|t:|1783546483\n|move|p2a: Sandaconda|Coil|p2a: Sandaconda\n|-boost|p2a: Sandaconda|atk|1\n|-boost|p2a: Sandaconda|def|1\n|-boost|p2a: Sandaconda|accuracy|1\n|move|p1a: Dudunsparce|Boomburst|p2a: Sandaconda\n|-damage|p2a: Sandaconda|96/258\n|\n|upkeep\n|turn|2\n|inactive|Time left: 300 sec this turn | 300 sec total\n|\n|t:|1783546484\n|move|p2a: Sandaconda|Earthquake|p1a: Dudunsparce\n|-damage|p1a: Dudunsparce|50/100\n|move|p1a: Dudunsparce|Boomburst|p2a: Sandaconda\n|-damage|p2a: Sandaconda|0 fnt\n|faint|p2a: Sandaconda\n|\n|-heal|p1a: Dudunsparce|56/100|[from] item: Leftovers\n|upkeep\n|inactive|Time left: 300 sec this turn | 300 sec total | 5 sec grace\n|\n|t:|1783546485\n|switch|p2a: Vivillon|Vivillon-River, L83, M|268/268\n|turn|3\n|inactive|Time left: 300 sec this turn | 300 sec total\n|\n|t:|1783546486\n|move|p2a: Vivillon|Quiver Dance|p2a: Vivillon\n|-boost|p2a: Vivillon|spa|1\n|-boost|p2a: Vivillon|spd|1\n|-boost|p2a: Vivillon|spe|1\n|move|p1a: Dudunsparce|Boomburst|p2a: Vivillon\n|-damage|p2a: Vivillon|145/268\n|\n|-heal|p1a: Dudunsparce|62/100|[from] item: Leftovers\n|upkeep\n|turn|4\n|inactive|Time left: 300 sec this turn | 300 sec total\n|\n|t:|1783546487\n|move|p2a: Vivillon|Sleep Powder|p1a: Dudunsparce\n|-status|p1a: Dudunsparce|slp|[from] move: Sleep Powder\n|cant|p1a: Dudunsparce|slp\n|\n|-heal|p1a: Dudunsparce|68/100 slp|[from] item: Leftovers\n|upkeep\n|turn|5\n|inactive|Time left: 300 sec this turn | 300 sec total\n|\n|t:|1783546488\n|switch|p1a: Kingambit|Kingambit, L74, F|100/100\n|move|p2a: Vivillon|Hurricane|p1a: Kingambit\n|-resisted|p1a: Kingambit\n|-damage|p1a: Kingambit|64/100\n|\n|-heal|p1a: Kingambit|70/100|[from] item: Leftovers\n|upkeep\n|turn|6\n|inactive|Time left: 300 sec this turn | 300 sec total\n|\n|t:|1783546489\n|move|p2a: Vivillon|Hurricane|p1a: Kingambit\n|-resisted|p1a: Kingambit\n|-damage|p1a: Kingambit|38/100\n|move|p1a: Kingambit|Kowtow Cleave|p2a: Vivillon\n|-damage|p2a: Vivillon|7/268\n|\n|-heal|p1a: Kingambit|44/100|[from] item: Leftovers\n|upkeep\n|turn|7\n|inactive|Time left: 300 sec this turn | 300 sec total\n|\n|t:|1783546490\n|move|p1a: Kingambit|Sucker Punch|p2a: Vivillon\n|-crit|p2a: Vivillon\n|-damage|p2a: Vivillon|0 fnt\n|faint|p2a: Vivillon\n|\n|-heal|p1a: Kingambit|50/100|[from] item: Leftovers\n|upkeep\n|inactive|Time left: 300 sec this turn | 300 sec total | 5 sec grace\n|\n|t:|1783546491\n|switch|p2a: Houndoom|Houndoom, L87, M|272/272\n|turn|8\n|inactive|Time left: 300 sec this turn | 300 sec total\n|\n|t:|1783546492\n|-end|p1a: Kingambit|fallenundefined|[silent]\n|switch|p1a: Terrakion|Terrakion, L79|100/100\n|move|p2a: Houndoom|Fire Blast|p1a: Terrakion\n|-resisted|p1a: Terrakion\n|-crit|p1a: Terrakion\n|-damage|p1a: Terrakion|61/100\n|\n|upkeep\n|turn|9\n|inactive|Time left: 300 sec this turn | 300 sec total\n|\n|t:|1783546493\n|switch|p2a: Sableye|Sableye, L88, F|231/231\n|move|p1a: Terrakion|Close Combat|p2a: Sableye\n|-immune|p2a: Sableye\n|\n|upkeep\n|turn|10\n|inactive|Time left: 300 sec this turn | 300 sec total\n|\n|t:|1783546494\n|move|p1a: Terrakion|Close Combat|p2a: Sableye\n|-immune|p2a: Sableye\n|move|p2a: Sableye|Knock Off|p1a: Terrakion\n|-resisted|p1a: Terrakion\n|-damage|p1a: Terrakion|42/100\n|-ability|p1a: Terrakion|Justified|boost\n|-boost|p1a: Terrakion|atk|1\n|-enditem|p1a: Terrakion|Choice Band|[from] move: Knock Off|[of] p2a: Sableye\n|\n|upkeep\n|turn|11\n|inactive|Time left: 300 sec this turn | 300 sec total\n|\n|t:|1783546495\n|move|p2a: Sableye|Will-O-Wisp|p1a: Terrakion\n|-status|p1a: Terrakion|brn\n|move|p1a: Terrakion|Stone Edge|p2a: Sableye\n|-damage|p2a: Sableye|137/231\n|\n|-heal|p2a: Sableye|151/231|[from] item: Leftovers\n|-damage|p1a: Terrakion|36/100 brn|[from] brn\n|upkeep\n|turn|12\n|inactive|Time left: 300 sec this turn | 300 sec total\n|\n|t:|1783546496\n|move|p2a: Sableye|Recover|p2a: Sableye\n|-heal|p2a: Sableye|231/231\n|move|p1a: Terrakion|Stone Edge|p2a: Sableye\n|-damage|p2a: Sableye|130/231\n|\n|-heal|p2a: Sableye|144/231|[from] item: Leftovers\n|-damage|p1a: Terrakion|30/100 brn|[from] brn\n|upkeep\n|turn|13\n|inactive|Time left: 300 sec this turn | 300 sec total\n|\n|t:|1783546497\n|move|p2a: Sableye|Recover|p2a: Sableye\n|-heal|p2a: Sableye|231/231\n|move|p1a: Terrakion|Earthquake|p2a: Sableye\n|-damage|p2a: Sableye|164/231\n|\n|-heal|p2a: Sableye|178/231|[from] item: Leftovers\n|-damage|p1a: Terrakion|24/100 brn|[from] brn\n|upkeep\n|turn|14\n|inactive|Time left: 300 sec this turn | 300 sec total\n|\n|t:|1783546498\n|move|p1a: Terrakion|Stone Edge|p2a: Sableye\n|-damage|p2a: Sableye|88/231\n|move|p2a: Sableye|Knock Off|p1a: Terrakion\n|-resisted|p1a: Terrakion\n|-damage|p1a: Terrakion|13/100 brn\n|-ability|p1a: Terrakion|Justified|boost\n|-boost|p1a: Terrakion|atk|1\n|\n|-heal|p2a: Sableye|102/231|[from] item: Leftovers\n|-damage|p1a: Terrakion|6/100 brn|[from] brn\n|upkeep\n|turn|15\n|inactive|Time left: 300 sec this turn | 300 sec total\n|\n|t:|1783546499\n|switch|p1a: Kingambit|Kingambit, L74, F|50/100\n|move|p2a: Sableye|Recover|p2a: Sableye\n|-heal|p2a: Sableye|218/231\n|\n|-heal|p2a: Sableye|231/231|[from] item: Leftovers\n|-heal|p1a: Kingambit|56/100|[from] item: Leftovers\n|upkeep\n|turn|16\n|inactive|Time left: 300 sec this turn | 300 sec total\n|\n|t:|1783546500\n|switch|p2a: Houndoom|Houndoom, L87, M|272/272\n|move|p1a: Kingambit|Swords Dance|p1a: Kingambit\n|-boost|p1a: Kingambit|atk|2\n|\n|-heal|p1a: Kingambit|62/100|[from] item: Leftovers\n|upkeep\n|turn|17\n|inactive|Time left: 300 sec this turn | 300 sec total\n|\n|t:|1783546501\n|move|p1a: Kingambit|Sucker Punch|p2a: Houndoom\n|-resisted|p2a: Houndoom\n|-damage|p2a: Houndoom|167/272\n|move|p2a: Houndoom|Fire Blast|p1a: Kingambit\n|-supereffective|p1a: Kingambit\n|-damage|p1a: Kingambit|0 fnt\n|faint|p1a: Kingambit\n|-end|p1a: Kingambit|fallenundefined|[silent]\n|\n|upkeep\n|\n|t:|1783546503\n|switch|p1a: Tsareena|Tsareena, L87, F|100/100\n|turn|18\n|inactive|Time left: 300 sec this turn | 300 sec total\n|\n|t:|1783546504\n|move|p2a: Houndoom|Fire Blast|p1a: Tsareena\n|-supereffective|p1a: Tsareena\n|-damage|p1a: Tsareena|42/100\n|move|p1a: Tsareena|High Jump Kick|p2a: Houndoom\n|-supereffective|p2a: Houndoom\n|-damage|p2a: Houndoom|0 fnt\n|faint|p2a: Houndoom\n|\n|upkeep\n|inactive|Time left: 300 sec this turn | 300 sec total | 5 sec grace\n|\n|t:|1783546505\n|switch|p2a: Spectrier|Spectrier, L75|274/274\n|turn|19\n|inactive|Time left: 300 sec this turn | 300 sec total\n|\n|t:|1783546506\n|move|p2a: Spectrier|Nasty Plot|p2a: Spectrier\n|-boost|p2a: Spectrier|spa|2\n|move|p1a: Tsareena|Power Whip|p2a: Spectrier\n|-damage|p2a: Spectrier|25/274\n|\n|upkeep\n|turn|20\n|inactive|Time left: 300 sec this turn | 300 sec total\n|\n|t:|1783546507\n|move|p2a: Spectrier|Will-O-Wisp|p1a: Tsareena\n|-status|p1a: Tsareena|brn\n|move|p1a: Tsareena|Power Whip|p2a: Spectrier\n|-crit|p2a: Spectrier\n|-damage|p2a: Spectrier|0 fnt\n|faint|p2a: Spectrier\n|\n|-damage|p1a: Tsareena|36/100 brn|[from] brn\n|upkeep\n|inactive|Time left: 300 sec this turn | 300 sec total | 5 sec grace\n|\n|t:|1783546508\n|switch|p2a: Arceus|Arceus-Rock, L74|300/300\n|turn|21\n|inactive|Time left: 300 sec this turn | 300 sec total\n|\n|t:|1783546509\n|switch|p1a: Exeggutor|Exeggutor-Alola, L89, F|100/100\n|-item|p2a: Arceus|Stone Plate|[from] ability: Frisk|[of] p1a: Exeggutor\n|move|p2a: Arceus|Swords Dance|p2a: Arceus\n|-boost|p2a: Arceus|atk|2\n|\n|upkeep\n|turn|22\n|inactive|Time left: 300 sec this turn | 300 sec total\n|\n|t:|1783546510\n|move|p2a: Arceus|Stone Edge|p1a: Exeggutor\n|-damage|p1a: Exeggutor|29/100\n|move|p1a: Exeggutor|Leaf Storm|p2a: Arceus\n|-supereffective|p2a: Arceus\n|-damage|p2a: Arceus|0 fnt\n|-unboost|p1a: Exeggutor|spa|2\n|faint|p2a: Arceus\n|\n|upkeep\n|inactive|Time left: 300 sec this turn | 300 sec total | 5 sec grace\n|\n|t:|1783546511\n|switch|p2a: Sableye|Sableye, L88, F|231/231\n|turn|23\n|inactive|Time left: 300 sec this turn | 300 sec total\n|\n|t:|1783546512\n|switch|p1a: Dudunsparce|Dudunsparce, L83, F|68/100 slp\n|move|p2a: Sableye|Knock Off|p1a: Dudunsparce\n|-damage|p1a: Dudunsparce|38/100 slp\n|-ability|p1a: Dudunsparce|Rattled|boost\n|-boost|p1a: Dudunsparce|spe|1\n|-enditem|p1a: Dudunsparce|Leftovers|[from] move: Knock Off|[of] p2a: Sableye\n|\n|upkeep\n|turn|24\n|inactive|Time left: 300 sec this turn | 300 sec total\n|\n|t:|1783546514\n|cant|p1a: Dudunsparce|slp\n|move|p2a: Sableye|Knock Off|p1a: Dudunsparce\n|-damage|p1a: Dudunsparce|17/100 slp\n|-ability|p1a: Dudunsparce|Rattled|boost\n|-boost|p1a: Dudunsparce|spe|1\n|\n|upkeep\n|turn|25\n|inactive|Time left: 300 sec this turn | 300 sec total\n|\n|t:|1783546515\n|-curestatus|p1a: Dudunsparce|slp|[msg]\n|move|p1a: Dudunsparce|Roost|p1a: Dudunsparce\n|-heal|p1a: Dudunsparce|67/100\n|-singleturn|p1a: Dudunsparce|move: Roost\n|move|p2a: Sableye|Knock Off|p1a: Dudunsparce\n|-damage|p1a: Dudunsparce|46/100\n|-ability|p1a: Dudunsparce|Rattled|boost\n|-boost|p1a: Dudunsparce|spe|1\n|\n|upkeep\n|turn|26\n|inactive|Time left: 300 sec this turn | 300 sec total\n|\n|t:|1783546516\n|move|p2a: Sableye|Encore|p1a: Dudunsparce\n|-start|p1a: Dudunsparce|Encore\n|move|p1a: Dudunsparce|Roost|p1a: Dudunsparce\n|-heal|p1a: Dudunsparce|96/100\n|-singleturn|p1a: Dudunsparce|move: Roost\n|\n|upkeep\n|turn|27\n|inactive|Time left: 300 sec this turn | 300 sec total\n|\n|t:|1783546517\n|switch|p1a: Regieleki|Regieleki, L79|100/100\n|move|p2a: Sableye|Knock Off|p1a: Regieleki\n|-damage|p1a: Regieleki|38/100\n|-enditem|p1a: Regieleki|Magnet|[from] move: Knock Off|[of] p2a: Sableye\n|\n|upkeep\n|turn|28\n|inactive|Time left: 300 sec this turn | 300 sec total\n|\n|t:|1783546518\n|move|p1a: Regieleki|Thunderbolt|p2a: Sableye\n|-damage|p2a: Sableye|86/231\n|move|p2a: Sableye|Knock Off|p1a: Regieleki\n|-crit|p1a: Regieleki\n|-damage|p1a: Regieleki|0 fnt\n|faint|p1a: Regieleki\n|\n|-heal|p2a: Sableye|100/231|[from] item: Leftovers\n|upkeep\n|\n|t:|1783546518\n|switch|p1a: Exeggutor|Exeggutor-Alola, L89, F|29/100\n|-item|p2a: Sableye|Leftovers|[from] ability: Frisk|[of] p1a: Exeggutor\n|turn|29\n|inactive|Time left: 300 sec this turn | 300 sec total\n|\n|t:|1783546519\n|move|p2a: Sableye|Knock Off|p1a: Exeggutor\n|-damage|p1a: Exeggutor|0 fnt\n|-enditem|p1a: Exeggutor|Choice Specs|[from] move: Knock Off|[of] p2a: Sableye\n|faint|p1a: Exeggutor\n|\n|-heal|p2a: Sableye|114/231|[from] item: Leftovers\n|upkeep\n|\n|t:|1783546520\n|switch|p1a: Dudunsparce|Dudunsparce, L83, F|96/100\n|turn|30\n|inactive|Time left: 300 sec this turn | 300 sec total\n|\n|t:|1783546521\n|move|p2a: Sableye|Recover|p2a: Sableye\n|-heal|p2a: Sableye|230/231\n|move|p1a: Dudunsparce|Calm Mind|p1a: Dudunsparce\n|-boost|p1a: Dudunsparce|spa|1\n|-boost|p1a: Dudunsparce|spd|1\n|\n|-heal|p2a: Sableye|231/231|[from] item: Leftovers\n|upkeep\n|turn|31\n|inactive|Time left: 300 sec this turn | 300 sec total\n|\n|t:|1783546522\n|move|p2a: Sableye|Will-O-Wisp|p1a: Dudunsparce\n|-status|p1a: Dudunsparce|brn\n|move|p1a: Dudunsparce|Earth Power|p2a: Sableye\n|-damage|p2a: Sableye|131/231\n|\n|-heal|p2a: Sableye|145/231|[from] item: Leftovers\n|-damage|p1a: Dudunsparce|90/100 brn|[from] brn\n|upkeep\n|turn|32\n|inactive|Time left: 300 sec this turn | 300 sec total\n|\n|t:|1783546523\n|move|p2a: Sableye|Recover|p2a: Sableye\n|-heal|p2a: Sableye|231/231\n|move|p1a: Dudunsparce|Earth Power|p2a: Sableye\n|-damage|p2a: Sableye|126/231\n|\n|-heal|p2a: Sableye|140/231|[from] item: Leftovers\n|-damage|p1a: Dudunsparce|84/100 brn|[from] brn\n|upkeep\n|turn|33\n|inactive|Time left: 300 sec this turn | 300 sec total\n|\n|t:|1783546524\n|move|p2a: Sableye|Recover|p2a: Sableye\n|-heal|p2a: Sableye|231/231\n|move|p1a: Dudunsparce|Earth Power|p2a: Sableye\n|-damage|p2a: Sableye|121/231\n|\n|-heal|p2a: Sableye|135/231|[from] item: Leftovers\n|-damage|p1a: Dudunsparce|78/100 brn|[from] brn\n|upkeep\n|turn|34\n|inactive|Time left: 300 sec this turn | 300 sec total\n|\n|t:|1783546525\n|move|p2a: Sableye|Recover|p2a: Sableye\n|-heal|p2a: Sableye|231/231\n|move|p1a: Dudunsparce|Earth Power|p2a: Sableye\n|-damage|p2a: Sableye|130/231\n|\n|-heal|p2a: Sableye|144/231|[from] item: Leftovers\n|-damage|p1a: Dudunsparce|72/100 brn|[from] brn\n|upkeep\n|turn|35\n|inactive|Time left: 300 sec this turn | 300 sec total\n|\n|t:|1783546526\n|move|p2a: Sableye|Recover|p2a: Sableye\n|-heal|p2a: Sableye|231/231\n|move|p1a: Dudunsparce|Earth Power|p2a: Sableye\n|-damage|p2a: Sableye|131/231\n|\n|-heal|p2a: Sableye|145/231|[from] item: Leftovers\n|-damage|p1a: Dudunsparce|66/100 brn|[from] brn\n|upkeep\n|turn|36\n|inactive|Time left: 300 sec this turn | 300 sec total\n|\n|t:|1783546527\n|-terastallize|p1a: Dudunsparce|Poison\n|move|p1a: Dudunsparce|Earth Power|p2a: Sableye\n|-damage|p2a: Sableye|48/231\n|move|p2a: Sableye|Knock Off|p1a: Dudunsparce\n|-damage|p1a: Dudunsparce|47/100 brn\n|-ability|p1a: Dudunsparce|Rattled|boost\n|-boost|p1a: Dudunsparce|spe|1\n|\n|-heal|p2a: Sableye|62/231|[from] item: Leftovers\n|-damage|p1a: Dudunsparce|41/100 brn|[from] brn\n|upkeep\n|turn|37\n|inactive|Time left: 300 sec this turn | 300 sec total\n|\n|t:|1783546528\n|-terastallize|p2a: Sableye|Steel\n|move|p1a: Dudunsparce|Earth Power|p2a: Sableye\n|-supereffective|p2a: Sableye\n|-damage|p2a: Sableye|0 fnt\n|faint|p2a: Sableye\n|\n|win|p0x576e03b", "uploadtime": 1783546528, "views": 0, "rating": 0, "private": 0, "password": null, "_winner": "p0x576e03b", "_our_name": "p0y576ea43"}