{"id": "battle-gen9randombattle-1103", "formatid": "gen9randombattle", "format": "[Gen 9] Random Battle", "players": ["p0x110310b3", "p0y11030e42"], "log": "|init|battle\n|title|p0x110310b3 vs. p0y11030e42\n|j|\u2606p0x110310b3\n|j|\u2606p0y11030e42\n|t:|1783552747\n|gametype|singles\n|player|p1|p0x110310b3|265|\n|player|p2|p0y11030e42|102|\n|gen|9\n|tier|[Gen 9] Random Battle\n|rule|Species Clause: Limit one of each Pok\u00e9mon\n|rule|HP Percentage Mod: HP is shown in percentages\n|rule|Sleep Clause Mod: Limit one foe put to sleep\n|rule|Illusion Level Mod: Illusion disguises the Pok\u00e9mon's true level\n|\n|t:|1783552747\n|teamsize|p1|6\n|teamsize|p2|6\n|start\n|switch|p1a: Espeon|Espeon, L84, M|100/100\n|switch|p2a: Dudunsparce|Dudunsparce-Three-Segment, L83, M|343/343\n|turn|1\n|inactive|Battle timer is ON: inactive players will automatically lose when time's up. (requested by p0x110310b3)\n|inactive|Time left: 300 sec this turn | 300 sec total | 60 sec grace\n|inactive|p0y11030e42 also wants the timer to be on.\n|\n|t:|1783552749\n|move|p1a: Espeon|Calm Mind|p1a: Espeon\n|-boost|p1a: Espeon|spa|1\n|-boost|p1a: Espeon|spd|1\n|move|p2a: Dudunsparce|Boomburst|p1a: Espeon\n|-damage|p1a: Espeon|68/100\n|\n|upkeep\n|turn|2\n|inactive|Time left: 300 sec this turn | 300 sec total\n|\n|t:|1783552750\n|move|p1a: Espeon|Psyshock|p2a: Dudunsparce\n|-damage|p2a: Dudunsparce|105/343\n|-damage|p1a: Espeon|58/100|[from] item: Life Orb\n|move|p2a: Dudunsparce|Earthquake|p1a: Espeon\n|-damage|p1a: Espeon|18/100\n|\n|-heal|p2a: Dudunsparce|126/343|[from] item: Leftovers\n|upkeep\n|turn|3\n|inactive|Time left: 300 sec this turn | 300 sec total\n|\n|t:|1783552751\n|move|p1a: Espeon|Alluring Voice|p2a: Dudunsparce\n|-crit|p2a: Dudunsparce\n|-damage|p2a: Dudunsparce|0 fnt\n|faint|p2a: Dudunsparce\n|-damage|p1a: Espeon|8/100|[from] item: Life Orb\n|\n|upkeep\n|inactive|Time left: 300 sec this turn | 300 sec total | 5 sec grace\n|\n|t:|1783552752\n|switch|p2a: Froslass|Froslass, L87, F|263/263\n|turn|4\n|inactive|Time left: 300 sec this turn | 300 sec total\n|\n|t:|1783552753\n|move|p2a: Froslass|Triple Axel|p1a: Espeon\n|-damage|p1a: Espeon|0 fnt\n|faint|p1a: Espeon\n|-hitcount|p1: Espeon|1\n|\n|upkeep\n|\n|t:|1783552754\n|switch|p1a: Luxray|Luxray, L88, F|100/100\n|-ability|p1a: Luxray|Intimidate|boost\n|-unboost|p2a: Froslass|atk|1\n|turn|5\n|inactive|Time left: 300 sec this turn | 300 sec total\n|\n|t:|1783552755\n|switch|p2a: Tauros|Tauros, L82, M|257/257\n|move|p1a: Luxray|Throat Chop|p2a: Tauros\n|-damage|p2a: Tauros|181/257\n|-start|p2a: Tauros|Throat Chop|[silent]\n|\n|upkeep\n|turn|6\n|inactive|Time left: 300 sec this turn | 300 sec total\n|\n|t:|1783552756\n|move|p2a: Tauros|Earthquake|p1a: Luxray\n|-supereffective|p1a: Luxray\n|-damage|p1a: Luxray|40/100\n|-damage|p2a: Tauros|156/257|[from] item: Life Orb\n|move|p1a: Luxray|Volt Switch|p2a: Tauros\n|-damage|p2a: Tauros|59/257\n|\n|t:|1783552757\n|switch|p1a: Tornadus|Tornadus, L82, M|100/100|[from] Volt Switch\n|\n|-end|p2a: Tauros|Throat Chop|[silent]\n|upkeep\n|turn|7\n|inactive|Time left: 300 sec this turn | 300 sec total\n|\n|t:|1783552759\n|move|p1a: Tornadus|Bleakwind Storm|p2a: Tauros|[miss]\n|-miss|p1a: Tornadus|p2a: Tauros\n|move|p2a: Tauros|Earthquake|p1a: Tornadus\n|-immune|p1a: Tornadus\n|\n|upkeep\n|turn|8\n|inactive|Time left: 300 sec this turn | 300 sec total\n|\n|t:|1783552760\n|move|p1a: Tornadus|Heat Wave|p2a: Tauros|[miss]\n|-miss|p1a: Tornadus|p2a: Tauros\n|move|p2a: Tauros|Body Slam|p1a: Tornadus\n|-damage|p1a: Tornadus|38/100\n|\n|upkeep\n|turn|9\n|inactive|Time left: 300 sec this turn | 300 sec total\n|\n|t:|1783552761\n|move|p1a: Tornadus|Bleakwind Storm|p2a: Tauros\n|-damage|p2a: Tauros|0 fnt\n|faint|p2a: Tauros\n|\n|upkeep\n|inactive|Time left: 300 sec this turn | 300 sec total | 5 sec grace\n|\n|t:|1783552762\n|switch|p2a: Froslass|Froslass, L87, F|263/263\n|turn|10\n|inactive|Time left: 300 sec this turn | 300 sec total\n|\n|t:|1783552763\n|switch|p1a: Luxray|Luxray, L88, F|40/100\n|-ability|p1a: Luxray|Intimidate|boost\n|-unboost|p2a: Froslass|atk|1\n|move|p2a: Froslass|Poltergeist|p1a: Luxray\n|-activate|p1a: Luxray|move: Poltergeist|Assault Vest\n|-damage|p1a: Luxray|14/100\n|\n|upkeep\n|turn|11\n|inactive|Time left: 300 sec this turn | 300 sec total\n|\n|t:|1783552764\n|move|p2a: Froslass|Triple Axel|p1a: Luxray\n|-damage|p1a: Luxray|9/100\n|-damage|p1a: Luxray|0 fnt\n|faint|p1a: Luxray\n|-hitcount|p1: Luxray|2\n|\n|upkeep\n|\n|t:|1783552765\n|switch|p1a: Dusknoir|Dusknoir, L89, F|100/100\n|-item|p2a: Froslass|Wide Lens|[from] ability: Frisk|[of] p1a: Dusknoir\n|turn|12\n|inactive|Time left: 300 sec this turn | 300 sec total\n|\n|t:|1783552766\n|move|p2a: Froslass|Destiny Bond|p2a: Froslass\n|-singlemove|p2a: Froslass|Destiny Bond\n|move|p1a: Dusknoir|Poltergeist|p2a: Froslass\n|-activate|p2a: Froslass|move: Poltergeist|Wide Lens\n|-supereffective|p2a: Froslass\n|-damage|p2a: Froslass|0 fnt\n|faint|p2a: Froslass\n|-activate|p2a: Froslass|move: Destiny Bond\n|faint|p1a: Dusknoir\n|\n|upkeep\n|inactive|Time left: 300 sec this turn | 300 sec total | 5 sec grace\n|\n|t:|1783552767\n|switch|p2a: Lumineon|Lumineon, L93, M|279/279\n|switch|p1a: Articuno|Articuno, L86|100/100\n|-ability|p1a: Articuno|Pressure\n|turn|13\n|inactive|Time left: 300 sec this turn | 300 sec total\n|\n|t:|1783552768\n|move|p2a: Lumineon|Hydro Pump|p1a: Articuno\n|-damage|p1a: Articuno|67/100\n|-damage|p2a: Lumineon|252/279|[from] item: Life Orb\n|move|p1a: Articuno|Freeze-Dry|p2a: Lumineon\n|-supereffective|p2a: Lumineon\n|-damage|p2a: Lumineon|108/279\n|\n|upkeep\n|turn|14\n|inactive|Time left: 300 sec this turn | 300 sec total\n|\n|t:|1783552769\n|move|p2a: Lumineon|Hydro Pump|p1a: Articuno\n|-damage|p1a: Articuno|31/100\n|-damage|p2a: Lumineon|81/279|[from] item: Life Orb\n|move|p1a: Articuno|Roost|p1a: Articuno\n|-heal|p1a: Articuno|81/100\n|-singleturn|p1a: Articuno|move: Roost\n|\n|upkeep\n|turn|15\n|inactive|Time left: 300 sec this turn | 300 sec total\n|\n|t:|1783552770\n|move|p2a: Lumineon|Encore|p1a: Articuno\n|-start|p1a: Articuno|Encore\n|move|p1a: Articuno|Roost|p1a: Articuno\n|-heal|p1a: Articuno|100/100\n|-singleturn|p1a: Articuno|move: Roost\n|\n|upkeep\n|turn|16\n|inactive|Time left: 300 sec this turn | 300 sec total\n|\n|t:|1783552771\n|switch|p2a: Gurdurr|Gurdurr, L85, F|283/283\n|move|p1a: Articuno|Roost||[still]\n|-fail|p1a: Articuno|heal\n|\n|upkeep\n|turn|17\n|inactive|Time left: 300 sec this turn | 300 sec total\n|\n|t:|1783552772\n|switch|p1a: Tornadus|Tornadus, L82, M|38/100\n|move|p2a: Gurdurr|Knock Off|p1a: Tornadus\n|-damage|p1a: Tornadus|4/100\n|-enditem|p1a: Tornadus|Heavy-Duty Boots|[from] move: Knock Off|[of] p2a: Gurdurr\n|\n|upkeep\n|turn|18\n|inactive|Time left: 300 sec this turn | 300 sec total\n|\n|t:|1783552773\n|move|p2a: Gurdurr|Mach Punch|p1a: Tornadus\n|-resisted|p1a: Tornadus\n|-damage|p1a: Tornadus|0 fnt\n|faint|p1a: Tornadus\n|\n|upkeep\n|\n|t:|1783552774\n|switch|p1a: Articuno|Articuno, L86|100/100\n|-ability|p1a: Articuno|Pressure\n|turn|19\n|inactive|Time left: 300 sec this turn | 300 sec total\n|\n|t:|1783552775\n|move|p1a: Articuno|Brave Bird|p2a: Gurdurr\n|-supereffective|p2a: Gurdurr\n|-damage|p2a: Gurdurr|107/283\n|-damage|p1a: Articuno|81/100|[from] Recoil\n|move|p2a: Gurdurr|Drain Punch|p1a: Articuno\n|-damage|p1a: Articuno|53/100\n|-heal|p2a: Gurdurr|148/283|[from] drain|[of] p1a: Articuno\n|\n|upkeep\n|turn|20\n|inactive|Time left: 300 sec this turn | 300 sec total\n|\n|t:|1783552776\n|-terastallize|p2a: Gurdurr|Steel\n|move|p1a: Articuno|Brave Bird|p2a: Gurdurr\n|-resisted|p2a: Gurdurr\n|-damage|p2a: Gurdurr|108/283\n|-damage|p1a: Articuno|49/100|[from] Recoil\n|move|p2a: Gurdurr|Drain Punch|p1a: Articuno\n|-damage|p1a: Articuno|24/100\n|-heal|p2a: Gurdurr|146/283|[from] drain|[of] p1a: Articuno\n|\n|upkeep\n|turn|21\n|inactive|Time left: 300 sec this turn | 300 sec total\n|\n|t:|1783552777\n|move|p1a: Articuno|Roost|p1a: Articuno\n|-heal|p1a: Articuno|74/100\n|-singleturn|p1a: Articuno|move: Roost\n|move|p2a: Gurdurr|Drain Punch|p1a: Articuno\n|-supereffective|p1a: Articuno\n|-damage|p1a: Articuno|19/100\n|-heal|p2a: Gurdurr|227/283|[from] drain|[of] p1a: Articuno\n|\n|upkeep\n|turn|22\n|inactive|Time left: 300 sec this turn | 300 sec total\n|\n|t:|1783552778\n|move|p1a: Articuno|Roost|p1a: Articuno\n|-heal|p1a: Articuno|69/100\n|-singleturn|p1a: Articuno|move: Roost\n|move|p2a: Gurdurr|Drain Punch|p1a: Articuno\n|-supereffective|p1a: Articuno\n|-damage|p1a: Articuno|16/100\n|-heal|p2a: Gurdurr|283/283|[from] drain|[of] p1a: Articuno\n|\n|upkeep\n|turn|23\n|inactive|Time left: 300 sec this turn | 300 sec total\n|\n|t:|1783552780\n|move|p1a: Articuno|Roost|p1a: Articuno\n|-heal|p1a: Articuno|66/100\n|-singleturn|p1a: Articuno|move: Roost\n|move|p2a: Gurdurr|Drain Punch|p1a: Articuno\n|-supereffective|p1a: Articuno\n|-damage|p1a: Articuno|17/100\n|\n|upkeep\n|turn|24\n|inactive|Time left: 300 sec this turn | 300 sec total\n|\n|t:|1783552781\n|move|p1a: Articuno|Roost|p1a: Articuno\n|-heal|p1a: Articuno|67/100\n|-singleturn|p1a: Articuno|move: Roost\n|move|p2a: Gurdurr|Drain Punch|p1a: Articuno\n|-supereffective|p1a: Articuno\n|-damage|p1a: Articuno|11/100\n|\n|upkeep\n|turn|25\n|inactive|Time left: 300 sec this turn | 300 sec total\n|\n|t:|1783552782\n|move|p2a: Gurdurr|Mach Punch|p1a: Articuno\n|-damage|p1a: Articuno|0 fnt\n|faint|p1a: Articuno\n|\n|upkeep\n|\n|t:|1783552783\n|switch|p1a: Lumineon|Lumineon, L93, M|100/100\n|turn|26\n|inactive|Time left: 300 sec this turn | 300 sec total\n|\n|t:|1783552783\n|move|p1a: Lumineon|Encore|p2a: Gurdurr\n|-start|p2a: Gurdurr|Encore\n|move|p2a: Gurdurr|Mach Punch|p1a: Lumineon\n|-damage|p1a: Lumineon|85/100\n|\n|upkeep\n|turn|27\n|inactive|Time left: 300 sec this turn | 300 sec total\n|\n|t:|1783552784\n|move|p2a: Gurdurr|Mach Punch|p1a: Lumineon\n|-damage|p1a: Lumineon|67/100\n|move|p1a: Lumineon|Hydro Pump|p2a: Gurdurr\n|-damage|p2a: Gurdurr|135/283\n|-damage|p1a: Lumineon|57/100|[from] item: Life Orb\n|\n|upkeep\n|turn|28\n|inactive|Time left: 300 sec this turn | 300 sec total\n|\n|t:|1783552785\n|move|p2a: Gurdurr|Mach Punch|p1a: Lumineon\n|-damage|p1a: Lumineon|41/100\n|move|p1a: Lumineon|Ice Beam|p2a: Gurdurr\n|-resisted|p2a: Gurdurr\n|-damage|p2a: Gurdurr|93/283\n|-damage|p1a: Lumineon|31/100|[from] item: Life Orb\n|\n|-end|p2a: Gurdurr|Encore\n|upkeep\n|turn|29\n|inactive|Time left: 300 sec this turn | 300 sec total\n|\n|t:|1783552786\n|-terastallize|p1a: Lumineon|Fairy\n|move|p2a: Gurdurr|Mach Punch|p1a: Lumineon\n|-resisted|p1a: Lumineon\n|-damage|p1a: Lumineon|23/100\n|move|p1a: Lumineon|Hydro Pump|p2a: Gurdurr\n|-damage|p2a: Gurdurr|0 fnt\n|faint|p2a: Gurdurr\n|-damage|p1a: Lumineon|14/100|[from] item: Life Orb\n|\n|upkeep\n|inactive|Time left: 300 sec this turn | 300 sec total | 5 sec grace\n|\n|t:|1783552787\n|switch|p2a: Lumineon|Lumineon, L93, M|81/279\n|turn|30\n|inactive|Time left: 300 sec this turn | 300 sec total\n|\n|t:|1783552788\n|move|p2a: Lumineon|Ice Beam|p1a: Lumineon\n|-damage|p1a: Lumineon|0 fnt\n|faint|p1a: Lumineon\n|-damage|p2a: Lumineon|54/279|[from] item: Life Orb\n|\n|win|p0y11030e42", "uploadtime": 1783552788, "views": 0, "rating": 0, "private": 0, "password": null, "_winner": "p0y11030e42", "_our_name": "p0y11030e42"}