{"id": "battle-gen9randombattle-1586", "formatid": "gen9randombattle", "format": "[Gen 9] Random Battle", "players": ["p0x15869885", "p0y1586051f"], "log": "|init|battle\n|title|p0x15869885 vs. p0y1586051f\n|j|\u2606p0x15869885\n|j|\u2606p0y1586051f\n|t:|1783557566\n|gametype|singles\n|player|p1|p0x15869885|102|\n|player|p2|p0y1586051f|169|\n|gen|9\n|tier|[Gen 9] Random Battle\n|rule|Species Clause: Limit one of each Pok\u00e9mon\n|rule|HP Percentage Mod: HP is shown in percentages\n|rule|Sleep Clause Mod: Limit one foe put to sleep\n|rule|Illusion Level Mod: Illusion disguises the Pok\u00e9mon's true level\n|\n|t:|1783557566\n|teamsize|p1|6\n|teamsize|p2|6\n|start\n|switch|p1a: Lanturn|Lanturn, L89, M|367/367\n|switch|p2a: Vikavolt|Vikavolt, L83, F|100/100\n|turn|1\n|inactive|Battle timer is ON: inactive players will automatically lose when time's up. (requested by p0y1586051f)\n|inactive|Time left: 300 sec this turn | 300 sec total | 60 sec grace\n|inactive|p0x15869885 also wants the timer to be on.\n|\n|t:|1783557568\n|move|p1a: Lanturn|Scald|p2a: Vikavolt\n|-damage|p2a: Vikavolt|67/100\n|move|p2a: Vikavolt|Sticky Web|p1a: Lanturn\n|-sidestart|p1: p0x15869885|move: Sticky Web\n|\n|upkeep\n|turn|2\n|inactive|Time left: 300 sec this turn | 300 sec total\n|\n|t:|1783557569\n|move|p1a: Lanturn|Scald|p2a: Vikavolt\n|-damage|p2a: Vikavolt|31/100\n|move|p2a: Vikavolt|Energy Ball|p1a: Lanturn\n|-supereffective|p1a: Lanturn\n|-damage|p1a: Lanturn|179/367\n|\n|-heal|p1a: Lanturn|201/367|[from] item: Leftovers\n|upkeep\n|turn|3\n|inactive|Time left: 300 sec this turn | 300 sec total\n|\n|t:|1783557570\n|switch|p2a: Magearna|Magearna, L77|100/100\n|move|p1a: Lanturn|Scald|p2a: Magearna\n|-damage|p2a: Magearna|71/100\n|\n|-heal|p1a: Lanturn|223/367|[from] item: Leftovers\n|upkeep\n|turn|4\n|inactive|Time left: 300 sec this turn | 300 sec total\n|\n|t:|1783557572\n|move|p1a: Lanturn|Thunderbolt|p2a: Magearna\n|-crit|p2a: Magearna\n|-damage|p2a: Magearna|22/100\n|move|p2a: Magearna|Shift Gear|p2a: Magearna\n|-boost|p2a: Magearna|spe|2\n|-boost|p2a: Magearna|atk|1\n|\n|-heal|p1a: Lanturn|245/367|[from] item: Leftovers\n|upkeep\n|turn|5\n|inactive|Time left: 300 sec this turn | 300 sec total\n|\n|t:|1783557573\n|-terastallize|p2a: Magearna|Ground\n|move|p2a: Magearna|Tera Blast|p1a: Lanturn|[anim] Tera Blast Ground\n|-supereffective|p1a: Lanturn\n|-damage|p1a: Lanturn|0 fnt\n|faint|p1a: Lanturn\n|-ability|p2a: Magearna|Soul-Heart|boost\n|-boost|p2a: Magearna|spa|1\n|\n|upkeep\n|inactive|Time left: 300 sec this turn | 300 sec total | 5 sec grace\n|\n|t:|1783557574\n|switch|p1a: Charizard|Charizard, L85, F|271/271\n|turn|6\n|inactive|Time left: 300 sec this turn | 300 sec total\n|\n|t:|1783557575\n|move|p2a: Magearna|Fleur Cannon|p1a: Charizard\n|-resisted|p1a: Charizard\n|-damage|p1a: Charizard|160/271\n|-unboost|p2a: Magearna|spa|2\n|move|p1a: Charizard|Flamethrower|p2a: Magearna\n|-crit|p2a: Magearna\n|-damage|p2a: Magearna|0 fnt\n|faint|p2a: Magearna\n|\n|upkeep\n|\n|t:|1783557577\n|switch|p2a: Suicune|Suicune, L82|100/100\n|-ability|p2a: Suicune|Pressure\n|turn|7\n|inactive|Time left: 300 sec this turn | 300 sec total\n|\n|t:|1783557578\n|move|p1a: Charizard|Hurricane|p2a: Suicune|[miss]\n|-miss|p1a: Charizard|p2a: Suicune\n|move|p2a: Suicune|Scald|p1a: Charizard\n|-supereffective|p1a: Charizard\n|-damage|p1a: Charizard|0 fnt\n|faint|p1a: Charizard\n|\n|upkeep\n|inactive|Time left: 300 sec this turn | 300 sec total | 5 sec grace\n|\n|t:|1783557579\n|switch|p1a: Seviper|Seviper, L93, M|287/287\n|-activate|p1a: Seviper|move: Sticky Web\n|-unboost|p1a: Seviper|spe|1\n|turn|8\n|inactive|Time left: 300 sec this turn | 300 sec total\n|\n|t:|1783557580\n|move|p2a: Suicune|Scald|p1a: Seviper\n|-damage|p1a: Seviper|203/287\n|move|p1a: Seviper|Gunk Shot|p2a: Suicune\n|-damage|p2a: Suicune|57/100\n|\n|-heal|p2a: Suicune|63/100|[from] item: Leftovers\n|upkeep\n|turn|9\n|inactive|Time left: 300 sec this turn | 300 sec total\n|\n|t:|1783557581\n|move|p2a: Suicune|Scald|p1a: Seviper\n|-damage|p1a: Seviper|110/287\n|move|p1a: Seviper|Gunk Shot|p2a: Suicune|[miss]\n|-miss|p1a: Seviper|p2a: Suicune\n|\n|-heal|p2a: Suicune|69/100|[from] item: Leftovers\n|upkeep\n|turn|10\n|inactive|Time left: 300 sec this turn | 300 sec total\n|\n|t:|1783557582\n|move|p2a: Suicune|Scald|p1a: Seviper\n|-damage|p1a: Seviper|25/287\n|move|p1a: Seviper|Gunk Shot|p2a: Suicune\n|-damage|p2a: Suicune|27/100\n|\n|-heal|p2a: Suicune|33/100|[from] item: Leftovers\n|upkeep\n|turn|11\n|inactive|Time left: 300 sec this turn | 300 sec total\n|\n|t:|1783557584\n|move|p2a: Suicune|Scald|p1a: Seviper\n|-damage|p1a: Seviper|0 fnt\n|faint|p1a: Seviper\n|\n|-heal|p2a: Suicune|39/100|[from] item: Leftovers\n|upkeep\n|inactive|Time left: 300 sec this turn | 300 sec total | 5 sec grace\n|\n|t:|1783557584\n|switch|p1a: Staraptor|Staraptor, L79, M|263/263\n|turn|12\n|inactive|Time left: 300 sec this turn | 300 sec total\n|\n|t:|1783557585\n|move|p2a: Suicune|Protect|p2a: Suicune\n|-singleturn|p2a: Suicune|Protect\n|move|p1a: Staraptor|Brave Bird|p2a: Suicune\n|-activate|p2a: Suicune|move: Protect\n|\n|-heal|p2a: Suicune|45/100|[from] item: Leftovers\n|upkeep\n|turn|13\n|inactive|Time left: 300 sec this turn | 300 sec total\n|\n|t:|1783557586\n|switch|p2a: Vikavolt|Vikavolt, L83, F|31/100\n|move|p1a: Staraptor|Brave Bird|p2a: Vikavolt\n|-damage|p2a: Vikavolt|0 fnt\n|faint|p2a: Vikavolt\n|-damage|p1a: Staraptor|237/263|[from] Recoil\n|\n|upkeep\n|\n|t:|1783557587\n|switch|p2a: Infernape|Infernape, L82, F|100/100\n|turn|14\n|inactive|Time left: 300 sec this turn | 300 sec total\n|\n|t:|1783557588\n|move|p2a: Infernape|Flare Blitz|p1a: Staraptor\n|-crit|p1a: Staraptor\n|-damage|p1a: Staraptor|0 fnt\n|faint|p1a: Staraptor\n|-damage|p2a: Infernape|70/100|[from] Recoil\n|\n|upkeep\n|inactive|Time left: 300 sec this turn | 300 sec total | 5 sec grace\n|\n|t:|1783557589\n|switch|p1a: Zangoose|Zangoose, L85, M|263/263\n|-activate|p1a: Zangoose|move: Sticky Web\n|-unboost|p1a: Zangoose|spe|1\n|turn|15\n|inactive|Time left: 300 sec this turn | 300 sec total\n|\n|t:|1783557590\n|move|p2a: Infernape|Flare Blitz|p1a: Zangoose\n|-damage|p1a: Zangoose|13/263\n|-damage|p2a: Infernape|38/100|[from] Recoil\n|move|p1a: Zangoose|Facade|p2a: Infernape\n|-damage|p2a: Infernape|0 fnt\n|faint|p2a: Infernape\n|\n|-status|p1a: Zangoose|tox|[from] item: Toxic Orb\n|upkeep\n|\n|t:|1783557591\n|switch|p2a: Garchomp|Garchomp, L74, M|100/100\n|turn|16\n|inactive|Time left: 300 sec this turn | 300 sec total\n|\n|t:|1783557592\n|move|p2a: Garchomp|Scale Shot|p1a: Zangoose\n|-damage|p1a: Zangoose|0 fnt\n|faint|p1a: Zangoose\n|-hitcount|p1: Zangoose|1\n|-unboost|p2a: Garchomp|def|1\n|-boost|p2a: Garchomp|spe|1\n|\n|upkeep\n|inactive|Time left: 300 sec this turn | 300 sec total | 5 sec grace\n|\n|t:|1783557593\n|switch|p1a: Luvdisc|Luvdisc, M|247/247\n|turn|17\n|inactive|Time left: 300 sec this turn | 300 sec total\n|\n|t:|1783557594\n|move|p2a: Garchomp|Scale Shot|p1a: Luvdisc\n|-damage|p1a: Luvdisc|216/247\n|-damage|p1a: Luvdisc|186/247\n|-crit|p1a: Luvdisc\n|-damage|p1a: Luvdisc|138/247\n|-damage|p1a: Luvdisc|110/247\n|-damage|p1a: Luvdisc|80/247\n|-hitcount|p1a: Luvdisc|5\n|-unboost|p2a: Garchomp|def|1\n|-boost|p2a: Garchomp|spe|1\n|move|p1a: Luvdisc|Substitute|p1a: Luvdisc\n|-start|p1a: Luvdisc|Substitute\n|-damage|p1a: Luvdisc|19/247\n|\n|upkeep\n|turn|18\n|inactive|Time left: 300 sec this turn | 300 sec total\n|\n|t:|1783557595\n|move|p2a: Garchomp|Scale Shot|p1a: Luvdisc\n|-activate|p1a: Luvdisc|move: Substitute|[damage]\n|-end|p1a: Luvdisc|Substitute\n|-damage|p1a: Luvdisc|0 fnt\n|faint|p1a: Luvdisc\n|-hitcount|p1: Luvdisc|3\n|\n|win|p0y1586051f", "uploadtime": 1783557595, "views": 0, "rating": 0, "private": 0, "password": null, "_winner": "p0y1586051f", "_our_name": "p0x15869885"}