{"id": "battle-gen9randombattle-2382", "formatid": "gen9randombattle", "format": "[Gen 9] Random Battle", "players": ["p0x2382ec21", "p0y2382c8f2"], "log": "|init|battle\n|title|p0x2382ec21 vs. p0y2382c8f2\n|j|\u2606p0x2382ec21\n|j|\u2606p0y2382c8f2\n|t:|1783567656\n|gametype|singles\n|player|p1|p0x2382ec21|2|\n|player|p2|p0y2382c8f2|170|\n|gen|9\n|tier|[Gen 9] Random Battle\n|rule|Species Clause: Limit one of each Pok\u00e9mon\n|rule|HP Percentage Mod: HP is shown in percentages\n|rule|Sleep Clause Mod: Limit one foe put to sleep\n|rule|Illusion Level Mod: Illusion disguises the Pok\u00e9mon's true level\n|\n|t:|1783567656\n|teamsize|p1|6\n|teamsize|p2|6\n|start\n|switch|p1a: Munkidori|Munkidori, L79, M|269/269\n|switch|p2a: Rabsca|Rabsca, L91, F|100/100\n|turn|1\n|inactive|Battle timer is ON: inactive players will automatically lose when time's up. (requested by p0y2382c8f2)\n|inactive|Time left: 300 sec this turn | 300 sec total | 60 sec grace\n|inactive|p0x2382ec21 also wants the timer to be on.\n|\n|t:|1783567657\n|move|p1a: Munkidori|U-turn|p2a: Rabsca\n|-supereffective|p2a: Rabsca\n|-damage|p2a: Rabsca|74/100\n|-status|p2a: Rabsca|tox|[from] ability: Toxic Chain|[of] p1a: Munkidori\n|-activate|p2a: Rabsca|ability: Synchronize\n|-immune|p1a: Munkidori\n|inactive|Time left: 300 sec this turn | 300 sec total | 65 sec grace\n|\n|t:|1783567658\n|switch|p1a: Noctowl|Noctowl, L95, F|344/344|[from] U-turn\n|move|p2a: Rabsca|Psychic|p1a: Noctowl\n|-damage|p1a: Noctowl|244/344\n|\n|-damage|p2a: Rabsca|68/100 tox|[from] psn\n|upkeep\n|turn|2\n|inactive|Time left: 300 sec this turn | 300 sec total\n|\n|t:|1783567659\n|move|p1a: Noctowl|Hurricane|p2a: Rabsca\n|-supereffective|p2a: Rabsca\n|-damage|p2a: Rabsca|0 fnt\n|faint|p2a: Rabsca\n|\n|upkeep\n|\n|t:|1783567660\n|switch|p2a: Delphox|Delphox, L84, F|100/100\n|turn|3\n|inactive|Time left: 300 sec this turn | 300 sec total\n|\n|t:|1783567661\n|move|p2a: Delphox|Psyshock|p1a: Noctowl\n|-damage|p1a: Noctowl|49/344\n|move|p1a: Noctowl|Hyper Voice|p2a: Delphox\n|-damage|p2a: Delphox|65/100\n|\n|upkeep\n|turn|4\n|inactive|Time left: 300 sec this turn | 300 sec total\n|\n|t:|1783567662\n|switch|p1a: Krookodile|Krookodile, L79, F|280/280\n|-ability|p1a: Krookodile|Intimidate|boost\n|-unboost|p2a: Delphox|atk|1\n|move|p2a: Delphox|Psyshock|p1a: Krookodile\n|-immune|p1a: Krookodile\n|\n|upkeep\n|turn|5\n|inactive|Time left: 300 sec this turn | 300 sec total\n|\n|t:|1783567664\n|switch|p2a: Toedscruel|Toedscruel, L87, F|100/100\n|move|p1a: Krookodile|Earthquake|p2a: Toedscruel\n|-resisted|p2a: Toedscruel\n|-damage|p2a: Toedscruel|78/100\n|\n|upkeep\n|turn|6\n|inactive|Time left: 300 sec this turn | 300 sec total\n|\n|t:|1783567665\n|move|p2a: Toedscruel|Giga Drain|p1a: Krookodile\n|-supereffective|p1a: Krookodile\n|-damage|p1a: Krookodile|110/280\n|-heal|p2a: Toedscruel|100/100|[from] drain|[of] p1a: Krookodile\n|move|p1a: Krookodile|Knock Off|p2a: Toedscruel\n|-damage|p2a: Toedscruel|55/100\n|-enditem|p2a: Toedscruel|Assault Vest|[from] move: Knock Off|[of] p1a: Krookodile\n|\n|-heal|p1a: Krookodile|127/280|[from] item: Leftovers\n|upkeep\n|turn|7\n|inactive|Time left: 300 sec this turn | 300 sec total\n|\n|t:|1783567666\n|switch|p1a: Kricketune|Kricketune, L99, F|312/312\n|move|p2a: Toedscruel|Giga Drain|p1a: Kricketune\n|-resisted|p1a: Kricketune\n|-damage|p1a: Kricketune|270/312\n|-heal|p2a: Toedscruel|62/100|[from] drain|[of] p1a: Kricketune\n|\n|upkeep\n|turn|8\n|inactive|Time left: 300 sec this turn | 300 sec total\n|\n|t:|1783567667\n|move|p2a: Toedscruel|Knock Off|p1a: Kricketune\n|-damage|p1a: Kricketune|192/312\n|-enditem|p1a: Kricketune|Heavy-Duty Boots|[from] move: Knock Off|[of] p2a: Toedscruel\n|move|p1a: Kricketune|Sticky Web|p2a: Toedscruel\n|-sidestart|p2: p0y2382c8f2|move: Sticky Web\n|\n|upkeep\n|turn|9\n|inactive|Time left: 300 sec this turn | 300 sec total\n|\n|t:|1783567668\n|move|p2a: Toedscruel|Rapid Spin|p1a: Kricketune\n|-damage|p1a: Kricketune|152/312\n|-boost|p2a: Toedscruel|spe|1\n|-sideend|p2: p0y2382c8f2|Sticky Web|[from] move: Rapid Spin|[of] p2a: Toedscruel\n|move|p1a: Kricketune|Pounce|p2a: Toedscruel\n|-supereffective|p2a: Toedscruel\n|-damage|p2a: Toedscruel|0 fnt\n|faint|p2a: Toedscruel\n|\n|upkeep\n|\n|t:|1783567669\n|switch|p2a: Delphox|Delphox, L84, F|65/100\n|turn|10\n|inactive|Time left: 300 sec this turn | 300 sec total\n|\n|t:|1783567670\n|move|p2a: Delphox|Fire Blast|p1a: Kricketune\n|-supereffective|p1a: Kricketune\n|-damage|p1a: Kricketune|0 fnt\n|faint|p1a: Kricketune\n|\n|upkeep\n|inactive|Time left: 300 sec this turn | 300 sec total | 5 sec grace\n|\n|t:|1783567671\n|switch|p1a: Greedent|Greedent, L86, M|347/347\n|turn|11\n|inactive|Time left: 300 sec this turn | 300 sec total\n|\n|t:|1783567672\n|move|p2a: Delphox|Fire Blast|p1a: Greedent\n|-damage|p1a: Greedent|134/347\n|-enditem|p1a: Greedent|Sitrus Berry|[eat]\n|-heal|p1a: Greedent|220/347|[from] item: Sitrus Berry\n|-heal|p1a: Greedent|335/347|[from] ability: Cheek Pouch\n|move|p1a: Greedent|Knock Off|p2a: Delphox\n|-supereffective|p2a: Delphox\n|-damage|p2a: Delphox|0 fnt\n|-enditem|p2a: Delphox|Choice Specs|[from] move: Knock Off|[of] p1a: Greedent\n|faint|p2a: Delphox\n|\n|upkeep\n|\n|t:|1783567673\n|switch|p2a: Ninetales|Ninetales, L85, M|100/100\n|-weather|SunnyDay|[from] ability: Drought|[of] p2a: Ninetales\n|turn|12\n|inactive|Time left: 300 sec this turn | 300 sec total\n|\n|t:|1783567674\n|move|p2a: Ninetales|Nasty Plot|p2a: Ninetales\n|-boost|p2a: Ninetales|spa|2\n|move|p1a: Greedent|Earthquake|p2a: Ninetales\n|-supereffective|p2a: Ninetales\n|-damage|p2a: Ninetales|36/100\n|\n|-weather|SunnyDay|[upkeep]\n|upkeep\n|turn|13\n|inactive|Time left: 300 sec this turn | 300 sec total\n|\n|t:|1783567675\n|move|p2a: Ninetales|Fire Blast|p1a: Greedent\n|-damage|p1a: Greedent|5/347\n|move|p1a: Greedent|Body Slam|p2a: Ninetales\n|-damage|p2a: Ninetales|0 fnt\n|faint|p2a: Ninetales\n|\n|-weather|SunnyDay|[upkeep]\n|upkeep\n|\n|t:|1783567676\n|switch|p2a: Ditto|Ditto, L87|100/100\n|turn|14\n|inactive|Time left: 300 sec this turn | 300 sec total\n|\n|t:|1783567677\n|move|p2a: Ditto|Hyper Voice|p1a: Greedent\n|-damage|p1a: Greedent|0 fnt\n|faint|p1a: Greedent\n|\n|-weather|SunnyDay|[upkeep]\n|upkeep\n|inactive|Time left: 300 sec this turn | 300 sec total | 5 sec grace\n|\n|t:|1783567677\n|switch|p1a: Probopass|Probopass, L91, F|257/257\n|turn|15\n|inactive|Time left: 300 sec this turn | 300 sec total\n|\n|t:|1783567678\n|switch|p2a: Ditto|Ditto, L87|100/100\n|-transform|p2a: Ditto|p1a: Probopass|[from] ability: Imposter\n|move|p1a: Probopass|Flash Cannon|p2a: Ditto\n|-damage|p2a: Ditto|80/100\n|\n|-weather|SunnyDay|[upkeep]\n|upkeep\n|turn|16\n|inactive|Time left: 300 sec this turn | 300 sec total\n|\n|t:|1783567679\n|-terastallize|p1a: Probopass|Fighting\n|move|p2a: Ditto|Body Press|p1a: Probopass\n|-damage|p1a: Probopass|203/257\n|move|p1a: Probopass|Body Press|p2a: Ditto\n|-supereffective|p2a: Ditto\n|-damage|p2a: Ditto|0 fnt\n|faint|p2a: Ditto\n|\n|-weather|none\n|-heal|p1a: Probopass|219/257|[from] item: Leftovers\n|upkeep\n|\n|t:|1783567680\n|switch|p2a: Zoroark|Zoroark-Hisui, L80, M|100/100\n|turn|17\n|inactive|Time left: 300 sec this turn | 300 sec total\n|\n|t:|1783567681\n|move|p2a: Zoroark|Hyper Voice|p1a: Probopass\n|-damage|p1a: Probopass|126/257\n|move|p1a: Probopass|Flash Cannon|p2a: Zoroark\n|-damage|p2a: Zoroark|50/100\n|\n|-heal|p1a: Probopass|142/257|[from] item: Leftovers\n|upkeep\n|turn|18\n|inactive|Time left: 300 sec this turn | 300 sec total\n|\n|t:|1783567682\n|move|p2a: Zoroark|Hyper Voice|p1a: Probopass\n|-damage|p1a: Probopass|43/257\n|move|p1a: Probopass|Flash Cannon|p2a: Zoroark\n|-damage|p2a: Zoroark|0 fnt\n|faint|p2a: Zoroark\n|\n|win|p0x2382ec21", "uploadtime": 1783567682, "views": 0, "rating": 0, "private": 0, "password": null, "_winner": "p0x2382ec21", "_our_name": "p0x2382ec21"}