{"id": "battle-gen9randombattle-1016", "formatid": "gen9randombattle", "format": "[Gen 9] Random Battle", "players": ["p0x1016b8b9", "p0y10160d8f"], "log": "|init|battle\n|title|p0x1016b8b9 vs. p0y10160d8f\n|j|\u2606p0x1016b8b9\n|j|\u2606p0y10160d8f\n|t:|1783551683\n|gametype|singles\n|player|p1|p0x1016b8b9|101|\n|player|p2|p0y10160d8f|102|\n|gen|9\n|tier|[Gen 9] Random Battle\n|rule|Species Clause: Limit one of each Pok\u00e9mon\n|rule|HP Percentage Mod: HP is shown in percentages\n|rule|Sleep Clause Mod: Limit one foe put to sleep\n|rule|Illusion Level Mod: Illusion disguises the Pok\u00e9mon's true level\n|\n|t:|1783551683\n|teamsize|p1|6\n|teamsize|p2|6\n|start\n|switch|p1a: Pyroar|Pyroar, L88, M|295/295\n|switch|p2a: Glaceon|Glaceon, L94, M|100/100\n|-ability|p1a: Pyroar|Unnerve\n|turn|1\n|inactive|Battle timer is ON: inactive players will automatically lose when time's up. (requested by p0x1016b8b9)\n|inactive|p0y10160d8f also wants the timer to be on.\n|\n|t:|1783551685\n|move|p1a: Pyroar|Fire Blast|p2a: Glaceon\n|-supereffective|p2a: Glaceon\n|-damage|p2a: Glaceon|21/100\n|move|p2a: Glaceon|Freeze-Dry|p1a: Pyroar\n|-resisted|p1a: Pyroar\n|-damage|p1a: Pyroar|228/295\n|\n|upkeep\n|turn|2\n|inactive|Time left: 300 sec this turn | 300 sec total\n|\n|t:|1783551686\n|switch|p2a: Walking Wake|Walking Wake, L79|100/100\n|move|p1a: Pyroar|Hyper Voice|p2a: Walking Wake\n|-crit|p2a: Walking Wake\n|-damage|p2a: Walking Wake|39/100\n|\n|upkeep\n|turn|3\n|inactive|Time left: 300 sec this turn | 300 sec total\n|\n|t:|1783551688\n|-end|p2a: Walking Wake|Protosynthesis|[silent]\n|switch|p2a: Tentacruel|Tentacruel, L84, M|100/100\n|move|p1a: Pyroar|Hyper Voice|p2a: Tentacruel\n|-damage|p2a: Tentacruel|78/100\n|\n|upkeep\n|turn|4\n|inactive|Time left: 300 sec this turn | 300 sec total\n|\n|t:|1783551689\n|switch|p1a: Wyrdeer|Wyrdeer, L87, M|321/321\n|-ability|p1a: Wyrdeer|Intimidate|boost\n|-unboost|p2a: Tentacruel|atk|1\n|move|p2a: Tentacruel|Surf|p1a: Wyrdeer\n|-damage|p1a: Wyrdeer|234/321\n|\n|-heal|p1a: Wyrdeer|254/321|[from] item: Leftovers\n|upkeep\n|turn|5\n|inactive|Time left: 300 sec this turn | 300 sec total\n|\n|t:|1783551690\n|switch|p2a: Dipplin|Dipplin, L88, M|100/100\n|move|p1a: Wyrdeer|Earthquake|p2a: Dipplin\n|-resisted|p2a: Dipplin\n|-damage|p2a: Dipplin|92/100\n|\n|-heal|p1a: Wyrdeer|274/321|[from] item: Leftovers\n|upkeep\n|turn|6\n|inactive|Time left: 300 sec this turn | 300 sec total\n|\n|t:|1783551691\n|move|p1a: Wyrdeer|Thunder Wave|p2a: Dipplin\n|-status|p2a: Dipplin|par\n|move|p2a: Dipplin|Dragon Pulse|p1a: Wyrdeer\n|-damage|p1a: Wyrdeer|172/321\n|\n|-heal|p1a: Wyrdeer|192/321|[from] item: Leftovers\n|upkeep\n|turn|7\n|inactive|Time left: 300 sec this turn | 300 sec total\n|\n|t:|1783551692\n|move|p1a: Wyrdeer|Psychic Noise|p2a: Dipplin\n|-damage|p2a: Dipplin|72/100 par\n|-start|p2a: Dipplin|move: Heal Block\n|cant|p2a: Dipplin|par\n|\n|-heal|p1a: Wyrdeer|212/321|[from] item: Leftovers\n|upkeep\n|turn|8\n|inactive|Time left: 300 sec this turn | 300 sec total\n|\n|t:|1783551694\n|move|p1a: Wyrdeer|Psychic Noise|p2a: Dipplin\n|-damage|p2a: Dipplin|52/100 par\n|move|p2a: Dipplin|Dragon Pulse|p1a: Wyrdeer\n|-damage|p1a: Wyrdeer|97/321\n|\n|-heal|p1a: Wyrdeer|117/321|[from] item: Leftovers\n|-end|p2a: Dipplin|move: Heal Block\n|upkeep\n|turn|9\n|inactive|Time left: 300 sec this turn | 300 sec total\n|\n|t:|1783551695\n|move|p1a: Wyrdeer|Psychic Noise|p2a: Dipplin\n|-damage|p2a: Dipplin|28/100 par\n|-start|p2a: Dipplin|move: Heal Block\n|move|p2a: Dipplin|Dragon Pulse|p1a: Wyrdeer\n|-damage|p1a: Wyrdeer|2/321\n|\n|-heal|p1a: Wyrdeer|22/321|[from] item: Leftovers\n|upkeep\n|turn|10\n|inactive|Time left: 300 sec this turn | 300 sec total\n|\n|t:|1783551696\n|move|p1a: Wyrdeer|Megahorn|p2a: Dipplin\n|-supereffective|p2a: Dipplin\n|-damage|p2a: Dipplin|0 fnt\n|faint|p2a: Dipplin\n|\n|-heal|p1a: Wyrdeer|42/321|[from] item: Leftovers\n|upkeep\n|\n|t:|1783551697\n|switch|p2a: Tentacruel|Tentacruel, L84, M|78/100\n|turn|11\n|inactive|Time left: 300 sec this turn | 300 sec total\n|\n|t:|1783551698\n|switch|p1a: Mismagius|Mismagius, L86, F|243/243\n|move|p2a: Tentacruel|Sludge Bomb|p1a: Mismagius\n|-resisted|p1a: Mismagius\n|-damage|p1a: Mismagius|205/243\n|\n|upkeep\n|turn|12\n|inactive|Time left: 300 sec this turn | 300 sec total\n|\n|t:|1783551699\n|move|p1a: Mismagius|Thunderbolt|p2a: Tentacruel\n|-supereffective|p2a: Tentacruel\n|-damage|p2a: Tentacruel|39/100\n|move|p2a: Tentacruel|Surf|p1a: Mismagius\n|-damage|p1a: Mismagius|139/243\n|\n|upkeep\n|turn|13\n|inactive|Time left: 300 sec this turn | 300 sec total\n|\n|t:|1783551700\n|switch|p2a: Snorlax|Snorlax, L82, M|100/100\n|move|p1a: Mismagius|Thunderbolt|p2a: Snorlax\n|-damage|p2a: Snorlax|79/100\n|\n|-heal|p2a: Snorlax|85/100|[from] item: Leftovers\n|upkeep\n|turn|14\n|inactive|Time left: 300 sec this turn | 300 sec total\n|\n|t:|1783551701\n|move|p1a: Mismagius|Thunderbolt|p2a: Snorlax\n|-damage|p2a: Snorlax|60/100\n|move|p2a: Snorlax|Curse|p2a: Snorlax\n|-unboost|p2a: Snorlax|spe|1\n|-boost|p2a: Snorlax|atk|1\n|-boost|p2a: Snorlax|def|1\n|\n|-heal|p2a: Snorlax|66/100|[from] item: Leftovers\n|upkeep\n|turn|15\n|inactive|Time left: 300 sec this turn | 300 sec total\n|\n|t:|1783551702\n|move|p1a: Mismagius|Thunderbolt|p2a: Snorlax\n|-crit|p2a: Snorlax\n|-damage|p2a: Snorlax|32/100\n|-status|p2a: Snorlax|par\n|cant|p2a: Snorlax|par\n|\n|-heal|p2a: Snorlax|38/100 par|[from] item: Leftovers\n|upkeep\n|turn|16\n|inactive|Time left: 300 sec this turn | 300 sec total\n|\n|t:|1783551703\n|move|p1a: Mismagius|Thunderbolt|p2a: Snorlax\n|-damage|p2a: Snorlax|17/100 par\n|cant|p2a: Snorlax|par\n|\n|-heal|p2a: Snorlax|23/100 par|[from] item: Leftovers\n|upkeep\n|turn|17\n|inactive|Time left: 300 sec this turn | 300 sec total\n|\n|t:|1783551704\n|move|p1a: Mismagius|Thunderbolt|p2a: Snorlax\n|-crit|p2a: Snorlax\n|-damage|p2a: Snorlax|0 fnt\n|faint|p2a: Snorlax\n|\n|upkeep\n|\n|t:|1783551705\n|switch|p2a: Skuntank|Skuntank, L84, F|100/100\n|turn|18\n|inactive|Time left: 300 sec this turn | 300 sec total\n|\n|t:|1783551706\n|move|p1a: Mismagius|Thunderbolt|p2a: Skuntank\n|-damage|p2a: Skuntank|55/100\n|-status|p2a: Skuntank|par\n|cant|p2a: Skuntank|par\n|\n|upkeep\n|turn|19\n|inactive|Time left: 300 sec this turn | 300 sec total\n|\n|t:|1783551707\n|move|p1a: Mismagius|Thunderbolt|p2a: Skuntank\n|-damage|p2a: Skuntank|12/100 par\n|move|p2a: Skuntank|Knock Off|p1a: Mismagius\n|-supereffective|p1a: Mismagius\n|-damage|p1a: Mismagius|0 fnt\n|-enditem|p1a: Mismagius|Choice Specs|[from] move: Knock Off|[of] p2a: Skuntank\n|faint|p1a: Mismagius\n|-damage|p2a: Skuntank|2/100 par|[from] item: Life Orb\n|\n|upkeep\n|inactive|Time left: 300 sec this turn | 300 sec total | 5 sec grace\n|\n|t:|1783551708\n|switch|p1a: Vivillon|Vivillon-Ocean, L83, F|268/268\n|turn|20\n|inactive|Time left: 300 sec this turn | 300 sec total\n|\n|t:|1783551709\n|move|p1a: Vivillon|Quiver Dance|p1a: Vivillon\n|-boost|p1a: Vivillon|spa|1\n|-boost|p1a: Vivillon|spd|1\n|-boost|p1a: Vivillon|spe|1\n|move|p2a: Skuntank|Knock Off|p1a: Vivillon\n|-damage|p1a: Vivillon|64/268\n|-enditem|p1a: Vivillon|Heavy-Duty Boots|[from] move: Knock Off|[of] p2a: Skuntank\n|-damage|p2a: Skuntank|0 fnt|[from] item: Life Orb\n|faint|p2a: Skuntank\n|\n|upkeep\n|\n|t:|1783551710\n|switch|p2a: Tentacruel|Tentacruel, L84, M|39/100\n|turn|21\n|inactive|Time left: 300 sec this turn | 300 sec total\n|\n|t:|1783551711\n|move|p1a: Vivillon|Sleep Powder|p2a: Tentacruel\n|-status|p2a: Tentacruel|slp|[from] move: Sleep Powder\n|cant|p2a: Tentacruel|slp\n|\n|upkeep\n|turn|22\n|inactive|Time left: 300 sec this turn | 300 sec total\n|\n|t:|1783551712\n|move|p1a: Vivillon|Quiver Dance|p1a: Vivillon\n|-boost|p1a: Vivillon|spa|1\n|-boost|p1a: Vivillon|spd|1\n|-boost|p1a: Vivillon|spe|1\n|cant|p2a: Tentacruel|slp\n|\n|upkeep\n|turn|23\n|inactive|Time left: 300 sec this turn | 300 sec total\n|\n|t:|1783551713\n|move|p1a: Vivillon|Hurricane|p2a: Tentacruel\n|-damage|p2a: Tentacruel|0 fnt\n|faint|p2a: Tentacruel\n|\n|upkeep\n|\n|t:|1783551715\n|switch|p2a: Glaceon|Glaceon, L94, M|21/100\n|turn|24\n|inactive|Time left: 300 sec this turn | 300 sec total\n|\n|t:|1783551715\n|move|p2a: Glaceon|Protect|p2a: Glaceon\n|-singleturn|p2a: Glaceon|Protect\n|move|p1a: Vivillon|Tera Blast|p2a: Glaceon\n|-activate|p2a: Glaceon|move: Protect\n|\n|upkeep\n|turn|25\n|inactive|Time left: 300 sec this turn | 300 sec total\n|\n|t:|1783551716\n|-terastallize|p2a: Glaceon|Water\n|move|p2a: Glaceon|Protect||[still]\n|-fail|p2a: Glaceon\n|move|p1a: Vivillon|Tera Blast|p2a: Glaceon\n|-damage|p2a: Glaceon|0 fnt\n|faint|p2a: Glaceon\n|\n|upkeep\n|\n|t:|1783551717\n|switch|p2a: Walking Wake|Walking Wake, L79|39/100\n|turn|26\n|inactive|Time left: 300 sec this turn | 300 sec total\n|\n|t:|1783551718\n|-terastallize|p1a: Vivillon|Ground\n|move|p1a: Vivillon|Tera Blast|p2a: Walking Wake|[anim] Tera Blast Ground\n|-damage|p2a: Walking Wake|0 fnt\n|faint|p2a: Walking Wake\n|-end|p2a: Walking Wake|Protosynthesis|[silent]\n|\n|win|p0x1016b8b9", "uploadtime": 1783551718, "views": 0, "rating": 0, "private": 0, "password": null, "_winner": "p0x1016b8b9", "_our_name": "p0x1016b8b9"}