{"id": "battle-gen9randombattle-312", "formatid": "gen9randombattle", "format": "[Gen 9] Random Battle", "players": ["p0x0107d84", "p0y01001e1"], "log": "|init|battle\n|title|p0x0107d84 vs. p0y01001e1\n|j|\u2606p0x0107d84\n|j|\u2606p0y01001e1\n|t:|1783393253\n|gametype|singles\n|player|p1|p0x0107d84|170|\n|player|p2|p0y01001e1|266|\n|gen|9\n|tier|[Gen 9] Random Battle\n|rule|Species Clause: Limit one of each Pok\u00e9mon\n|rule|HP Percentage Mod: HP is shown in percentages\n|rule|Sleep Clause Mod: Limit one foe put to sleep\n|rule|Illusion Level Mod: Illusion disguises the Pok\u00e9mon's true level\n|\n|t:|1783393253\n|teamsize|p1|6\n|teamsize|p2|6\n|start\n|switch|p1a: Sawsbuck|Sawsbuck-Autumn, L88, M|284/284\n|switch|p2a: Pawmot|Pawmot, L80, M|100/100\n|turn|1\n|html|<div class=\"message-error\">You must be registered to chat in temporary rooms (like battles).</div>You may register in the <button name=\"openOptions\"><i class=\"fa fa-cog\"></i> Options</button> menu.\n|inactive|Battle timer is ON: inactive players will automatically lose when time's up. (requested by p0x0107d84)\n|inactive|p0y01001e1 also wants the timer to be on.\n|\n|t:|1783393253\n|move|p1a: Sawsbuck|Double-Edge|p2a: Pawmot\n|-damage|p2a: Pawmot|0 fnt\n|faint|p2a: Pawmot\n|-damage|p1a: Sawsbuck|204/284|[from] Recoil\n|-damage|p1a: Sawsbuck|176/284|[from] item: Life Orb\n|\n|upkeep\n|\n|t:|1783393253\n|switch|p2a: Victreebel|Victreebel, L90, M|100/100\n|turn|2\n|inactive|Time left: 300 sec this turn | 300 sec total\n|\n|t:|1783393254\n|move|p1a: Sawsbuck|Double-Edge|p2a: Victreebel\n|-damage|p2a: Victreebel|23/100\n|-damage|p1a: Sawsbuck|101/284|[from] Recoil\n|-damage|p1a: Sawsbuck|73/284|[from] item: Life Orb\n|move|p2a: Victreebel|Sludge Wave|p1a: Sawsbuck\n|-supereffective|p1a: Sawsbuck\n|-damage|p1a: Sawsbuck|0 fnt\n|faint|p1a: Sawsbuck\n|-damage|p2a: Victreebel|13/100|[from] item: Life Orb\n|\n|upkeep\n|inactive|Time left: 300 sec this turn | 300 sec total | 5 sec grace\n|\n|t:|1783393254\n|switch|p1a: Mienshao|Mienshao, L83, F|243/243\n|turn|3\n|inactive|Time left: 300 sec this turn | 300 sec total\n|\n|t:|1783393254\n|switch|p2a: Dedenne|Dedenne, L88, M|100/100\n|move|p1a: Mienshao|High Jump Kick|p2a: Dedenne\n|-resisted|p2a: Dedenne\n|-damage|p2a: Dedenne|21/100\n|-enditem|p2a: Dedenne|Sitrus Berry|[eat]\n|-heal|p2a: Dedenne|46/100|[from] item: Sitrus Berry\n|-heal|p2a: Dedenne|79/100|[from] ability: Cheek Pouch\n|\n|upkeep\n|turn|4\n|inactive|Time left: 300 sec this turn | 300 sec total\n|\n|t:|1783393254\n|switch|p1a: Lanturn|Lanturn, L89, F|367/367\n|move|p2a: Dedenne|Dazzling Gleam|p1a: Lanturn\n|-damage|p1a: Lanturn|283/367\n|\n|-heal|p1a: Lanturn|305/367|[from] item: Leftovers\n|upkeep\n|turn|5\n|inactive|Time left: 300 sec this turn | 300 sec total\n|\n|t:|1783393255\n|move|p2a: Dedenne|U-turn|p1a: Lanturn\n|-damage|p1a: Lanturn|258/367\n|\n|t:|1783393255\n|switch|p2a: Espeon|Espeon, L84, F|100/100|[from] U-turn\n|move|p1a: Lanturn|Scald|p2a: Espeon\n|-damage|p2a: Espeon|71/100\n|\n|-heal|p1a: Lanturn|280/367|[from] item: Leftovers\n|upkeep\n|turn|6\n|inactive|Time left: 300 sec this turn | 300 sec total\n|\n|t:|1783393255\n|move|p2a: Espeon|Calm Mind|p2a: Espeon\n|-boost|p2a: Espeon|spa|1\n|-boost|p2a: Espeon|spd|1\n|move|p1a: Lanturn|Thunderbolt|p2a: Espeon\n|-damage|p2a: Espeon|48/100\n|\n|-heal|p1a: Lanturn|302/367|[from] item: Leftovers\n|upkeep\n|turn|7\n|inactive|Time left: 300 sec this turn | 300 sec total\n|\n|t:|1783393255\n|move|p2a: Espeon|Shadow Ball|p1a: Lanturn\n|-damage|p1a: Lanturn|163/367\n|-damage|p2a: Espeon|38/100|[from] item: Life Orb\n|move|p1a: Lanturn|Thunderbolt|p2a: Espeon\n|-damage|p2a: Espeon|17/100\n|\n|-heal|p1a: Lanturn|185/367|[from] item: Leftovers\n|upkeep\n|turn|8\n|inactive|Time left: 300 sec this turn | 300 sec total\n|\n|t:|1783393256\n|switch|p1a: Hippowdon|Hippowdon, L82, M|311/311\n|-weather|Sandstorm|[from] ability: Sand Stream|[of] p1a: Hippowdon\n|move|p2a: Espeon|Psychic|p1a: Hippowdon\n|-damage|p1a: Hippowdon|58/311\n|-damage|p2a: Espeon|7/100|[from] item: Life Orb\n|\n|-weather|Sandstorm|[upkeep]\n|-damage|p2a: Espeon|1/100|[from] Sandstorm\n|-heal|p1a: Hippowdon|77/311|[from] item: Leftovers\n|upkeep\n|turn|9\n|inactive|Time left: 300 sec this turn | 300 sec total\n|\n|t:|1783393256\n|move|p2a: Espeon|Psychic|p1a: Hippowdon\n|-damage|p1a: Hippowdon|0 fnt\n|faint|p1a: Hippowdon\n|-damage|p2a: Espeon|0 fnt|[from] item: Life Orb\n|faint|p2a: Espeon\n|\n|-weather|Sandstorm|[upkeep]\n|upkeep\n|inactive|Time left: 300 sec this turn | 300 sec total | 5 sec grace\n|\n|t:|1783393256\n|switch|p2a: Dedenne|Dedenne, L88, M|79/100\n|switch|p1a: Mienshao|Mienshao, L83, F|243/243\n|turn|10\n|inactive|Time left: 300 sec this turn | 300 sec total\n|\n|t:|1783393256\n|move|p2a: Dedenne|Dazzling Gleam|p1a: Mienshao\n|-supereffective|p1a: Mienshao\n|-damage|p1a: Mienshao|27/243\n|move|p1a: Mienshao|High Jump Kick|p2a: Dedenne|[miss]\n|-miss|p1a: Mienshao|p2a: Dedenne\n|-damage|p1a: Mienshao|0 fnt|[from] highjumpkick\n|faint|p1a: Mienshao\n|\n|-weather|Sandstorm|[upkeep]\n|-damage|p2a: Dedenne|73/100|[from] Sandstorm\n|upkeep\n|inactive|Time left: 300 sec this turn | 300 sec total | 5 sec grace\n|\n|t:|1783393257\n|switch|p1a: Lanturn|Lanturn, L89, F|185/367\n|turn|11\n|inactive|Time left: 300 sec this turn | 300 sec total\n|\n|t:|1783393257\n|move|p2a: Dedenne|U-turn|p1a: Lanturn\n|-damage|p1a: Lanturn|132/367\n|\n|t:|1783393257\n|switch|p2a: Sunflora|Sunflora, F|100/100|[from] U-turn\n|move|p1a: Lanturn|Scald|p2a: Sunflora\n|-resisted|p2a: Sunflora\n|-damage|p2a: Sunflora|90/100\n|\n|-weather|Sandstorm|[upkeep]\n|-damage|p1a: Lanturn|110/367|[from] Sandstorm\n|-damage|p2a: Sunflora|84/100|[from] Sandstorm\n|-heal|p1a: Lanturn|132/367|[from] item: Leftovers\n|upkeep\n|turn|12\n|inactive|Time left: 300 sec this turn | 300 sec total\n|\n|t:|1783393257\n|move|p1a: Lanturn|Ice Beam|p2a: Sunflora\n|-supereffective|p2a: Sunflora\n|-damage|p2a: Sunflora|53/100\n|-status|p2a: Sunflora|frz\n|cant|p2a: Sunflora|frz\n|\n|-weather|none\n|-heal|p1a: Lanturn|154/367|[from] item: Leftovers\n|upkeep\n|turn|13\n|inactive|Time left: 300 sec this turn | 300 sec total\n|\n|t:|1783393257\n|move|p1a: Lanturn|Ice Beam|p2a: Sunflora\n|-supereffective|p2a: Sunflora\n|-damage|p2a: Sunflora|17/100 frz\n|cant|p2a: Sunflora|frz\n|\n|-heal|p1a: Lanturn|176/367|[from] item: Leftovers\n|upkeep\n|turn|14\n|inactive|Time left: 300 sec this turn | 300 sec total\n|\n|t:|1783393258\n|move|p1a: Lanturn|Thunder Wave||[still]\n|-fail|p1a: Lanturn\n|cant|p2a: Sunflora|frz\n|\n|-heal|p1a: Lanturn|198/367|[from] item: Leftovers\n|upkeep\n|turn|15\n|inactive|Time left: 300 sec this turn | 300 sec total\n|\n|t:|1783393258\n|switch|p1a: Maushold|Maushold, L76|238/238\n|cant|p2a: Sunflora|frz\n|\n|upkeep\n|turn|16\n|inactive|Time left: 300 sec this turn | 300 sec total\n|\n|t:|1783393258\n|move|p1a: Maushold|Tidy Up|p1a: Maushold\n|-boost|p1a: Maushold|atk|1\n|-boost|p1a: Maushold|spe|1\n|cant|p2a: Sunflora|frz\n|\n|upkeep\n|turn|17\n|inactive|Time left: 300 sec this turn | 300 sec total\n|\n|t:|1783393258\n|move|p1a: Maushold|Population Bomb|p2a: Sunflora\n|-damage|p2a: Sunflora|5/100 frz\n|-damage|p2a: Sunflora|0 fnt\n|faint|p2a: Sunflora\n|-hitcount|p2: Sunflora|2\n|\n|upkeep\n|\n|t:|1783393259\n|switch|p2a: Victreebel|Victreebel, L90, M|13/100\n|turn|18\n|inactive|Time left: 300 sec this turn | 300 sec total\n|\n|t:|1783393259\n|move|p2a: Victreebel|Sucker Punch|p1a: Maushold\n|-damage|p1a: Maushold|138/238\n|-damage|p2a: Victreebel|3/100|[from] item: Life Orb\n|move|p1a: Maushold|Population Bomb|p2a: Victreebel|[miss]\n|-miss|p1a: Maushold|p2a: Victreebel\n|\n|upkeep\n|turn|19\n|inactive|Time left: 300 sec this turn | 300 sec total\n|\n|t:|1783393259\n|move|p2a: Victreebel|Sucker Punch|p1a: Maushold\n|-damage|p1a: Maushold|35/238\n|-damage|p2a: Victreebel|0 fnt|[from] item: Life Orb\n|faint|p2a: Victreebel\n|move|p1a: Maushold|Population Bomb|p2: Victreebel|[notarget]\n|-fail|p1a: Maushold\n|\n|upkeep\n|\n|t:|1783393259\n|switch|p2a: Dedenne|Dedenne, L88, M|73/100\n|turn|20\n|inactive|Time left: 300 sec this turn | 300 sec total\n|\n|t:|1783393260\n|move|p1a: Maushold|Population Bomb|p2a: Dedenne\n|-damage|p2a: Dedenne|57/100\n|-damage|p2a: Dedenne|40/100\n|-damage|p2a: Dedenne|24/100\n|-damage|p2a: Dedenne|8/100\n|-damage|p2a: Dedenne|0 fnt\n|faint|p2a: Dedenne\n|-hitcount|p2: Dedenne|5\n|\n|upkeep\n|\n|t:|1783393260\n|switch|p2a: Slowking|Slowking, L88, M|100/100\n|turn|21\n|inactive|Time left: 300 sec this turn | 300 sec total\n|\n|t:|1783393260\n|-terastallize|p1a: Maushold|Normal\n|move|p1a: Maushold|Population Bomb|p2a: Slowking\n|-damage|p2a: Slowking|84/100\n|-damage|p2a: Slowking|69/100\n|-damage|p2a: Slowking|54/100\n|-damage|p2a: Slowking|38/100\n|-damage|p2a: Slowking|24/100\n|-damage|p2a: Slowking|9/100\n|-damage|p2a: Slowking|0 fnt\n|faint|p2a: Slowking\n|-hitcount|p2: Slowking|7\n|\n|win|p0x0107d84", "uploadtime": 1783393260, "views": 0, "rating": 0, "private": 0, "password": null, "_winner": "p0x0107d84", "_our_name": "p0x0107d84"}