{"id": "battle-gen9randombattle-311", "formatid": "gen9randombattle", "format": "[Gen 9] Random Battle", "players": ["p0x009b3f2", "p0y009d879"], "log": "|init|battle\n|title|p0x009b3f2 vs. p0y009d879\n|j|\u2606p0x009b3f2\n|j|\u2606p0y009d879\n|t:|1783393239\n|gametype|singles\n|player|p1|p0x009b3f2|102|\n|player|p2|p0y009d879|170|\n|gen|9\n|tier|[Gen 9] Random Battle\n|rule|Species Clause: Limit one of each Pok\u00e9mon\n|rule|HP Percentage Mod: HP is shown in percentages\n|rule|Sleep Clause Mod: Limit one foe put to sleep\n|rule|Illusion Level Mod: Illusion disguises the Pok\u00e9mon's true level\n|\n|t:|1783393239\n|teamsize|p1|6\n|teamsize|p2|6\n|start\n|switch|p1a: Perrserker|Perrserker, L89, F|100/100\n|switch|p2a: Skeledirge|Skeledirge, L79, F|219/219\n|turn|1\n|html|<div class=\"message-error\">You must be registered to chat in temporary rooms (like battles).</div>You may register in the <button name=\"openOptions\"><i class=\"fa fa-cog\"></i> Options</button> menu.\n|inactive|Battle timer is ON: inactive players will automatically lose when time's up. (requested by p0y009d879)\n|inactive|p0x009b3f2 also wants the timer to be on.\n|\n|t:|1783393239\n|switch|p1a: Oricorio|Oricorio, L84, F|100/100\n|move|p2a: Skeledirge|Focus Blast|p1a: Oricorio|[miss]\n|-miss|p2a: Skeledirge|p1a: Oricorio\n|\n|upkeep\n|turn|2\n|inactive|Time left: 300 sec this turn | 300 sec total\n|\n|t:|1783393239\n|switch|p2a: Gyarados|Gyarados, L79, M|280/280\n|move|p1a: Oricorio|Quiver Dance|p1a: Oricorio\n|-boost|p1a: Oricorio|spa|1\n|-boost|p1a: Oricorio|spd|1\n|-boost|p1a: Oricorio|spe|1\n|\n|upkeep\n|turn|3\n|inactive|Time left: 300 sec this turn | 300 sec total\n|\n|t:|1783393240\n|move|p1a: Oricorio|Hurricane|p2a: Gyarados\n|-damage|p2a: Gyarados|124/280\n|move|p2a: Gyarados|Waterfall|p1a: Oricorio\n|-supereffective|p1a: Oricorio\n|-damage|p1a: Oricorio|12/100\n|\n|upkeep\n|turn|4\n|inactive|Time left: 300 sec this turn | 300 sec total\n|\n|t:|1783393240\n|move|p1a: Oricorio|Hurricane|p2a: Gyarados\n|-damage|p2a: Gyarados|0 fnt\n|faint|p2a: Gyarados\n|\n|upkeep\n|inactive|Time left: 300 sec this turn | 300 sec total | 5 sec grace\n|\n|t:|1783393240\n|switch|p2a: Palafin|Palafin, L77, M|281/281\n|turn|5\n|inactive|Time left: 300 sec this turn | 300 sec total\n|\n|t:|1783393240\n|switch|p1a: Crabominable|Crabominable, L90, M|100/100\n|move|p2a: Palafin|Jet Punch|p1a: Crabominable\n|-damage|p1a: Crabominable|80/100\n|\n|upkeep\n|turn|6\n|inactive|Time left: 300 sec this turn | 300 sec total\n|\n|t:|1783393240\n|detailschange|p2a: Palafin|Palafin-Hero, L77, M\n|switch|p2a: Skeledirge|Skeledirge, L79, F|294/294\n|move|p1a: Crabominable|Drain Punch|p2a: Skeledirge\n|-immune|p2a: Skeledirge\n|\n|upkeep\n|turn|7\n|inactive|Time left: 300 sec this turn | 300 sec total\n|\n|t:|1783393241\n|switch|p1a: Staraptor|Staraptor, L79, F|100/100\n|move|p2a: Skeledirge|Torch Song|p1a: Staraptor\n|-damage|p1a: Staraptor|56/100\n|-boost|p2a: Skeledirge|spa|1\n|\n|upkeep\n|turn|8\n|inactive|Time left: 300 sec this turn | 300 sec total\n|\n|t:|1783393241\n|-terastallize|p1a: Staraptor|Flying\n|move|p1a: Staraptor|Brave Bird|p2a: Skeledirge\n|-damage|p2a: Skeledirge|0 fnt\n|faint|p2a: Skeledirge\n|-damage|p1a: Staraptor|19/100|[from] Recoil\n|\n|upkeep\n|inactive|Time left: 300 sec this turn | 300 sec total | 5 sec grace\n|\n|t:|1783393241\n|switch|p2a: Palafin|Palafin-Hero, L77, M|219/219\n|turn|9\n|inactive|Time left: 300 sec this turn | 300 sec total\n|\n|t:|1783393241\n|switch|p2a: Palafin|Palafin-Hero, L77, M|281/281\n|-activate|p2a: Palafin|ability: Zero to Hero\n|move|p1a: Staraptor|Brave Bird|p2a: Palafin\n|-damage|p2a: Palafin|0 fnt\n|faint|p2a: Palafin\n|-damage|p1a: Staraptor|0 fnt|[from] Recoil\n|faint|p1a: Staraptor\n|\n|upkeep\n|inactive|Time left: 300 sec this turn | 300 sec total | 5 sec grace\n|\n|t:|1783393242\n|switch|p1a: Crabominable|Crabominable, L90, M|80/100\n|switch|p2a: Breloom|Breloom, L83, F|235/235\n|turn|10\n|inactive|Time left: 300 sec this turn | 300 sec total\n|\n|t:|1783393242\n|move|p2a: Breloom|Spore|p1a: Crabominable\n|-status|p1a: Crabominable|slp|[from] move: Spore\n|cant|p1a: Crabominable|slp\n|\n|upkeep\n|turn|11\n|inactive|Time left: 300 sec this turn | 300 sec total\n|\n|t:|1783393242\n|switch|p1a: Dragapult|Dragapult, L77, M|100/100\n|move|p2a: Breloom|Bullet Seed|p1a: Dragapult\n|-resisted|p1a: Dragapult\n|-damage|p1a: Dragapult|86/100\n|-resisted|p1a: Dragapult\n|-damage|p1a: Dragapult|70/100\n|-resisted|p1a: Dragapult\n|-damage|p1a: Dragapult|55/100\n|-hitcount|p1a: Dragapult|3\n|-damage|p2a: Breloom|212/235|[from] item: Life Orb\n|\n|upkeep\n|turn|12\n|inactive|Time left: 300 sec this turn | 300 sec total\n|\n|t:|1783393242\n|switch|p2a: Mightyena|Mightyena, L96, F|290/290\n|-ability|p2a: Mightyena|Intimidate|boost\n|-fail|p1a: Dragapult|unboost|[from] ability: Clear Body|[of] p1a: Dragapult\n|move|p1a: Dragapult|Fire Blast|p2a: Mightyena\n|-damage|p2a: Mightyena|224/290\n|-damage|p1a: Dragapult|45/100|[from] item: Life Orb\n|\n|upkeep\n|turn|13\n|inactive|Time left: 300 sec this turn | 300 sec total\n|\n|t:|1783393243\n|move|p1a: Dragapult|Dragon Darts|p2a: Mightyena\n|-damage|p2a: Mightyena|154/290\n|-anim|p1a: Dragapult|Dragon Darts|p2a: Mightyena\n|-damage|p2a: Mightyena|83/290\n|-damage|p1a: Dragapult|35/100|[from] item: Life Orb\n|move|p2a: Mightyena|Crunch|p1a: Dragapult\n|-supereffective|p1a: Dragapult\n|-damage|p1a: Dragapult|0 fnt\n|faint|p1a: Dragapult\n|\n|upkeep\n|\n|t:|1783393243\n|switch|p1a: Oricorio|Oricorio, L84, F|12/100\n|turn|14\n|inactive|Time left: 300 sec this turn | 300 sec total\n|\n|t:|1783393243\n|move|p1a: Oricorio|Roost|p1a: Oricorio\n|-heal|p1a: Oricorio|62/100\n|-singleturn|p1a: Oricorio|move: Roost\n|move|p2a: Mightyena|Crunch|p1a: Oricorio\n|-crit|p1a: Oricorio\n|-damage|p1a: Oricorio|0 fnt\n|faint|p1a: Oricorio\n|\n|upkeep\n|\n|t:|1783393243\n|switch|p1a: Perrserker|Perrserker, L89, F|100/100\n|turn|15\n|inactive|Time left: 300 sec this turn | 300 sec total\n|\n|t:|1783393244\n|move|p2a: Mightyena|Crunch|p1a: Perrserker\n|-damage|p1a: Perrserker|65/100\n|move|p1a: Perrserker|U-turn|p2a: Mightyena\n|-supereffective|p2a: Mightyena\n|-damage|p2a: Mightyena|0 fnt\n|faint|p2a: Mightyena\n|-damage|p1a: Perrserker|55/100|[from] item: Life Orb\n|\n|t:|1783393244\n|switch|p1a: Dialga|Dialga-Origin, L73|100/100|[from] U-turn\n|-ability|p1a: Dialga|Pressure\n|\n|upkeep\n|inactive|Time left: 300 sec this turn | 300 sec total | 10 sec grace\n|\n|t:|1783393244\n|switch|p2a: Breloom|Breloom, L83, F|212/235\n|turn|16\n|inactive|Time left: 300 sec this turn | 300 sec total\n|\n|t:|1783393244\n|switch|p1a: Crabominable|Crabominable, L90, M|80/100 slp\n|-terastallize|p2a: Breloom|Fighting\n|move|p2a: Breloom|Mach Punch|p1a: Crabominable\n|-supereffective|p1a: Crabominable\n|-damage|p1a: Crabominable|0 fnt\n|faint|p1a: Crabominable\n|-damage|p2a: Breloom|189/235|[from] item: Life Orb\n|\n|upkeep\n|\n|t:|1783393245\n|switch|p1a: Dialga|Dialga-Origin, L73|100/100\n|-ability|p1a: Dialga|Pressure\n|turn|17\n|inactive|Time left: 300 sec this turn | 300 sec total\n|\n|t:|1783393245\n|move|p2a: Breloom|Mach Punch|p1a: Dialga\n|-supereffective|p1a: Dialga\n|-damage|p1a: Dialga|5/100\n|-damage|p2a: Breloom|166/235|[from] item: Life Orb\n|move|p1a: Dialga|Fire Blast|p2a: Breloom\n|-damage|p2a: Breloom|46/235\n|\n|upkeep\n|turn|18\n|inactive|Time left: 300 sec this turn | 300 sec total\n|\n|t:|1783393245\n|move|p2a: Breloom|Mach Punch|p1a: Dialga\n|-supereffective|p1a: Dialga\n|-damage|p1a: Dialga|0 fnt\n|faint|p1a: Dialga\n|-damage|p2a: Breloom|23/235|[from] item: Life Orb\n|\n|upkeep\n|\n|t:|1783393245\n|switch|p1a: Perrserker|Perrserker, L89, F|55/100\n|turn|19\n|inactive|Time left: 300 sec this turn | 300 sec total\n|\n|t:|1783393246\n|move|p2a: Breloom|Mach Punch|p1a: Perrserker\n|-supereffective|p1a: Perrserker\n|-damage|p1a: Perrserker|0 fnt\n|faint|p1a: Perrserker\n|-damage|p2a: Breloom|0 fnt|[from] item: Life Orb\n|faint|p2a: Breloom\n|\n|win|p0y009d879", "uploadtime": 1783393246, "views": 0, "rating": 0, "private": 0, "password": null, "_winner": "p0y009d879", "_our_name": "p0y009d879"}                                                                                , "uploadtime": 1783393246, "views": 0, "rating": 0, "private": 0, "password": null, "_winner": "p0y009d879", "_our_name": "p0x009b3f2"}