{"id": "battle-gen9randombattle-298", "formatid": "gen9randombattle", "format": "[Gen 9] Random Battle", "players": ["p0x096b1f7", "p0y0963e20"], "log": "|init|battle\n|title|p0x096b1f7 vs. p0y0963e20\n|j|\u2606p0x096b1f7\n|j|\u2606p0y0963e20\n|t:|1783392479\n|gametype|singles\n|player|p1|p0x096b1f7|170|\n|player|p2|p0y0963e20|266|\n|gen|9\n|tier|[Gen 9] Random Battle\n|rule|Species Clause: Limit one of each Pok\u00e9mon\n|rule|HP Percentage Mod: HP is shown in percentages\n|rule|Sleep Clause Mod: Limit one foe put to sleep\n|rule|Illusion Level Mod: Illusion disguises the Pok\u00e9mon's true level\n|\n|t:|1783392479\n|teamsize|p1|6\n|teamsize|p2|6\n|start\n|switch|p1a: Araquanid|Araquanid, L82, M|246/246\n|switch|p2a: Kingambit|Kingambit, L74, F|100/100\n|turn|1\n|request|{\"active\":[{\"moves\":[{\"move\":\"Hydro Pump\",\"id\":\"hydropump\",\"pp\":8,\"maxpp\":8,\"target\":\"normal\",\"disabled\":false},{\"move\":\"Liquidation\",\"id\":\"liquidation\",\"pp\":16,\"maxpp\":16,\"target\":\"normal\",\"disabled\":false},{\"move\":\"Leech Life\",\"id\":\"leechlife\",\"pp\":16,\"maxpp\":16,\"target\":\"normal\",\"disabled\":false},{\"move\":\"Sticky Web\",\"id\":\"stickyweb\",\"pp\":32,\"maxpp\":32,\"target\":\"foeSide\",\"disabled\":false}],\"canTerastallize\":\"Steel\"}],\"side\":{\"name\":\"p0x096b1f7\",\"id\":\"p1\",\"pokemon\":[{\"ident\":\"p1: Araquanid\",\"details\":\"Araquanid, L82, M\",\"condition\":\"246/246\",\"active\":true,\"stats\":{\"atk\":162,\"def\":198,\"spa\":129,\"spd\":264,\"spe\":116},\"moves\":[\"hydropump\",\"liquidation\",\"leechlife\",\"stickyweb\"],\"baseAbility\":\"waterbubble\",\"item\":\"heavydutyboots\",\"pokeball\":\"pokeball\",\"ability\":\"waterbubble\",\"commanding\":false,\"reviving\":false,\"teraType\":\"Steel\",\"terastallized\":\"\"},{\"ident\":\"p1: Vigoroth\",\"details\":\"Vigoroth, L85, M\",\"condition\":\"275/275\",\"active\":false,\"stats\":{\"atk\":185,\"def\":185,\"spa\":142,\"spd\":142,\"spe\":202},\"moves\":[\"knockoff\",\"slackoff\",\"bulkup\",\"bodyslam\"],\"baseAbility\":\"vitalspirit\",\"item\":\"eviolite\",\"pokeball\":\"pokeball\",\"ability\":\"vitalspirit\",\"commanding\":false,\"reviving\":false,\"teraType\":\"Ghost\",\"terastallized\":\"\"},{\"ident\":\"p1: Kleavor\",\"details\":\"Kleavor, L78, F\",\"condition\":\"237/237\",\"active\":false,\"stats\":{\"atk\":256,\"def\":193,\"spa\":115,\"spd\":154,\"spe\":178},\"moves\":[\"xscissor\",\"stoneaxe\",\"defog\",\"closecombat\"],\"baseAbility\":\"sharpness\",\"item\":\"heavydutyboots\",\"pokeball\":\"pokeball\",\"ability\":\"sharpness\",\"commanding\":false,\"reviving\":false,\"teraType\":\"Rock\",\"terastallized\":\"\"},{\"ident\":\"p1: Infernape\",\"details\":\"Infernape, L82, M\",\"condition\":\"259/259\",\"active\":false,\"stats\":{\"atk\":218,\"def\":164,\"spa\":218,\"spd\":164,\"spe\":224},\"moves\":[\"closecombat\",\"swordsdance\",\"flareblitz\",\"knockoff\"],\"baseAbility\":\"blaze\",\"item\":\"lifeorb\",\"pokeball\":\"pokeball\",\"ability\":\"blaze\",\"commanding\":false,\"reviving\":false,\"teraType\":\"Dark\",\"terastallized\":\"\"},{\"ident\":\"p1: Dodrio\",\"details\":\"Dodrio, L85, F\",\"condition\":\"241/241\",\"active\":false,\"stats\":{\"atk\":236,\"def\":168,\"spa\":151,\"spd\":151,\"spe\":236},\"moves\":[\"doubleedge\",\"bravebird\",\"drillrun\",\"quickattack\"],\"baseAbility\":\"earlybird\",\"item\":\"choiceband\",\"pokeball\":\"pokeball\",\"ability\":\"earlybird\",\"commanding\":false,\"reviving\":false,\"teraType\":\"Normal\",\"terastallized\":\"\"},{\"ident\":\"p1: Eelektross\",\"details\":\"Eelektross, L87, F\",\"condition\":\"290/290\",\"active\":false,\"stats\":{\"atk\":250,\"def\":189,\"spa\":232,\"spd\":189,\"spe\":137},\"moves\":[\"knockoff\",\"coil\",\"drainpunch\",\"supercellslam\"],\"baseAbility\":\"levitate\",\"item\":\"leftovers\",\"pokeball\":\"pokeball\",\"ability\":\"levitate\",\"commanding\":false,\"reviving\":false,\"teraType\":\"Fighting\",\"terastallized\":\"\"}]},\"rqid\":2}\n|inactive|Battle timer is ON: inactive players will automatically lose when time's up. (requested by p0y0963e20)\n|inactive|Time left: 300 sec this turn | 300 sec total | 60 sec grace\n|html|<div class=\"message-error\">You must be registered to chat in temporary rooms (like battles).</div>You may register in the <button name=\"openOptions\"><i class=\"fa fa-cog\"></i> Options</button> menu.\n|inactive|p0x096b1f7 also wants the timer to be on.\n|\n|t:|1783392480\n|move|p2a: Kingambit|Swords Dance|p2a: Kingambit\n|-boost|p2a: Kingambit|atk|2\n|move|p1a: Araquanid|Sticky Web|p2a: Kingambit\n|-sidestart|p2: p0y0963e20|move: Sticky Web\n|\n|upkeep\n|turn|2\n|request|{\"active\":[{\"moves\":[{\"move\":\"Hydro Pump\",\"id\":\"hydropump\",\"pp\":8,\"maxpp\":8,\"target\":\"normal\",\"disabled\":false},{\"move\":\"Liquidation\",\"id\":\"liquidation\",\"pp\":16,\"maxpp\":16,\"target\":\"normal\",\"disabled\":false},{\"move\":\"Leech Life\",\"id\":\"leechlife\",\"pp\":16,\"maxpp\":16,\"target\":\"normal\",\"disabled\":false},{\"move\":\"Sticky Web\",\"id\":\"stickyweb\",\"pp\":31,\"maxpp\":32,\"target\":\"foeSide\",\"disabled\":false}],\"canTerastallize\":\"Steel\"}],\"side\":{\"name\":\"p0x096b1f7\",\"id\":\"p1\",\"pokemon\":[{\"ident\":\"p1: Araquanid\",\"details\":\"Araquanid, L82, M\",\"condition\":\"246/246\",\"active\":true,\"stats\":{\"atk\":162,\"def\":198,\"spa\":129,\"spd\":264,\"spe\":116},\"moves\":[\"hydropump\",\"liquidation\",\"leechlife\",\"stickyweb\"],\"baseAbility\":\"waterbubble\",\"item\":\"heavydutyboots\",\"pokeball\":\"pokeball\",\"ability\":\"waterbubble\",\"commanding\":false,\"reviving\":false,\"teraType\":\"Steel\",\"terastallized\":\"\"},{\"ident\":\"p1: Vigoroth\",\"details\":\"Vigoroth, L85, M\",\"condition\":\"275/275\",\"active\":false,\"stats\":{\"atk\":185,\"def\":185,\"spa\":142,\"spd\":142,\"spe\":202},\"moves\":[\"knockoff\",\"slackoff\",\"bulkup\",\"bodyslam\"],\"baseAbility\":\"vitalspirit\",\"item\":\"eviolite\",\"pokeball\":\"pokeball\",\"ability\":\"vitalspirit\",\"commanding\":false,\"reviving\":false,\"teraType\":\"Ghost\",\"terastallized\":\"\"},{\"ident\":\"p1: Kleavor\",\"details\":\"Kleavor, L78, F\",\"condition\":\"237/237\",\"active\":false,\"stats\":{\"atk\":256,\"def\":193,\"spa\":115,\"spd\":154,\"spe\":178},\"moves\":[\"xscissor\",\"stoneaxe\",\"defog\",\"closecombat\"],\"baseAbility\":\"sharpness\",\"item\":\"heavydutyboots\",\"pokeball\":\"pokeball\",\"ability\":\"sharpness\",\"commanding\":false,\"reviving\":false,\"teraType\":\"Rock\",\"terastallized\":\"\"},{\"ident\":\"p1: Infernape\",\"details\":\"Infernape, L82, M\",\"condition\":\"259/259\",\"active\":false,\"stats\":{\"atk\":218,\"def\":164,\"spa\":218,\"spd\":164,\"spe\":224},\"moves\":[\"closecombat\",\"swordsdance\",\"flareblitz\",\"knockoff\"],\"baseAbility\":\"blaze\",\"item\":\"lifeorb\",\"pokeball\":\"pokeball\",\"ability\":\"blaze\",\"commanding\":false,\"reviving\":false,\"teraType\":\"Dark\",\"terastallized\":\"\"},{\"ident\":\"p1: Dodrio\",\"details\":\"Dodrio, L85, F\",\"condition\":\"241/241\",\"active\":false,\"stats\":{\"atk\":236,\"def\":168,\"spa\":151,\"spd\":151,\"spe\":236},\"moves\":[\"doubleedge\",\"bravebird\",\"drillrun\",\"quickattack\"],\"baseAbility\":\"earlybird\",\"item\":\"choiceband\",\"pokeball\":\"pokeball\",\"ability\":\"earlybird\",\"commanding\":false,\"reviving\":false,\"teraType\":\"Normal\",\"terastallized\":\"\"},{\"ident\":\"p1: Eelektross\",\"details\":\"Eelektross, L87, F\",\"condition\":\"290/290\",\"active\":false,\"stats\":{\"atk\":250,\"def\":189,\"spa\":232,\"spd\":189,\"spe\":137},\"moves\":[\"knockoff\",\"coil\",\"drainpunch\",\"supercellslam\"],\"baseAbility\":\"levitate\",\"item\":\"leftovers\",\"pokeball\":\"pokeball\",\"ability\":\"levitate\",\"commanding\":false,\"reviving\":false,\"teraType\":\"Fighting\",\"terastallized\":\"\"}]},\"rqid\":4}\n|inactive|Time left: 300 sec this turn | 300 sec total\n|\n|t:|1783392480\n|switch|p1a: Infernape|Infernape, L82, M|259/259\n|move|p2a: Kingambit|Iron Head|p1a: Infernape\n|-resisted|p1a: Infernape\n|-damage|p1a: Infernape|157/259\n|\n|upkeep\n|turn|3\n|request|{\"active\":[{\"moves\":[{\"move\":\"Close Combat\",\"id\":\"closecombat\",\"pp\":8,\"maxpp\":8,\"target\":\"normal\",\"disabled\":false},{\"move\":\"Swords Dance\",\"id\":\"swordsdance\",\"pp\":32,\"maxpp\":32,\"target\":\"self\",\"disabled\":false},{\"move\":\"Flare Blitz\",\"id\":\"flareblitz\",\"pp\":24,\"maxpp\":24,\"target\":\"normal\",\"disabled\":false},{\"move\":\"Knock Off\",\"id\":\"knockoff\",\"pp\":32,\"maxpp\":32,\"target\":\"normal\",\"disabled\":false}],\"canTerastallize\":\"Dark\"}],\"side\":{\"name\":\"p0x096b1f7\",\"id\":\"p1\",\"pokemon\":[{\"ident\":\"p1: Infernape\",\"details\":\"Infernape, L82, M\",\"condition\":\"157/259\",\"active\":true,\"stats\":{\"atk\":218,\"def\":164,\"spa\":218,\"spd\":164,\"spe\":224},\"moves\":[\"closecombat\",\"swordsdance\",\"flareblitz\",\"knockoff\"],\"baseAbility\":\"blaze\",\"item\":\"lifeorb\",\"pokeball\":\"pokeball\",\"ability\":\"blaze\",\"commanding\":false,\"reviving\":false,\"teraType\":\"Dark\",\"terastallized\":\"\"},{\"ident\":\"p1: Vigoroth\",\"details\":\"Vigoroth, L85, M\",\"condition\":\"275/275\",\"active\":false,\"stats\":{\"atk\":185,\"def\":185,\"spa\":142,\"spd\":142,\"spe\":202},\"moves\":[\"knockoff\",\"slackoff\",\"bulkup\",\"bodyslam\"],\"baseAbility\":\"vitalspirit\",\"item\":\"eviolite\",\"pokeball\":\"pokeball\",\"ability\":\"vitalspirit\",\"commanding\":false,\"reviving\":false,\"teraType\":\"Ghost\",\"terastallized\":\"\"},{\"ident\":\"p1: Kleavor\",\"details\":\"Kleavor, L78, F\",\"condition\":\"237/237\",\"active\":false,\"stats\":{\"atk\":256,\"def\":193,\"spa\":115,\"spd\":154,\"spe\":178},\"moves\":[\"xscissor\",\"stoneaxe\",\"defog\",\"closecombat\"],\"baseAbility\":\"sharpness\",\"item\":\"heavydutyboots\",\"pokeball\":\"pokeball\",\"ability\":\"sharpness\",\"commanding\":false,\"reviving\":false,\"teraType\":\"Rock\",\"terastallized\":\"\"},{\"ident\":\"p1: Araquanid\",\"details\":\"Araquanid, L82, M\",\"condition\":\"246/246\",\"active\":false,\"stats\":{\"atk\":162,\"def\":198,\"spa\":129,\"spd\":264,\"spe\":116},\"moves\":[\"hydropump\",\"liquidation\",\"leechlife\",\"stickyweb\"],\"baseAbility\":\"waterbubble\",\"item\":\"heavydutyboots\",\"pokeball\":\"pokeball\",\"ability\":\"waterbubble\",\"commanding\":false,\"reviving\":false,\"teraType\":\"Steel\",\"terastallized\":\"\"},{\"ident\":\"p1: Dodrio\",\"details\":\"Dodrio, L85, F\",\"condition\":\"241/241\",\"active\":false,\"stats\":{\"atk\":236,\"def\":168,\"spa\":151,\"spd\":151,\"spe\":236},\"moves\":[\"doubleedge\",\"bravebird\",\"drillrun\",\"quickattack\"],\"baseAbility\":\"earlybird\",\"item\":\"choiceband\",\"pokeball\":\"pokeball\",\"ability\":\"earlybird\",\"commanding\":false,\"reviving\":false,\"teraType\":\"Normal\",\"terastallized\":\"\"},{\"ident\":\"p1: Eelektross\",\"details\":\"Eelektross, L87, F\",\"condition\":\"290/290\",\"active\":false,\"stats\":{\"atk\":250,\"def\":189,\"spa\":232,\"spd\":189,\"spe\":137},\"moves\":[\"knockoff\",\"coil\",\"drainpunch\",\"supercellslam\"],\"baseAbility\":\"levitate\",\"item\":\"leftovers\",\"pokeball\":\"pokeball\",\"ability\":\"levitate\",\"commanding\":false,\"reviving\":false,\"teraType\":\"Fighting\",\"terastallized\":\"\"}]},\"rqid\":6}\n|inactive|Time left: 300 sec this turn | 300 sec total\n|\n|t:|1783392480\n|-terastallize|p2a: Kingambit|Flying\n|move|p1a: Infernape|Flare Blitz|p2a: Kingambit\n|-damage|p2a: Kingambit|45/100\n|-damage|p1a: Infernape|108/259|[from] Recoil\n|-damage|p1a: Infernape|83/259|[from] item: Life Orb\n|move|p2a: Kingambit|Iron Head|p1a: Infernape\n|-resisted|p1a: Infernape\n|-damage|p1a: Infernape|0 fnt\n|faint|p1a: Infernape\n|\n|-heal|p2a: Kingambit|51/100|[from] item: Leftovers\n|upkeep\n|request|{\"forceSwitch\":[true],\"side\":{\"name\":\"p0x096b1f7\",\"id\":\"p1\",\"pokemon\":[{\"ident\":\"p1: Infernape\",\"details\":\"Infernape, L82, M\",\"condition\":\"0 fnt\",\"active\":true,\"stats\":{\"atk\":218,\"def\":164,\"spa\":218,\"spd\":164,\"spe\":224},\"moves\":[\"closecombat\",\"swordsdance\",\"flareblitz\",\"knockoff\"],\"baseAbility\":\"blaze\",\"item\":\"lifeorb\",\"pokeball\":\"pokeball\",\"ability\":\"blaze\",\"commanding\":false,\"reviving\":false,\"teraType\":\"Dark\",\"terastallized\":\"\"},{\"ident\":\"p1: Vigoroth\",\"details\":\"Vigoroth, L85, M\",\"condition\":\"275/275\",\"active\":false,\"stats\":{\"atk\":185,\"def\":185,\"spa\":142,\"spd\":142,\"spe\":202},\"moves\":[\"knockoff\",\"slackoff\",\"bulkup\",\"bodyslam\"],\"baseAbility\":\"vitalspirit\",\"item\":\"eviolite\",\"pokeball\":\"pokeball\",\"ability\":\"vitalspirit\",\"commanding\":false,\"reviving\":false,\"teraType\":\"Ghost\",\"terastallized\":\"\"},{\"ident\":\"p1: Kleavor\",\"details\":\"Kleavor, L78, F\",\"condition\":\"237/237\",\"active\":false,\"stats\":{\"atk\":256,\"def\":193,\"spa\":115,\"spd\":154,\"spe\":178},\"moves\":[\"xscissor\",\"stoneaxe\",\"defog\",\"closecombat\"],\"baseAbility\":\"sharpness\",\"item\":\"heavydutyboots\",\"pokeball\":\"pokeball\",\"ability\":\"sharpness\",\"commanding\":false,\"reviving\":false,\"teraType\":\"Rock\",\"terastallized\":\"\"},{\"ident\":\"p1: Araquanid\",\"details\":\"Araquanid, L82, M\",\"condition\":\"246/246\",\"active\":false,\"stats\":{\"atk\":162,\"def\":198,\"spa\":129,\"spd\":264,\"spe\":116},\"moves\":[\"hydropump\",\"liquidation\",\"leechlife\",\"stickyweb\"],\"baseAbility\":\"waterbubble\",\"item\":\"heavydutyboots\",\"pokeball\":\"pokeball\",\"ability\":\"waterbubble\",\"commanding\":false,\"reviving\":false,\"teraType\":\"Steel\",\"terastallized\":\"\"},{\"ident\":\"p1: Dodrio\",\"details\":\"Dodrio, L85, F\",\"condition\":\"241/241\",\"active\":false,\"stats\":{\"atk\":236,\"def\":168,\"spa\":151,\"spd\":151,\"spe\":236},\"moves\":[\"doubleedge\",\"bravebird\",\"drillrun\",\"quickattack\"],\"baseAbility\":\"earlybird\",\"item\":\"choiceband\",\"pokeball\":\"pokeball\",\"ability\":\"earlybird\",\"commanding\":false,\"reviving\":false,\"teraType\":\"Normal\",\"terastallized\":\"\"},{\"ident\":\"p1: Eelektross\",\"details\":\"Eelektross, L87, F\",\"condition\":\"290/290\",\"active\":false,\"stats\":{\"atk\":250,\"def\":189,\"spa\":232,\"spd\":189,\"spe\":137},\"moves\":[\"knockoff\",\"coil\",\"drainpunch\",\"supercellslam\"],\"baseAbility\":\"levitate\",\"item\":\"leftovers\",\"pokeball\":\"pokeball\",\"ability\":\"levitate\",\"commanding\":false,\"reviving\":false,\"teraType\":\"Fighting\",\"terastallized\":\"\"}]},\"noCancel\":true,\"rqid\":8}\n|inactive|Time left: 300 sec this turn | 300 sec total | 5 sec grace\n|\n|t:|1783392480\n|switch|p1a: Eelektross|Eelektross, L87, F|290/290\n|turn|4\n|request|{\"active\":[{\"moves\":[{\"move\":\"Knock Off\",\"id\":\"knockoff\",\"pp\":32,\"maxpp\":32,\"target\":\"normal\",\"disabled\":false},{\"move\":\"Coil\",\"id\":\"coil\",\"pp\":32,\"maxpp\":32,\"target\":\"self\",\"disabled\":false},{\"move\":\"Drain Punch\",\"id\":\"drainpunch\",\"pp\":16,\"maxpp\":16,\"target\":\"normal\",\"disabled\":false},{\"move\":\"Supercell Slam\",\"id\":\"supercellslam\",\"pp\":24,\"maxpp\":24,\"target\":\"normal\",\"disabled\":false}],\"canTerastallize\":\"Fighting\"}],\"side\":{\"name\":\"p0x096b1f7\",\"id\":\"p1\",\"pokemon\":[{\"ident\":\"p1: Eelektross\",\"details\":\"Eelektross, L87, F\",\"condition\":\"290/290\",\"active\":true,\"stats\":{\"atk\":250,\"def\":189,\"spa\":232,\"spd\":189,\"spe\":137},\"moves\":[\"knockoff\",\"coil\",\"drainpunch\",\"supercellslam\"],\"baseAbility\":\"levitate\",\"item\":\"leftovers\",\"pokeball\":\"pokeball\",\"ability\":\"levitate\",\"commanding\":false,\"reviving\":false,\"teraType\":\"Fighting\",\"terastallized\":\"\"},{\"ident\":\"p1: Vigoroth\",\"details\":\"Vigoroth, L85, M\",\"condition\":\"275/275\",\"active\":false,\"stats\":{\"atk\":185,\"def\":185,\"spa\":142,\"spd\":142,\"spe\":202},\"moves\":[\"knockoff\",\"slackoff\",\"bulkup\",\"bodyslam\"],\"baseAbility\":\"vitalspirit\",\"item\":\"eviolite\",\"pokeball\":\"pokeball\",\"ability\":\"vitalspirit\",\"commanding\":false,\"reviving\":false,\"teraType\":\"Ghost\",\"terastallized\":\"\"},{\"ident\":\"p1: Kleavor\",\"details\":\"Kleavor, L78, F\",\"condition\":\"237/237\",\"active\":false,\"stats\":{\"atk\":256,\"def\":193,\"spa\":115,\"spd\":154,\"spe\":178},\"moves\":[\"xscissor\",\"stoneaxe\",\"defog\",\"closecombat\"],\"baseAbility\":\"sharpness\",\"item\":\"heavydutyboots\",\"pokeball\":\"pokeball\",\"ability\":\"sharpness\",\"commanding\":false,\"reviving\":false,\"teraType\":\"Rock\",\"terastallized\":\"\"},{\"ident\":\"p1: Araquanid\",\"details\":\"Araquanid, L82, M\",\"condition\":\"246/246\",\"active\":false,\"stats\":{\"atk\":162,\"def\":198,\"spa\":129,\"spd\":264,\"spe\":116},\"moves\":[\"hydropump\",\"liquidation\",\"leechlife\",\"stickyweb\"],\"baseAbility\":\"waterbubble\",\"item\":\"heavydutyboots\",\"pokeball\":\"pokeball\",\"ability\":\"waterbubble\",\"commanding\":false,\"reviving\":false,\"teraType\":\"Steel\",\"terastallized\":\"\"},{\"ident\":\"p1: Dodrio\",\"details\":\"Dodrio, L85, F\",\"condition\":\"241/241\",\"active\":false,\"stats\":{\"atk\":236,\"def\":168,\"spa\":151,\"spd\":151,\"spe\":236},\"moves\":[\"doubleedge\",\"bravebird\",\"drillrun\",\"quickattack\"],\"baseAbility\":\"earlybird\",\"item\":\"choiceband\",\"pokeball\":\"pokeball\",\"ability\":\"earlybird\",\"commanding\":false,\"reviving\":false,\"teraType\":\"Normal\",\"terastallized\":\"\"},{\"ident\":\"p1: Infernape\",\"details\":\"Infernape, L82, M\",\"condition\":\"0 fnt\",\"active\":false,\"stats\":{\"atk\":218,\"def\":164,\"spa\":218,\"spd\":164,\"spe\":224},\"moves\":[\"closecombat\",\"swordsdance\",\"flareblitz\",\"knockoff\"],\"baseAbility\":\"blaze\",\"item\":\"lifeorb\",\"pokeball\":\"pokeball\",\"ability\":\"blaze\",\"commanding\":false,\"reviving\":false,\"teraType\":\"Dark\",\"terastallized\":\"\"}]},\"rqid\":10}\n|inactive|Time left: 300 sec this turn | 300 sec total\n|\n|t:|1783392481\n|move|p2a: Kingambit|Sucker Punch||[still]\n|-fail|p2a: Kingambit\n|move|p1a: Eelektross|Coil|p1a: Eelektross\n|-boost|p1a: Eelektross|atk|1\n|-boost|p1a: Eelektross|def|1\n|-boost|p1a: Eelektross|accuracy|1\n|\n|-heal|p2a: Kingambit|57/100|[from] item: Leftovers\n|upkeep\n|turn|5\n|request|{\"active\":[{\"moves\":[{\"move\":\"Knock Off\",\"id\":\"knockoff\",\"pp\":32,\"maxpp\":32,\"target\":\"normal\",\"disabled\":false},{\"move\":\"Coil\",\"id\":\"coil\",\"pp\":31,\"maxpp\":32,\"target\":\"self\",\"disabled\":false},{\"move\":\"Drain Punch\",\"id\":\"drainpunch\",\"pp\":16,\"maxpp\":16,\"target\":\"normal\",\"disabled\":false},{\"move\":\"Supercell Slam\",\"id\":\"supercellslam\",\"pp\":24,\"maxpp\":24,\"target\":\"normal\",\"disabled\":false}],\"canTerastallize\":\"Fighting\"}],\"side\":{\"name\":\"p0x096b1f7\",\"id\":\"p1\",\"pokemon\":[{\"ident\":\"p1: Eelektross\",\"details\":\"Eelektross, L87, F\",\"condition\":\"290/290\",\"active\":true,\"stats\":{\"atk\":250,\"def\":189,\"spa\":232,\"spd\":189,\"spe\":137},\"moves\":[\"knockoff\",\"coil\",\"drainpunch\",\"supercellslam\"],\"baseAbility\":\"levitate\",\"item\":\"leftovers\",\"pokeball\":\"pokeball\",\"ability\":\"levitate\",\"commanding\":false,\"reviving\":false,\"teraType\":\"Fighting\",\"terastallized\":\"\"},{\"ident\":\"p1: Vigoroth\",\"details\":\"Vigoroth, L85, M\",\"condition\":\"275/275\",\"active\":false,\"stats\":{\"atk\":185,\"def\":185,\"spa\":142,\"spd\":142,\"spe\":202},\"moves\":[\"knockoff\",\"slackoff\",\"bulkup\",\"bodyslam\"],\"baseAbility\":\"vitalspirit\",\"item\":\"eviolite\",\"pokeball\":\"pokeball\",\"ability\":\"vitalspirit\",\"commanding\":false,\"reviving\":false,\"teraType\":\"Ghost\",\"terastallized\":\"\"},{\"ident\":\"p1: Kleavor\",\"details\":\"Kleavor, L78, F\",\"condition\":\"237/237\",\"active\":false,\"stats\":{\"atk\":256,\"def\":193,\"spa\":115,\"spd\":154,\"spe\":178},\"moves\":[\"xscissor\",\"stoneaxe\",\"defog\",\"closecombat\"],\"baseAbility\":\"sharpness\",\"item\":\"heavydutyboots\",\"pokeball\":\"pokeball\",\"ability\":\"sharpness\",\"commanding\":false,\"reviving\":false,\"teraType\":\"Rock\",\"terastallized\":\"\"},{\"ident\":\"p1: Araquanid\",\"details\":\"Araquanid, L82, M\",\"condition\":\"246/246\",\"active\":false,\"stats\":{\"atk\":162,\"def\":198,\"spa\":129,\"spd\":264,\"spe\":116},\"moves\":[\"hydropump\",\"liquidation\",\"leechlife\",\"stickyweb\"],\"baseAbility\":\"waterbubble\",\"item\":\"heavydutyboots\",\"pokeball\":\"pokeball\",\"ability\":\"waterbubble\",\"commanding\":false,\"reviving\":false,\"teraType\":\"Steel\",\"terastallized\":\"\"},{\"ident\":\"p1: Dodrio\",\"details\":\"Dodrio, L85, F\",\"condition\":\"241/241\",\"active\":false,\"stats\":{\"atk\":236,\"def\":168,\"spa\":151,\"spd\":151,\"spe\":236},\"moves\":[\"doubleedge\",\"bravebird\",\"drillrun\",\"quickattack\"],\"baseAbility\":\"earlybird\",\"item\":\"choiceband\",\"pokeball\":\"pokeball\",\"ability\":\"earlybird\",\"commanding\":false,\"reviving\":false,\"teraType\":\"Normal\",\"terastallized\":\"\"},{\"ident\":\"p1: Infernape\",\"details\":\"Infernape, L82, M\",\"condition\":\"0 fnt\",\"active\":false,\"stats\":{\"atk\":218,\"def\":164,\"spa\":218,\"spd\":164,\"spe\":224},\"moves\":[\"closecombat\",\"swordsdance\",\"flareblitz\",\"knockoff\"],\"baseAbility\":\"blaze\",\"item\":\"lifeorb\",\"pokeball\":\"pokeball\",\"ability\":\"blaze\",\"commanding\":false,\"reviving\":false,\"teraType\":\"Dark\",\"terastallized\":\"\"}]},\"rqid\":12}\n|inactive|Time left: 300 sec this turn | 300 sec total\n|\n|t:|1783392481\n|move|p2a: Kingambit|Sucker Punch|p1a: Eelektross\n|-damage|p1a: Eelektross|191/290\n|move|p1a: Eelektross|Supercell Slam|p2a: Kingambit\n|-supereffective|p2a: Kingambit\n|-damage|p2a: Kingambit|0 fnt\n|faint|p2a: Kingambit\n|-end|p2a: Kingambit|fallenundefined|[silent]\n|\n|-heal|p1a: Eelektross|209/290|[from] item: Leftovers\n|upkeep\n|request|{\"wait\":true,\"side\":{\"name\":\"p0x096b1f7\",\"id\":\"p1\",\"pokemon\":[{\"ident\":\"p1: Eelektross\",\"details\":\"Eelektross, L87, F\",\"condition\":\"209/290\",\"active\":true,\"stats\":{\"atk\":250,\"def\":189,\"spa\":232,\"spd\":189,\"spe\":137},\"moves\":[\"knockoff\",\"coil\",\"drainpunch\",\"supercellslam\"],\"baseAbility\":\"levitate\",\"item\":\"leftovers\",\"pokeball\":\"pokeball\",\"ability\":\"levitate\",\"commanding\":false,\"reviving\":false,\"teraType\":\"Fighting\",\"terastallized\":\"\"},{\"ident\":\"p1: Vigoroth\",\"details\":\"Vigoroth, L85, M\",\"condition\":\"275/275\",\"active\":false,\"stats\":{\"atk\":185,\"def\":185,\"spa\":142,\"spd\":142,\"spe\":202},\"moves\":[\"knockoff\",\"slackoff\",\"bulkup\",\"bodyslam\"],\"baseAbility\":\"vitalspirit\",\"item\":\"eviolite\",\"pokeball\":\"pokeball\",\"ability\":\"vitalspirit\",\"commanding\":false,\"reviving\":false,\"teraType\":\"Ghost\",\"terastallized\":\"\"},{\"ident\":\"p1: Kleavor\",\"details\":\"Kleavor, L78, F\",\"condition\":\"237/237\",\"active\":false,\"stats\":{\"atk\":256,\"def\":193,\"spa\":115,\"spd\":154,\"spe\":178},\"moves\":[\"xscissor\",\"stoneaxe\",\"defog\",\"closecombat\"],\"baseAbility\":\"sharpness\",\"item\":\"heavydutyboots\",\"pokeball\":\"pokeball\",\"ability\":\"sharpness\",\"commanding\":false,\"reviving\":false,\"teraType\":\"Rock\",\"terastallized\":\"\"},{\"ident\":\"p1: Araquanid\",\"details\":\"Araquanid, L82, M\",\"condition\":\"246/246\",\"active\":false,\"stats\":{\"atk\":162,\"def\":198,\"spa\":129,\"spd\":264,\"spe\":116},\"moves\":[\"hydropump\",\"liquidation\",\"leechlife\",\"stickyweb\"],\"baseAbility\":\"waterbubble\",\"item\":\"heavydutyboots\",\"pokeball\":\"pokeball\",\"ability\":\"waterbubble\",\"commanding\":false,\"reviving\":false,\"teraType\":\"Steel\",\"terastallized\":\"\"},{\"ident\":\"p1: Dodrio\",\"details\":\"Dodrio, L85, F\",\"condition\":\"241/241\",\"active\":false,\"stats\":{\"atk\":236,\"def\":168,\"spa\":151,\"spd\":151,\"spe\":236},\"moves\":[\"doubleedge\",\"bravebird\",\"drillrun\",\"quickattack\"],\"baseAbility\":\"earlybird\",\"item\":\"choiceband\",\"pokeball\":\"pokeball\",\"ability\":\"earlybird\",\"commanding\":false,\"reviving\":false,\"teraType\":\"Normal\",\"terastallized\":\"\"},{\"ident\":\"p1: Infernape\",\"details\":\"Infernape, L82, M\",\"condition\":\"0 fnt\",\"active\":false,\"stats\":{\"atk\":218,\"def\":164,\"spa\":218,\"spd\":164,\"spe\":224},\"moves\":[\"closecombat\",\"swordsdance\",\"flareblitz\",\"knockoff\"],\"baseAbility\":\"blaze\",\"item\":\"lifeorb\",\"pokeball\":\"pokeball\",\"ability\":\"blaze\",\"commanding\":false,\"reviving\":false,\"teraType\":\"Dark\",\"terastallized\":\"\"}]},\"rqid\":14}\n|\n|t:|1783392481\n|switch|p2a: Basculin|Basculin-Blue-Striped, L86, M|100/100\n|-activate|p2a: Basculin|move: Sticky Web\n|-unboost|p2a: Basculin|spe|1\n|turn|6\n|request|{\"active\":[{\"moves\":[{\"move\":\"Knock Off\",\"id\":\"knockoff\",\"pp\":32,\"maxpp\":32,\"target\":\"normal\",\"disabled\":false},{\"move\":\"Coil\",\"id\":\"coil\",\"pp\":31,\"maxpp\":32,\"target\":\"self\",\"disabled\":false},{\"move\":\"Drain Punch\",\"id\":\"drainpunch\",\"pp\":16,\"maxpp\":16,\"target\":\"normal\",\"disabled\":false},{\"move\":\"Supercell Slam\",\"id\":\"supercellslam\",\"pp\":23,\"maxpp\":24,\"target\":\"normal\",\"disabled\":false}],\"canTerastallize\":\"Fighting\"}],\"side\":{\"name\":\"p0x096b1f7\",\"id\":\"p1\",\"pokemon\":[{\"ident\":\"p1: Eelektross\",\"details\":\"Eelektross, L87, F\",\"condition\":\"209/290\",\"active\":true,\"stats\":{\"atk\":250,\"def\":189,\"spa\":232,\"spd\":189,\"spe\":137},\"moves\":[\"knockoff\",\"coil\",\"drainpunch\",\"supercellslam\"],\"baseAbility\":\"levitate\",\"item\":\"leftovers\",\"pokeball\":\"pokeball\",\"ability\":\"levitate\",\"commanding\":false,\"reviving\":false,\"teraType\":\"Fighting\",\"terastallized\":\"\"},{\"ident\":\"p1: Vigoroth\",\"details\":\"Vigoroth, L85, M\",\"condition\":\"275/275\",\"active\":false,\"stats\":{\"atk\":185,\"def\":185,\"spa\":142,\"spd\":142,\"spe\":202},\"moves\":[\"knockoff\",\"slackoff\",\"bulkup\",\"bodyslam\"],\"baseAbility\":\"vitalspirit\",\"item\":\"eviolite\",\"pokeball\":\"pokeball\",\"ability\":\"vitalspirit\",\"commanding\":false,\"reviving\":false,\"teraType\":\"Ghost\",\"terastallized\":\"\"},{\"ident\":\"p1: Kleavor\",\"details\":\"Kleavor, L78, F\",\"condition\":\"237/237\",\"active\":false,\"stats\":{\"atk\":256,\"def\":193,\"spa\":115,\"spd\":154,\"spe\":178},\"moves\":[\"xscissor\",\"stoneaxe\",\"defog\",\"closecombat\"],\"baseAbility\":\"sharpness\",\"item\":\"heavydutyboots\",\"pokeball\":\"pokeball\",\"ability\":\"sharpness\",\"commanding\":false,\"reviving\":false,\"teraType\":\"Rock\",\"terastallized\":\"\"},{\"ident\":\"p1: Araquanid\",\"details\":\"Araquanid, L82, M\",\"condition\":\"246/246\",\"active\":false,\"stats\":{\"atk\":162,\"def\":198,\"spa\":129,\"spd\":264,\"spe\":116},\"moves\":[\"hydropump\",\"liquidation\",\"leechlife\",\"stickyweb\"],\"baseAbility\":\"waterbubble\",\"item\":\"heavydutyboots\",\"pokeball\":\"pokeball\",\"ability\":\"waterbubble\",\"commanding\":false,\"reviving\":false,\"teraType\":\"Steel\",\"terastallized\":\"\"},{\"ident\":\"p1: Dodrio\",\"details\":\"Dodrio, L85, F\",\"condition\":\"241/241\",\"active\":false,\"stats\":{\"atk\":236,\"def\":168,\"spa\":151,\"spd\":151,\"spe\":236},\"moves\":[\"doubleedge\",\"bravebird\",\"drillrun\",\"quickattack\"],\"baseAbility\":\"earlybird\",\"item\":\"choiceband\",\"pokeball\":\"pokeball\",\"ability\":\"earlybird\",\"commanding\":false,\"reviving\":false,\"teraType\":\"Normal\",\"terastallized\":\"\"},{\"ident\":\"p1: Infernape\",\"details\":\"Infernape, L82, M\",\"condition\":\"0 fnt\",\"active\":false,\"stats\":{\"atk\":218,\"def\":164,\"spa\":218,\"spd\":164,\"spe\":224},\"moves\":[\"closecombat\",\"swordsdance\",\"flareblitz\",\"knockoff\"],\"baseAbility\":\"blaze\",\"item\":\"lifeorb\",\"pokeball\":\"pokeball\",\"ability\":\"blaze\",\"commanding\":false,\"reviving\":false,\"teraType\":\"Dark\",\"terastallized\":\"\"}]},\"rqid\":16}\n|inactive|Time left: 300 sec this turn | 300 sec total\n|\n|t:|1783392481\n|move|p2a: Basculin|Wave Crash|p1a: Eelektross\n|-damage|p1a: Eelektross|29/290\n|-damage|p2a: Basculin|78/100|[from] Recoil\n|move|p1a: Eelektross|Supercell Slam|p2a: Basculin\n|-supereffective|p2a: Basculin\n|-damage|p2a: Basculin|0 fnt\n|faint|p2a: Basculin\n|\n|-heal|p1a: Eelektross|47/290|[from] item: Leftovers\n|upkeep\n|request|{\"wait\":true,\"side\":{\"name\":\"p0x096b1f7\",\"id\":\"p1\",\"pokemon\":[{\"ident\":\"p1: Eelektross\",\"details\":\"Eelektross, L87, F\",\"condition\":\"47/290\",\"active\":true,\"stats\":{\"atk\":250,\"def\":189,\"spa\":232,\"spd\":189,\"spe\":137},\"moves\":[\"knockoff\",\"coil\",\"drainpunch\",\"supercellslam\"],\"baseAbility\":\"levitate\",\"item\":\"leftovers\",\"pokeball\":\"pokeball\",\"ability\":\"levitate\",\"commanding\":false,\"reviving\":false,\"teraType\":\"Fighting\",\"terastallized\":\"\"},{\"ident\":\"p1: Vigoroth\",\"details\":\"Vigoroth, L85, M\",\"condition\":\"275/275\",\"active\":false,\"stats\":{\"atk\":185,\"def\":185,\"spa\":142,\"spd\":142,\"spe\":202},\"moves\":[\"knockoff\",\"slackoff\",\"bulkup\",\"bodyslam\"],\"baseAbility\":\"vitalspirit\",\"item\":\"eviolite\",\"pokeball\":\"pokeball\",\"ability\":\"vitalspirit\",\"commanding\":false,\"reviving\":false,\"teraType\":\"Ghost\",\"terastallized\":\"\"},{\"ident\":\"p1: Kleavor\",\"details\":\"Kleavor, L78, F\",\"condition\":\"237/237\",\"active\":false,\"stats\":{\"atk\":256,\"def\":193,\"spa\":115,\"spd\":154,\"spe\":178},\"moves\":[\"xscissor\",\"stoneaxe\",\"defog\",\"closecombat\"],\"baseAbility\":\"sharpness\",\"item\":\"heavydutyboots\",\"pokeball\":\"pokeball\",\"ability\":\"sharpness\",\"commanding\":false,\"reviving\":false,\"teraType\":\"Rock\",\"terastallized\":\"\"},{\"ident\":\"p1: Araquanid\",\"details\":\"Araquanid, L82, M\",\"condition\":\"246/246\",\"active\":false,\"stats\":{\"atk\":162,\"def\":198,\"spa\":129,\"spd\":264,\"spe\":116},\"moves\":[\"hydropump\",\"liquidation\",\"leechlife\",\"stickyweb\"],\"baseAbility\":\"waterbubble\",\"item\":\"heavydutyboots\",\"pokeball\":\"pokeball\",\"ability\":\"waterbubble\",\"commanding\":false,\"reviving\":false,\"teraType\":\"Steel\",\"terastallized\":\"\"},{\"ident\":\"p1: Dodrio\",\"details\":\"Dodrio, L85, F\",\"condition\":\"241/241\",\"active\":false,\"stats\":{\"atk\":236,\"def\":168,\"spa\":151,\"spd\":151,\"spe\":236},\"moves\":[\"doubleedge\",\"bravebird\",\"drillrun\",\"quickattack\"],\"baseAbility\":\"earlybird\",\"item\":\"choiceband\",\"pokeball\":\"pokeball\",\"ability\":\"earlybird\",\"commanding\":false,\"reviving\":false,\"teraType\":\"Normal\",\"terastallized\":\"\"},{\"ident\":\"p1: Infernape\",\"details\":\"Infernape, L82, M\",\"condition\":\"0 fnt\",\"active\":false,\"stats\":{\"atk\":218,\"def\":164,\"spa\":218,\"spd\":164,\"spe\":224},\"moves\":[\"closecombat\",\"swordsdance\",\"flareblitz\",\"knockoff\"],\"baseAbility\":\"blaze\",\"item\":\"lifeorb\",\"pokeball\":\"pokeball\",\"ability\":\"blaze\",\"commanding\":false,\"reviving\":false,\"teraType\":\"Dark\",\"terastallized\":\"\"}]},\"rqid\":18}\n|\n|t:|1783392482\n|switch|p2a: Mewtwo|Mewtwo, L72|100/100\n|-ability|p2a: Mewtwo|Unnerve\n|-activate|p2a: Mewtwo|move: Sticky Web\n|-unboost|p2a: Mewtwo|spe|1\n|turn|7\n|request|{\"active\":[{\"moves\":[{\"move\":\"Knock Off\",\"id\":\"knockoff\",\"pp\":32,\"maxpp\":32,\"target\":\"normal\",\"disabled\":false},{\"move\":\"Coil\",\"id\":\"coil\",\"pp\":31,\"maxpp\":32,\"target\":\"self\",\"disabled\":false},{\"move\":\"Drain Punch\",\"id\":\"drainpunch\",\"pp\":16,\"maxpp\":16,\"target\":\"normal\",\"disabled\":false},{\"move\":\"Supercell Slam\",\"id\":\"supercellslam\",\"pp\":22,\"maxpp\":24,\"target\":\"normal\",\"disabled\":false}],\"canTerastallize\":\"Fighting\"}],\"side\":{\"name\":\"p0x096b1f7\",\"id\":\"p1\",\"pokemon\":[{\"ident\":\"p1: Eelektross\",\"details\":\"Eelektross, L87, F\",\"condition\":\"47/290\",\"active\":true,\"stats\":{\"atk\":250,\"def\":189,\"spa\":232,\"spd\":189,\"spe\":137},\"moves\":[\"knockoff\",\"coil\",\"drainpunch\",\"supercellslam\"],\"baseAbility\":\"levitate\",\"item\":\"leftovers\",\"pokeball\":\"pokeball\",\"ability\":\"levitate\",\"commanding\":false,\"reviving\":false,\"teraType\":\"Fighting\",\"terastallized\":\"\"},{\"ident\":\"p1: Vigoroth\",\"details\":\"Vigoroth, L85, M\",\"condition\":\"275/275\",\"active\":false,\"stats\":{\"atk\":185,\"def\":185,\"spa\":142,\"spd\":142,\"spe\":202},\"moves\":[\"knockoff\",\"slackoff\",\"bulkup\",\"bodyslam\"],\"baseAbility\":\"vitalspirit\",\"item\":\"eviolite\",\"pokeball\":\"pokeball\",\"ability\":\"vitalspirit\",\"commanding\":false,\"reviving\":false,\"teraType\":\"Ghost\",\"terastallized\":\"\"},{\"ident\":\"p1: Kleavor\",\"details\":\"Kleavor, L78, F\",\"condition\":\"237/237\",\"active\":false,\"stats\":{\"atk\":256,\"def\":193,\"spa\":115,\"spd\":154,\"spe\":178},\"moves\":[\"xscissor\",\"stoneaxe\",\"defog\",\"closecombat\"],\"baseAbility\":\"sharpness\",\"item\":\"heavydutyboots\",\"pokeball\":\"pokeball\",\"ability\":\"sharpness\",\"commanding\":false,\"reviving\":false,\"teraType\":\"Rock\",\"terastallized\":\"\"},{\"ident\":\"p1: Araquanid\",\"details\":\"Araquanid, L82, M\",\"condition\":\"246/246\",\"active\":false,\"stats\":{\"atk\":162,\"def\":198,\"spa\":129,\"spd\":264,\"spe\":116},\"moves\":[\"hydropump\",\"liquidation\",\"leechlife\",\"stickyweb\"],\"baseAbility\":\"waterbubble\",\"item\":\"heavydutyboots\",\"pokeball\":\"pokeball\",\"ability\":\"waterbubble\",\"commanding\":false,\"reviving\":false,\"teraType\":\"Steel\",\"terastallized\":\"\"},{\"ident\":\"p1: Dodrio\",\"details\":\"Dodrio, L85, F\",\"condition\":\"241/241\",\"active\":false,\"stats\":{\"atk\":236,\"def\":168,\"spa\":151,\"spd\":151,\"spe\":236},\"moves\":[\"doubleedge\",\"bravebird\",\"drillrun\",\"quickattack\"],\"baseAbility\":\"earlybird\",\"item\":\"choiceband\",\"pokeball\":\"pokeball\",\"ability\":\"earlybird\",\"commanding\":false,\"reviving\":false,\"teraType\":\"Normal\",\"terastallized\":\"\"},{\"ident\":\"p1: Infernape\",\"details\":\"Infernape, L82, M\",\"condition\":\"0 fnt\",\"active\":false,\"stats\":{\"atk\":218,\"def\":164,\"spa\":218,\"spd\":164,\"spe\":224},\"moves\":[\"closecombat\",\"swordsdance\",\"flareblitz\",\"knockoff\"],\"baseAbility\":\"blaze\",\"item\":\"lifeorb\",\"pokeball\":\"pokeball\",\"ability\":\"blaze\",\"commanding\":false,\"reviving\":false,\"teraType\":\"Dark\",\"terastallized\":\"\"}]},\"rqid\":20}\n|inactive|Time left: 300 sec this turn | 300 sec total\n|\n|t:|1783392482\n|move|p2a: Mewtwo|Psystrike|p1a: Eelektross\n|-damage|p1a: Eelektross|0 fnt\n|faint|p1a: Eelektross\n|-damage|p2a: Mewtwo|91/100|[from] item: Life Orb\n|\n|upkeep\n|request|{\"forceSwitch\":[true],\"side\":{\"name\":\"p0x096b1f7\",\"id\":\"p1\",\"pokemon\":[{\"ident\":\"p1: Eelektross\",\"details\":\"Eelektross, L87, F\",\"condition\":\"0 fnt\",\"active\":true,\"stats\":{\"atk\":250,\"def\":189,\"spa\":232,\"spd\":189,\"spe\":137},\"moves\":[\"knockoff\",\"coil\",\"drainpunch\",\"supercellslam\"],\"baseAbility\":\"levitate\",\"item\":\"leftovers\",\"pokeball\":\"pokeball\",\"ability\":\"levitate\",\"commanding\":false,\"reviving\":false,\"teraType\":\"Fighting\",\"terastallized\":\"\"},{\"ident\":\"p1: Vigoroth\",\"details\":\"Vigoroth, L85, M\",\"condition\":\"275/275\",\"active\":false,\"stats\":{\"atk\":185,\"def\":185,\"spa\":142,\"spd\":142,\"spe\":202},\"moves\":[\"knockoff\",\"slackoff\",\"bulkup\",\"bodyslam\"],\"baseAbility\":\"vitalspirit\",\"item\":\"eviolite\",\"pokeball\":\"pokeball\",\"ability\":\"vitalspirit\",\"commanding\":false,\"reviving\":false,\"teraType\":\"Ghost\",\"terastallized\":\"\"},{\"ident\":\"p1: Kleavor\",\"details\":\"Kleavor, L78, F\",\"condition\":\"237/237\",\"active\":false,\"stats\":{\"atk\":256,\"def\":193,\"spa\":115,\"spd\":154,\"spe\":178},\"moves\":[\"xscissor\",\"stoneaxe\",\"defog\",\"closecombat\"],\"baseAbility\":\"sharpness\",\"item\":\"heavydutyboots\",\"pokeball\":\"pokeball\",\"ability\":\"sharpness\",\"commanding\":false,\"reviving\":false,\"teraType\":\"Rock\",\"terastallized\":\"\"},{\"ident\":\"p1: Araquanid\",\"details\":\"Araquanid, L82, M\",\"condition\":\"246/246\",\"active\":false,\"stats\":{\"atk\":162,\"def\":198,\"spa\":129,\"spd\":264,\"spe\":116},\"moves\":[\"hydropump\",\"liquidation\",\"leechlife\",\"stickyweb\"],\"baseAbility\":\"waterbubble\",\"item\":\"heavydutyboots\",\"pokeball\":\"pokeball\",\"ability\":\"waterbubble\",\"commanding\":false,\"reviving\":false,\"teraType\":\"Steel\",\"terastallized\":\"\"},{\"ident\":\"p1: Dodrio\",\"details\":\"Dodrio, L85, F\",\"condition\":\"241/241\",\"active\":false,\"stats\":{\"atk\":236,\"def\":168,\"spa\":151,\"spd\":151,\"spe\":236},\"moves\":[\"doubleedge\",\"bravebird\",\"drillrun\",\"quickattack\"],\"baseAbility\":\"earlybird\",\"item\":\"choiceband\",\"pokeball\":\"pokeball\",\"ability\":\"earlybird\",\"commanding\":false,\"reviving\":false,\"teraType\":\"Normal\",\"terastallized\":\"\"},{\"ident\":\"p1: Infernape\",\"details\":\"Infernape, L82, M\",\"condition\":\"0 fnt\",\"active\":false,\"stats\":{\"atk\":218,\"def\":164,\"spa\":218,\"spd\":164,\"spe\":224},\"moves\":[\"closecombat\",\"swordsdance\",\"flareblitz\",\"knockoff\"],\"baseAbility\":\"blaze\",\"item\":\"lifeorb\",\"pokeball\":\"pokeball\",\"ability\":\"blaze\",\"commanding\":false,\"reviving\":false,\"teraType\":\"Dark\",\"terastallized\":\"\"}]},\"noCancel\":true,\"rqid\":22}\n|inactive|Time left: 300 sec this turn | 300 sec total | 5 sec grace\n|\n|t:|1783392482\n|switch|p1a: Kleavor|Kleavor, L78, F|237/237\n|turn|8\n|request|{\"active\":[{\"moves\":[{\"move\":\"X-Scissor\",\"id\":\"xscissor\",\"pp\":24,\"maxpp\":24,\"target\":\"normal\",\"disabled\":false},{\"move\":\"Stone Axe\",\"id\":\"stoneaxe\",\"pp\":24,\"maxpp\":24,\"target\":\"normal\",\"disabled\":false},{\"move\":\"Defog\",\"id\":\"defog\",\"pp\":24,\"maxpp\":24,\"target\":\"normal\",\"disabled\":false},{\"move\":\"Close Combat\",\"id\":\"closecombat\",\"pp\":8,\"maxpp\":8,\"target\":\"normal\",\"disabled\":false}],\"canTerastallize\":\"Rock\"}],\"side\":{\"name\":\"p0x096b1f7\",\"id\":\"p1\",\"pokemon\":[{\"ident\":\"p1: Kleavor\",\"details\":\"Kleavor, L78, F\",\"condition\":\"237/237\",\"active\":true,\"stats\":{\"atk\":256,\"def\":193,\"spa\":115,\"spd\":154,\"spe\":178},\"moves\":[\"xscissor\",\"stoneaxe\",\"defog\",\"closecombat\"],\"baseAbility\":\"sharpness\",\"item\":\"heavydutyboots\",\"pokeball\":\"pokeball\",\"ability\":\"sharpness\",\"commanding\":false,\"reviving\":false,\"teraType\":\"Rock\",\"terastallized\":\"\"},{\"ident\":\"p1: Vigoroth\",\"details\":\"Vigoroth, L85, M\",\"condition\":\"275/275\",\"active\":false,\"stats\":{\"atk\":185,\"def\":185,\"spa\":142,\"spd\":142,\"spe\":202},\"moves\":[\"knockoff\",\"slackoff\",\"bulkup\",\"bodyslam\"],\"baseAbility\":\"vitalspirit\",\"item\":\"eviolite\",\"pokeball\":\"pokeball\",\"ability\":\"vitalspirit\",\"commanding\":false,\"reviving\":false,\"teraType\":\"Ghost\",\"terastallized\":\"\"},{\"ident\":\"p1: Eelektross\",\"details\":\"Eelektross, L87, F\",\"condition\":\"0 fnt\",\"active\":false,\"stats\":{\"atk\":250,\"def\":189,\"spa\":232,\"spd\":189,\"spe\":137},\"moves\":[\"knockoff\",\"coil\",\"drainpunch\",\"supercellslam\"],\"baseAbility\":\"levitate\",\"item\":\"leftovers\",\"pokeball\":\"pokeball\",\"ability\":\"levitate\",\"commanding\":false,\"reviving\":false,\"teraType\":\"Fighting\",\"terastallized\":\"\"},{\"ident\":\"p1: Araquanid\",\"details\":\"Araquanid, L82, M\",\"condition\":\"246/246\",\"active\":false,\"stats\":{\"atk\":162,\"def\":198,\"spa\":129,\"spd\":264,\"spe\":116},\"moves\":[\"hydropump\",\"liquidation\",\"leechlife\",\"stickyweb\"],\"baseAbility\":\"waterbubble\",\"item\":\"heavydutyboots\",\"pokeball\":\"pokeball\",\"ability\":\"waterbubble\",\"commanding\":false,\"reviving\":false,\"teraType\":\"Steel\",\"terastallized\":\"\"},{\"ident\":\"p1: Dodrio\",\"details\":\"Dodrio, L85, F\",\"condition\":\"241/241\",\"active\":false,\"stats\":{\"atk\":236,\"def\":168,\"spa\":151,\"spd\":151,\"spe\":236},\"moves\":[\"doubleedge\",\"bravebird\",\"drillrun\",\"quickattack\"],\"baseAbility\":\"earlybird\",\"item\":\"choiceband\",\"pokeball\":\"pokeball\",\"ability\":\"earlybird\",\"commanding\":false,\"reviving\":false,\"teraType\":\"Normal\",\"terastallized\":\"\"},{\"ident\":\"p1: Infernape\",\"details\":\"Infernape, L82, M\",\"condition\":\"0 fnt\",\"active\":false,\"stats\":{\"atk\":218,\"def\":164,\"spa\":218,\"spd\":164,\"spe\":224},\"moves\":[\"closecombat\",\"swordsdance\",\"flareblitz\",\"knockoff\"],\"baseAbility\":\"blaze\",\"item\":\"lifeorb\",\"pokeball\":\"pokeball\",\"ability\":\"blaze\",\"commanding\":false,\"reviving\":false,\"teraType\":\"Dark\",\"terastallized\":\"\"}]},\"rqid\":24}\n|inactive|Time left: 300 sec this turn | 300 sec total\n|\n|t:|1783392482\n|move|p1a: Kleavor|Stone Axe|p2a: Mewtwo\n|-damage|p2a: Mewtwo|43/100\n|-sidestart|p2: p0y0963e20|move: Stealth Rock\n|move|p2a: Mewtwo|Psystrike|p1a: Kleavor\n|-damage|p1a: Kleavor|85/237\n|-damage|p2a: Mewtwo|33/100|[from] item: Life Orb\n|\n|upkeep\n|turn|9\n|request|{\"active\":[{\"moves\":[{\"move\":\"X-Scissor\",\"id\":\"xscissor\",\"pp\":24,\"maxpp\":24,\"target\":\"normal\",\"disabled\":false},{\"move\":\"Stone Axe\",\"id\":\"stoneaxe\",\"pp\":23,\"maxpp\":24,\"target\":\"normal\",\"disabled\":false},{\"move\":\"Defog\",\"id\":\"defog\",\"pp\":24,\"maxpp\":24,\"target\":\"normal\",\"disabled\":false},{\"move\":\"Close Combat\",\"id\":\"closecombat\",\"pp\":8,\"maxpp\":8,\"target\":\"normal\",\"disabled\":false}],\"canTerastallize\":\"Rock\"}],\"side\":{\"name\":\"p0x096b1f7\",\"id\":\"p1\",\"pokemon\":[{\"ident\":\"p1: Kleavor\",\"details\":\"Kleavor, L78, F\",\"condition\":\"85/237\",\"active\":true,\"stats\":{\"atk\":256,\"def\":193,\"spa\":115,\"spd\":154,\"spe\":178},\"moves\":[\"xscissor\",\"stoneaxe\",\"defog\",\"closecombat\"],\"baseAbility\":\"sharpness\",\"item\":\"heavydutyboots\",\"pokeball\":\"pokeball\",\"ability\":\"sharpness\",\"commanding\":false,\"reviving\":false,\"teraType\":\"Rock\",\"terastallized\":\"\"},{\"ident\":\"p1: Vigoroth\",\"details\":\"Vigoroth, L85, M\",\"condition\":\"275/275\",\"active\":false,\"stats\":{\"atk\":185,\"def\":185,\"spa\":142,\"spd\":142,\"spe\":202},\"moves\":[\"knockoff\",\"slackoff\",\"bulkup\",\"bodyslam\"],\"baseAbility\":\"vitalspirit\",\"item\":\"eviolite\",\"pokeball\":\"pokeball\",\"ability\":\"vitalspirit\",\"commanding\":false,\"reviving\":false,\"teraType\":\"Ghost\",\"terastallized\":\"\"},{\"ident\":\"p1: Eelektross\",\"details\":\"Eelektross, L87, F\",\"condition\":\"0 fnt\",\"active\":false,\"stats\":{\"atk\":250,\"def\":189,\"spa\":232,\"spd\":189,\"spe\":137},\"moves\":[\"knockoff\",\"coil\",\"drainpunch\",\"supercellslam\"],\"baseAbility\":\"levitate\",\"item\":\"leftovers\",\"pokeball\":\"pokeball\",\"ability\":\"levitate\",\"commanding\":false,\"reviving\":false,\"teraType\":\"Fighting\",\"terastallized\":\"\"},{\"ident\":\"p1: Araquanid\",\"details\":\"Araquanid, L82, M\",\"condition\":\"246/246\",\"active\":false,\"stats\":{\"atk\":162,\"def\":198,\"spa\":129,\"spd\":264,\"spe\":116},\"moves\":[\"hydropump\",\"liquidation\",\"leechlife\",\"stickyweb\"],\"baseAbility\":\"waterbubble\",\"item\":\"heavydutyboots\",\"pokeball\":\"pokeball\",\"ability\":\"waterbubble\",\"commanding\":false,\"reviving\":false,\"teraType\":\"Steel\",\"terastallized\":\"\"},{\"ident\":\"p1: Dodrio\",\"details\":\"Dodrio, L85, F\",\"condition\":\"241/241\",\"active\":false,\"stats\":{\"atk\":236,\"def\":168,\"spa\":151,\"spd\":151,\"spe\":236},\"moves\":[\"doubleedge\",\"bravebird\",\"drillrun\",\"quickattack\"],\"baseAbility\":\"earlybird\",\"item\":\"choiceband\",\"pokeball\":\"pokeball\",\"ability\":\"earlybird\",\"commanding\":false,\"reviving\":false,\"teraType\":\"Normal\",\"terastallized\":\"\"},{\"ident\":\"p1: Infernape\",\"details\":\"Infernape, L82, M\",\"condition\":\"0 fnt\",\"active\":false,\"stats\":{\"atk\":218,\"def\":164,\"spa\":218,\"spd\":164,\"spe\":224},\"moves\":[\"closecombat\",\"swordsdance\",\"flareblitz\",\"knockoff\"],\"baseAbility\":\"blaze\",\"item\":\"lifeorb\",\"pokeball\":\"pokeball\",\"ability\":\"blaze\",\"commanding\":false,\"reviving\":false,\"teraType\":\"Dark\",\"terastallized\":\"\"}]},\"rqid\":26}\n|inactive|Time left: 300 sec this turn | 300 sec total\n|\n|t:|1783392483\n|move|p1a: Kleavor|X-Scissor|p2a: Mewtwo\n|-supereffective|p2a: Mewtwo\n|-damage|p2a: Mewtwo|0 fnt\n|faint|p2a: Mewtwo\n|\n|upkeep\n|request|{\"wait\":true,\"side\":{\"name\":\"p0x096b1f7\",\"id\":\"p1\",\"pokemon\":[{\"ident\":\"p1: Kleavor\",\"details\":\"Kleavor, L78, F\",\"condition\":\"85/237\",\"active\":true,\"stats\":{\"atk\":256,\"def\":193,\"spa\":115,\"spd\":154,\"spe\":178},\"moves\":[\"xscissor\",\"stoneaxe\",\"defog\",\"closecombat\"],\"baseAbility\":\"sharpness\",\"item\":\"heavydutyboots\",\"pokeball\":\"pokeball\",\"ability\":\"sharpness\",\"commanding\":false,\"reviving\":false,\"teraType\":\"Rock\",\"terastallized\":\"\"},{\"ident\":\"p1: Vigoroth\",\"details\":\"Vigoroth, L85, M\",\"condition\":\"275/275\",\"active\":false,\"stats\":{\"atk\":185,\"def\":185,\"spa\":142,\"spd\":142,\"spe\":202},\"moves\":[\"knockoff\",\"slackoff\",\"bulkup\",\"bodyslam\"],\"baseAbility\":\"vitalspirit\",\"item\":\"eviolite\",\"pokeball\":\"pokeball\",\"ability\":\"vitalspirit\",\"commanding\":false,\"reviving\":false,\"teraType\":\"Ghost\",\"terastallized\":\"\"},{\"ident\":\"p1: Eelektross\",\"details\":\"Eelektross, L87, F\",\"condition\":\"0 fnt\",\"active\":false,\"stats\":{\"atk\":250,\"def\":189,\"spa\":232,\"spd\":189,\"spe\":137},\"moves\":[\"knockoff\",\"coil\",\"drainpunch\",\"supercellslam\"],\"baseAbility\":\"levitate\",\"item\":\"leftovers\",\"pokeball\":\"pokeball\",\"ability\":\"levitate\",\"commanding\":false,\"reviving\":false,\"teraType\":\"Fighting\",\"terastallized\":\"\"},{\"ident\":\"p1: Araquanid\",\"details\":\"Araquanid, L82, M\",\"condition\":\"246/246\",\"active\":false,\"stats\":{\"atk\":162,\"def\":198,\"spa\":129,\"spd\":264,\"spe\":116},\"moves\":[\"hydropump\",\"liquidation\",\"leechlife\",\"stickyweb\"],\"baseAbility\":\"waterbubble\",\"item\":\"heavydutyboots\",\"pokeball\":\"pokeball\",\"ability\":\"waterbubble\",\"commanding\":false,\"reviving\":false,\"teraType\":\"Steel\",\"terastallized\":\"\"},{\"ident\":\"p1: Dodrio\",\"details\":\"Dodrio, L85, F\",\"condition\":\"241/241\",\"active\":false,\"stats\":{\"atk\":236,\"def\":168,\"spa\":151,\"spd\":151,\"spe\":236},\"moves\":[\"doubleedge\",\"bravebird\",\"drillrun\",\"quickattack\"],\"baseAbility\":\"earlybird\",\"item\":\"choiceband\",\"pokeball\":\"pokeball\",\"ability\":\"earlybird\",\"commanding\":false,\"reviving\":false,\"teraType\":\"Normal\",\"terastallized\":\"\"},{\"ident\":\"p1: Infernape\",\"details\":\"Infernape, L82, M\",\"condition\":\"0 fnt\",\"active\":false,\"stats\":{\"atk\":218,\"def\":164,\"spa\":218,\"spd\":164,\"spe\":224},\"moves\":[\"closecombat\",\"swordsdance\",\"flareblitz\",\"knockoff\"],\"baseAbility\":\"blaze\",\"item\":\"lifeorb\",\"pokeball\":\"pokeball\",\"ability\":\"blaze\",\"commanding\":false,\"reviving\":false,\"teraType\":\"Dark\",\"terastallized\":\"\"}]},\"rqid\":28}\n|\n|t:|1783392483\n|switch|p2a: Diancie|Diancie, L82|100/100\n|-activate|p2a: Diancie|move: Sticky Web\n|-fail|p2a: Diancie|unboost|[from] ability: Clear Body|[of] p2a: Diancie\n|-damage|p2a: Diancie|88/100|[from] Stealth Rock\n|turn|10\n|request|{\"active\":[{\"moves\":[{\"move\":\"X-Scissor\",\"id\":\"xscissor\",\"pp\":23,\"maxpp\":24,\"target\":\"normal\",\"disabled\":false},{\"move\":\"Stone Axe\",\"id\":\"stoneaxe\",\"pp\":23,\"maxpp\":24,\"target\":\"normal\",\"disabled\":false},{\"move\":\"Defog\",\"id\":\"defog\",\"pp\":24,\"maxpp\":24,\"target\":\"normal\",\"disabled\":false},{\"move\":\"Close Combat\",\"id\":\"closecombat\",\"pp\":8,\"maxpp\":8,\"target\":\"normal\",\"disabled\":false}],\"canTerastallize\":\"Rock\"}],\"side\":{\"name\":\"p0x096b1f7\",\"id\":\"p1\",\"pokemon\":[{\"ident\":\"p1: Kleavor\",\"details\":\"Kleavor, L78, F\",\"condition\":\"85/237\",\"active\":true,\"stats\":{\"atk\":256,\"def\":193,\"spa\":115,\"spd\":154,\"spe\":178},\"moves\":[\"xscissor\",\"stoneaxe\",\"defog\",\"closecombat\"],\"baseAbility\":\"sharpness\",\"item\":\"heavydutyboots\",\"pokeball\":\"pokeball\",\"ability\":\"sharpness\",\"commanding\":false,\"reviving\":false,\"teraType\":\"Rock\",\"terastallized\":\"\"},{\"ident\":\"p1: Vigoroth\",\"details\":\"Vigoroth, L85, M\",\"condition\":\"275/275\",\"active\":false,\"stats\":{\"atk\":185,\"def\":185,\"spa\":142,\"spd\":142,\"spe\":202},\"moves\":[\"knockoff\",\"slackoff\",\"bulkup\",\"bodyslam\"],\"baseAbility\":\"vitalspirit\",\"item\":\"eviolite\",\"pokeball\":\"pokeball\",\"ability\":\"vitalspirit\",\"commanding\":false,\"reviving\":false,\"teraType\":\"Ghost\",\"terastallized\":\"\"},{\"ident\":\"p1: Eelektross\",\"details\":\"Eelektross, L87, F\",\"condition\":\"0 fnt\",\"active\":false,\"stats\":{\"atk\":250,\"def\":189,\"spa\":232,\"spd\":189,\"spe\":137},\"moves\":[\"knockoff\",\"coil\",\"drainpunch\",\"supercellslam\"],\"baseAbility\":\"levitate\",\"item\":\"leftovers\",\"pokeball\":\"pokeball\",\"ability\":\"levitate\",\"commanding\":false,\"reviving\":false,\"teraType\":\"Fighting\",\"terastallized\":\"\"},{\"ident\":\"p1: Araquanid\",\"details\":\"Araquanid, L82, M\",\"condition\":\"246/246\",\"active\":false,\"stats\":{\"atk\":162,\"def\":198,\"spa\":129,\"spd\":264,\"spe\":116},\"moves\":[\"hydropump\",\"liquidation\",\"leechlife\",\"stickyweb\"],\"baseAbility\":\"waterbubble\",\"item\":\"heavydutyboots\",\"pokeball\":\"pokeball\",\"ability\":\"waterbubble\",\"commanding\":false,\"reviving\":false,\"teraType\":\"Steel\",\"terastallized\":\"\"},{\"ident\":\"p1: Dodrio\",\"details\":\"Dodrio, L85, F\",\"condition\":\"241/241\",\"active\":false,\"stats\":{\"atk\":236,\"def\":168,\"spa\":151,\"spd\":151,\"spe\":236},\"moves\":[\"doubleedge\",\"bravebird\",\"drillrun\",\"quickattack\"],\"baseAbility\":\"earlybird\",\"item\":\"choiceband\",\"pokeball\":\"pokeball\",\"ability\":\"earlybird\",\"commanding\":false,\"reviving\":false,\"teraType\":\"Normal\",\"terastallized\":\"\"},{\"ident\":\"p1: Infernape\",\"details\":\"Infernape, L82, M\",\"condition\":\"0 fnt\",\"active\":false,\"stats\":{\"atk\":218,\"def\":164,\"spa\":218,\"spd\":164,\"spe\":224},\"moves\":[\"closecombat\",\"swordsdance\",\"flareblitz\",\"knockoff\"],\"baseAbility\":\"blaze\",\"item\":\"lifeorb\",\"pokeball\":\"pokeball\",\"ability\":\"blaze\",\"commanding\":false,\"reviving\":false,\"teraType\":\"Dark\",\"terastallized\":\"\"}]},\"rqid\":30}\n|inactive|Time left: 300 sec this turn | 300 sec total\n|\n|t:|1783392483\n|move|p1a: Kleavor|Stone Axe|p2a: Diancie\n|-damage|p2a: Diancie|50/100\n|move|p2a: Diancie|Diamond Storm|p1a: Kleavor\n|-supereffective|p1a: Kleavor\n|-damage|p1a: Kleavor|0 fnt\n|faint|p1a: Kleavor\n|\n|upkeep\n|request|{\"forceSwitch\":[true],\"side\":{\"name\":\"p0x096b1f7\",\"id\":\"p1\",\"pokemon\":[{\"ident\":\"p1: Kleavor\",\"details\":\"Kleavor, L78, F\",\"condition\":\"0 fnt\",\"active\":true,\"stats\":{\"atk\":256,\"def\":193,\"spa\":115,\"spd\":154,\"spe\":178},\"moves\":[\"xscissor\",\"stoneaxe\",\"defog\",\"closecombat\"],\"baseAbility\":\"sharpness\",\"item\":\"heavydutyboots\",\"pokeball\":\"pokeball\",\"ability\":\"sharpness\",\"commanding\":false,\"reviving\":false,\"teraType\":\"Rock\",\"terastallized\":\"\"},{\"ident\":\"p1: Vigoroth\",\"details\":\"Vigoroth, L85, M\",\"condition\":\"275/275\",\"active\":false,\"stats\":{\"atk\":185,\"def\":185,\"spa\":142,\"spd\":142,\"spe\":202},\"moves\":[\"knockoff\",\"slackoff\",\"bulkup\",\"bodyslam\"],\"baseAbility\":\"vitalspirit\",\"item\":\"eviolite\",\"pokeball\":\"pokeball\",\"ability\":\"vitalspirit\",\"commanding\":false,\"reviving\":false,\"teraType\":\"Ghost\",\"terastallized\":\"\"},{\"ident\":\"p1: Eelektross\",\"details\":\"Eelektross, L87, F\",\"condition\":\"0 fnt\",\"active\":false,\"stats\":{\"atk\":250,\"def\":189,\"spa\":232,\"spd\":189,\"spe\":137},\"moves\":[\"knockoff\",\"coil\",\"drainpunch\",\"supercellslam\"],\"baseAbility\":\"levitate\",\"item\":\"leftovers\",\"pokeball\":\"pokeball\",\"ability\":\"levitate\",\"commanding\":false,\"reviving\":false,\"teraType\":\"Fighting\",\"terastallized\":\"\"},{\"ident\":\"p1: Araquanid\",\"details\":\"Araquanid, L82, M\",\"condition\":\"246/246\",\"active\":false,\"stats\":{\"atk\":162,\"def\":198,\"spa\":129,\"spd\":264,\"spe\":116},\"moves\":[\"hydropump\",\"liquidation\",\"leechlife\",\"stickyweb\"],\"baseAbility\":\"waterbubble\",\"item\":\"heavydutyboots\",\"pokeball\":\"pokeball\",\"ability\":\"waterbubble\",\"commanding\":false,\"reviving\":false,\"teraType\":\"Steel\",\"terastallized\":\"\"},{\"ident\":\"p1: Dodrio\",\"details\":\"Dodrio, L85, F\",\"condition\":\"241/241\",\"active\":false,\"stats\":{\"atk\":236,\"def\":168,\"spa\":151,\"spd\":151,\"spe\":236},\"moves\":[\"doubleedge\",\"bravebird\",\"drillrun\",\"quickattack\"],\"baseAbility\":\"earlybird\",\"item\":\"choiceband\",\"pokeball\":\"pokeball\",\"ability\":\"earlybird\",\"commanding\":false,\"reviving\":false,\"teraType\":\"Normal\",\"terastallized\":\"\"},{\"ident\":\"p1: Infernape\",\"details\":\"Infernape, L82, M\",\"condition\":\"0 fnt\",\"active\":false,\"stats\":{\"atk\":218,\"def\":164,\"spa\":218,\"spd\":164,\"spe\":224},\"moves\":[\"closecombat\",\"swordsdance\",\"flareblitz\",\"knockoff\"],\"baseAbility\":\"blaze\",\"item\":\"lifeorb\",\"pokeball\":\"pokeball\",\"ability\":\"blaze\",\"commanding\":false,\"reviving\":false,\"teraType\":\"Dark\",\"terastallized\":\"\"}]},\"noCancel\":true,\"rqid\":32}\n|inactive|Time left: 300 sec this turn | 300 sec total | 5 sec grace\n|\n|t:|1783392483\n|switch|p1a: Dodrio|Dodrio, L85, F|241/241\n|turn|11\n|request|{\"active\":[{\"moves\":[{\"move\":\"Double-Edge\",\"id\":\"doubleedge\",\"pp\":24,\"maxpp\":24,\"target\":\"normal\",\"disabled\":false},{\"move\":\"Brave Bird\",\"id\":\"bravebird\",\"pp\":24,\"maxpp\":24,\"target\":\"any\",\"disabled\":false},{\"move\":\"Drill Run\",\"id\":\"drillrun\",\"pp\":16,\"maxpp\":16,\"target\":\"normal\",\"disabled\":false},{\"move\":\"Quick Attack\",\"id\":\"quickattack\",\"pp\":48,\"maxpp\":48,\"target\":\"normal\",\"disabled\":false}],\"canTerastallize\":\"Normal\"}],\"side\":{\"name\":\"p0x096b1f7\",\"id\":\"p1\",\"pokemon\":[{\"ident\":\"p1: Dodrio\",\"details\":\"Dodrio, L85, F\",\"condition\":\"241/241\",\"active\":true,\"stats\":{\"atk\":236,\"def\":168,\"spa\":151,\"spd\":151,\"spe\":236},\"moves\":[\"doubleedge\",\"bravebird\",\"drillrun\",\"quickattack\"],\"baseAbility\":\"earlybird\",\"item\":\"choiceband\",\"pokeball\":\"pokeball\",\"ability\":\"earlybird\",\"commanding\":false,\"reviving\":false,\"teraType\":\"Normal\",\"terastallized\":\"\"},{\"ident\":\"p1: Vigoroth\",\"details\":\"Vigoroth, L85, M\",\"condition\":\"275/275\",\"active\":false,\"stats\":{\"atk\":185,\"def\":185,\"spa\":142,\"spd\":142,\"spe\":202},\"moves\":[\"knockoff\",\"slackoff\",\"bulkup\",\"bodyslam\"],\"baseAbility\":\"vitalspirit\",\"item\":\"eviolite\",\"pokeball\":\"pokeball\",\"ability\":\"vitalspirit\",\"commanding\":false,\"reviving\":false,\"teraType\":\"Ghost\",\"terastallized\":\"\"},{\"ident\":\"p1: Eelektross\",\"details\":\"Eelektross, L87, F\",\"condition\":\"0 fnt\",\"active\":false,\"stats\":{\"atk\":250,\"def\":189,\"spa\":232,\"spd\":189,\"spe\":137},\"moves\":[\"knockoff\",\"coil\",\"drainpunch\",\"supercellslam\"],\"baseAbility\":\"levitate\",\"item\":\"leftovers\",\"pokeball\":\"pokeball\",\"ability\":\"levitate\",\"commanding\":false,\"reviving\":false,\"teraType\":\"Fighting\",\"terastallized\":\"\"},{\"ident\":\"p1: Araquanid\",\"details\":\"Araquanid, L82, M\",\"condition\":\"246/246\",\"active\":false,\"stats\":{\"atk\":162,\"def\":198,\"spa\":129,\"spd\":264,\"spe\":116},\"moves\":[\"hydropump\",\"liquidation\",\"leechlife\",\"stickyweb\"],\"baseAbility\":\"waterbubble\",\"item\":\"heavydutyboots\",\"pokeball\":\"pokeball\",\"ability\":\"waterbubble\",\"commanding\":false,\"reviving\":false,\"teraType\":\"Steel\",\"terastallized\":\"\"},{\"ident\":\"p1: Kleavor\",\"details\":\"Kleavor, L78, F\",\"condition\":\"0 fnt\",\"active\":false,\"stats\":{\"atk\":256,\"def\":193,\"spa\":115,\"spd\":154,\"spe\":178},\"moves\":[\"xscissor\",\"stoneaxe\",\"defog\",\"closecombat\"],\"baseAbility\":\"sharpness\",\"item\":\"heavydutyboots\",\"pokeball\":\"pokeball\",\"ability\":\"sharpness\",\"commanding\":false,\"reviving\":false,\"teraType\":\"Rock\",\"terastallized\":\"\"},{\"ident\":\"p1: Infernape\",\"details\":\"Infernape, L82, M\",\"condition\":\"0 fnt\",\"active\":false,\"stats\":{\"atk\":218,\"def\":164,\"spa\":218,\"spd\":164,\"spe\":224},\"moves\":[\"closecombat\",\"swordsdance\",\"flareblitz\",\"knockoff\"],\"baseAbility\":\"blaze\",\"item\":\"lifeorb\",\"pokeball\":\"pokeball\",\"ability\":\"blaze\",\"commanding\":false,\"reviving\":false,\"teraType\":\"Dark\",\"terastallized\":\"\"}]},\"rqid\":34}\n|inactive|Time left: 300 sec this turn | 300 sec total\n|\n|t:|1783392484\n|move|p1a: Dodrio|Drill Run|p2a: Diancie\n|-supereffective|p2a: Diancie\n|-damage|p2a: Diancie|0 fnt\n|faint|p2a: Diancie\n|\n|upkeep\n|request|{\"wait\":true,\"side\":{\"name\":\"p0x096b1f7\",\"id\":\"p1\",\"pokemon\":[{\"ident\":\"p1: Dodrio\",\"details\":\"Dodrio, L85, F\",\"condition\":\"241/241\",\"active\":true,\"stats\":{\"atk\":236,\"def\":168,\"spa\":151,\"spd\":151,\"spe\":236},\"moves\":[\"doubleedge\",\"bravebird\",\"drillrun\",\"quickattack\"],\"baseAbility\":\"earlybird\",\"item\":\"choiceband\",\"pokeball\":\"pokeball\",\"ability\":\"earlybird\",\"commanding\":false,\"reviving\":false,\"teraType\":\"Normal\",\"terastallized\":\"\"},{\"ident\":\"p1: Vigoroth\",\"details\":\"Vigoroth, L85, M\",\"condition\":\"275/275\",\"active\":false,\"stats\":{\"atk\":185,\"def\":185,\"spa\":142,\"spd\":142,\"spe\":202},\"moves\":[\"knockoff\",\"slackoff\",\"bulkup\",\"bodyslam\"],\"baseAbility\":\"vitalspirit\",\"item\":\"eviolite\",\"pokeball\":\"pokeball\",\"ability\":\"vitalspirit\",\"commanding\":false,\"reviving\":false,\"teraType\":\"Ghost\",\"terastallized\":\"\"},{\"ident\":\"p1: Eelektross\",\"details\":\"Eelektross, L87, F\",\"condition\":\"0 fnt\",\"active\":false,\"stats\":{\"atk\":250,\"def\":189,\"spa\":232,\"spd\":189,\"spe\":137},\"moves\":[\"knockoff\",\"coil\",\"drainpunch\",\"supercellslam\"],\"baseAbility\":\"levitate\",\"item\":\"leftovers\",\"pokeball\":\"pokeball\",\"ability\":\"levitate\",\"commanding\":false,\"reviving\":false,\"teraType\":\"Fighting\",\"terastallized\":\"\"},{\"ident\":\"p1: Araquanid\",\"details\":\"Araquanid, L82, M\",\"condition\":\"246/246\",\"active\":false,\"stats\":{\"atk\":162,\"def\":198,\"spa\":129,\"spd\":264,\"spe\":116},\"moves\":[\"hydropump\",\"liquidation\",\"leechlife\",\"stickyweb\"],\"baseAbility\":\"waterbubble\",\"item\":\"heavydutyboots\",\"pokeball\":\"pokeball\",\"ability\":\"waterbubble\",\"commanding\":false,\"reviving\":false,\"teraType\":\"Steel\",\"terastallized\":\"\"},{\"ident\":\"p1: Kleavor\",\"details\":\"Kleavor, L78, F\",\"condition\":\"0 fnt\",\"active\":false,\"stats\":{\"atk\":256,\"def\":193,\"spa\":115,\"spd\":154,\"spe\":178},\"moves\":[\"xscissor\",\"stoneaxe\",\"defog\",\"closecombat\"],\"baseAbility\":\"sharpness\",\"item\":\"heavydutyboots\",\"pokeball\":\"pokeball\",\"ability\":\"sharpness\",\"commanding\":false,\"reviving\":false,\"teraType\":\"Rock\",\"terastallized\":\"\"},{\"ident\":\"p1: Infernape\",\"details\":\"Infernape, L82, M\",\"condition\":\"0 fnt\",\"active\":false,\"stats\":{\"atk\":218,\"def\":164,\"spa\":218,\"spd\":164,\"spe\":224},\"moves\":[\"closecombat\",\"swordsdance\",\"flareblitz\",\"knockoff\"],\"baseAbility\":\"blaze\",\"item\":\"lifeorb\",\"pokeball\":\"pokeball\",\"ability\":\"blaze\",\"commanding\":false,\"reviving\":false,\"teraType\":\"Dark\",\"terastallized\":\"\"}]},\"rqid\":36}\n|\n|t:|1783392484\n|switch|p2a: Araquanid|Araquanid, L82, M|100/100\n|turn|12\n|request|{\"active\":[{\"moves\":[{\"move\":\"Double-Edge\",\"id\":\"doubleedge\",\"pp\":24,\"maxpp\":24,\"target\":\"normal\",\"disabled\":true},{\"move\":\"Brave Bird\",\"id\":\"bravebird\",\"pp\":24,\"maxpp\":24,\"target\":\"any\",\"disabled\":true},{\"move\":\"Drill Run\",\"id\":\"drillrun\",\"pp\":15,\"maxpp\":16,\"target\":\"normal\",\"disabled\":false},{\"move\":\"Quick Attack\",\"id\":\"quickattack\",\"pp\":48,\"maxpp\":48,\"target\":\"normal\",\"disabled\":true}],\"canTerastallize\":\"Normal\"}],\"side\":{\"name\":\"p0x096b1f7\",\"id\":\"p1\",\"pokemon\":[{\"ident\":\"p1: Dodrio\",\"details\":\"Dodrio, L85, F\",\"condition\":\"241/241\",\"active\":true,\"stats\":{\"atk\":236,\"def\":168,\"spa\":151,\"spd\":151,\"spe\":236},\"moves\":[\"doubleedge\",\"bravebird\",\"drillrun\",\"quickattack\"],\"baseAbility\":\"earlybird\",\"item\":\"choiceband\",\"pokeball\":\"pokeball\",\"ability\":\"earlybird\",\"commanding\":false,\"reviving\":false,\"teraType\":\"Normal\",\"terastallized\":\"\"},{\"ident\":\"p1: Vigoroth\",\"details\":\"Vigoroth, L85, M\",\"condition\":\"275/275\",\"active\":false,\"stats\":{\"atk\":185,\"def\":185,\"spa\":142,\"spd\":142,\"spe\":202},\"moves\":[\"knockoff\",\"slackoff\",\"bulkup\",\"bodyslam\"],\"baseAbility\":\"vitalspirit\",\"item\":\"eviolite\",\"pokeball\":\"pokeball\",\"ability\":\"vitalspirit\",\"commanding\":false,\"reviving\":false,\"teraType\":\"Ghost\",\"terastallized\":\"\"},{\"ident\":\"p1: Eelektross\",\"details\":\"Eelektross, L87, F\",\"condition\":\"0 fnt\",\"active\":false,\"stats\":{\"atk\":250,\"def\":189,\"spa\":232,\"spd\":189,\"spe\":137},\"moves\":[\"knockoff\",\"coil\",\"drainpunch\",\"supercellslam\"],\"baseAbility\":\"levitate\",\"item\":\"leftovers\",\"pokeball\":\"pokeball\",\"ability\":\"levitate\",\"commanding\":false,\"reviving\":false,\"teraType\":\"Fighting\",\"terastallized\":\"\"},{\"ident\":\"p1: Araquanid\",\"details\":\"Araquanid, L82, M\",\"condition\":\"246/246\",\"active\":false,\"stats\":{\"atk\":162,\"def\":198,\"spa\":129,\"spd\":264,\"spe\":116},\"moves\":[\"hydropump\",\"liquidation\",\"leechlife\",\"stickyweb\"],\"baseAbility\":\"waterbubble\",\"item\":\"heavydutyboots\",\"pokeball\":\"pokeball\",\"ability\":\"waterbubble\",\"commanding\":false,\"reviving\":false,\"teraType\":\"Steel\",\"terastallized\":\"\"},{\"ident\":\"p1: Kleavor\",\"details\":\"Kleavor, L78, F\",\"condition\":\"0 fnt\",\"active\":false,\"stats\":{\"atk\":256,\"def\":193,\"spa\":115,\"spd\":154,\"spe\":178},\"moves\":[\"xscissor\",\"stoneaxe\",\"defog\",\"closecombat\"],\"baseAbility\":\"sharpness\",\"item\":\"heavydutyboots\",\"pokeball\":\"pokeball\",\"ability\":\"sharpness\",\"commanding\":false,\"reviving\":false,\"teraType\":\"Rock\",\"terastallized\":\"\"},{\"ident\":\"p1: Infernape\",\"details\":\"Infernape, L82, M\",\"condition\":\"0 fnt\",\"active\":false,\"stats\":{\"atk\":218,\"def\":164,\"spa\":218,\"spd\":164,\"spe\":224},\"moves\":[\"closecombat\",\"swordsdance\",\"flareblitz\",\"knockoff\"],\"baseAbility\":\"blaze\",\"item\":\"lifeorb\",\"pokeball\":\"pokeball\",\"ability\":\"blaze\",\"commanding\":false,\"reviving\":false,\"teraType\":\"Dark\",\"terastallized\":\"\"}]},\"rqid\":38}\n|inactive|Time left: 300 sec this turn | 300 sec total\n|\n|t:|1783392484\n|switch|p1a: Vigoroth|Vigoroth, L85, M|275/275\n|switch|p2a: Meloetta|Meloetta, L82|100/100\n|-activate|p2a: Meloetta|move: Sticky Web\n|-unboost|p2a: Meloetta|spe|1\n|-damage|p2a: Meloetta|88/100|[from] Stealth Rock\n|\n|upkeep\n|turn|13\n|request|{\"active\":[{\"moves\":[{\"move\":\"Knock Off\",\"id\":\"knockoff\",\"pp\":32,\"maxpp\":32,\"target\":\"normal\",\"disabled\":false},{\"move\":\"Slack Off\",\"id\":\"slackoff\",\"pp\":8,\"maxpp\":8,\"target\":\"self\",\"disabled\":false},{\"move\":\"Bulk Up\",\"id\":\"bulkup\",\"pp\":32,\"maxpp\":32,\"target\":\"self\",\"disabled\":false},{\"move\":\"Body Slam\",\"id\":\"bodyslam\",\"pp\":24,\"maxpp\":24,\"target\":\"normal\",\"disabled\":false}],\"canTerastallize\":\"Ghost\"}],\"side\":{\"name\":\"p0x096b1f7\",\"id\":\"p1\",\"pokemon\":[{\"ident\":\"p1: Vigoroth\",\"details\":\"Vigoroth, L85, M\",\"condition\":\"275/275\",\"active\":true,\"stats\":{\"atk\":185,\"def\":185,\"spa\":142,\"spd\":142,\"spe\":202},\"moves\":[\"knockoff\",\"slackoff\",\"bulkup\",\"bodyslam\"],\"baseAbility\":\"vitalspirit\",\"item\":\"eviolite\",\"pokeball\":\"pokeball\",\"ability\":\"vitalspirit\",\"commanding\":false,\"reviving\":false,\"teraType\":\"Ghost\",\"terastallized\":\"\"},{\"ident\":\"p1: Dodrio\",\"details\":\"Dodrio, L85, F\",\"condition\":\"241/241\",\"active\":false,\"stats\":{\"atk\":236,\"def\":168,\"spa\":151,\"spd\":151,\"spe\":236},\"moves\":[\"doubleedge\",\"bravebird\",\"drillrun\",\"quickattack\"],\"baseAbility\":\"earlybird\",\"item\":\"choiceband\",\"pokeball\":\"pokeball\",\"ability\":\"earlybird\",\"commanding\":false,\"reviving\":false,\"teraType\":\"Normal\",\"terastallized\":\"\"},{\"ident\":\"p1: Eelektross\",\"details\":\"Eelektross, L87, F\",\"condition\":\"0 fnt\",\"active\":false,\"stats\":{\"atk\":250,\"def\":189,\"spa\":232,\"spd\":189,\"spe\":137},\"moves\":[\"knockoff\",\"coil\",\"drainpunch\",\"supercellslam\"],\"baseAbility\":\"levitate\",\"item\":\"leftovers\",\"pokeball\":\"pokeball\",\"ability\":\"levitate\",\"commanding\":false,\"reviving\":false,\"teraType\":\"Fighting\",\"terastallized\":\"\"},{\"ident\":\"p1: Araquanid\",\"details\":\"Araquanid, L82, M\",\"condition\":\"246/246\",\"active\":false,\"stats\":{\"atk\":162,\"def\":198,\"spa\":129,\"spd\":264,\"spe\":116},\"moves\":[\"hydropump\",\"liquidation\",\"leechlife\",\"stickyweb\"],\"baseAbility\":\"waterbubble\",\"item\":\"heavydutyboots\",\"pokeball\":\"pokeball\",\"ability\":\"waterbubble\",\"commanding\":false,\"reviving\":false,\"teraType\":\"Steel\",\"terastallized\":\"\"},{\"ident\":\"p1: Kleavor\",\"details\":\"Kleavor, L78, F\",\"condition\":\"0 fnt\",\"active\":false,\"stats\":{\"atk\":256,\"def\":193,\"spa\":115,\"spd\":154,\"spe\":178},\"moves\":[\"xscissor\",\"stoneaxe\",\"defog\",\"closecombat\"],\"baseAbility\":\"sharpness\",\"item\":\"heavydutyboots\",\"pokeball\":\"pokeball\",\"ability\":\"sharpness\",\"commanding\":false,\"reviving\":false,\"teraType\":\"Rock\",\"terastallized\":\"\"},{\"ident\":\"p1: Infernape\",\"details\":\"Infernape, L82, M\",\"condition\":\"0 fnt\",\"active\":false,\"stats\":{\"atk\":218,\"def\":164,\"spa\":218,\"spd\":164,\"spe\":224},\"moves\":[\"closecombat\",\"swordsdance\",\"flareblitz\",\"knockoff\"],\"baseAbility\":\"blaze\",\"item\":\"lifeorb\",\"pokeball\":\"pokeball\",\"ability\":\"blaze\",\"commanding\":false,\"reviving\":false,\"teraType\":\"Dark\",\"terastallized\":\"\"}]},\"rqid\":40}\n|inactive|Time left: 300 sec this turn | 300 sec total\n|\n|t:|1783392484\n|move|p1a: Vigoroth|Bulk Up|p1a: Vigoroth\n|-boost|p1a: Vigoroth|atk|1\n|-boost|p1a: Vigoroth|def|1\n|move|p2a: Meloetta|Knock Off|p1a: Vigoroth\n|-damage|p1a: Vigoroth|239/275\n|-enditem|p1a: Vigoroth|Eviolite|[from] move: Knock Off|[of] p2a: Meloetta\n|-damage|p2a: Meloetta|78/100|[from] item: Life Orb\n|\n|upkeep\n|turn|14\n|request|{\"active\":[{\"moves\":[{\"move\":\"Knock Off\",\"id\":\"knockoff\",\"pp\":32,\"maxpp\":32,\"target\":\"normal\",\"disabled\":false},{\"move\":\"Slack Off\",\"id\":\"slackoff\",\"pp\":8,\"maxpp\":8,\"target\":\"self\",\"disabled\":false},{\"move\":\"Bulk Up\",\"id\":\"bulkup\",\"pp\":31,\"maxpp\":32,\"target\":\"self\",\"disabled\":false},{\"move\":\"Body Slam\",\"id\":\"bodyslam\",\"pp\":24,\"maxpp\":24,\"target\":\"normal\",\"disabled\":false}],\"canTerastallize\":\"Ghost\"}],\"side\":{\"name\":\"p0x096b1f7\",\"id\":\"p1\",\"pokemon\":[{\"ident\":\"p1: Vigoroth\",\"details\":\"Vigoroth, L85, M\",\"condition\":\"239/275\",\"active\":true,\"stats\":{\"atk\":185,\"def\":185,\"spa\":142,\"spd\":142,\"spe\":202},\"moves\":[\"knockoff\",\"slackoff\",\"bulkup\",\"bodyslam\"],\"baseAbility\":\"vitalspirit\",\"item\":\"\",\"pokeball\":\"pokeball\",\"ability\":\"vitalspirit\",\"commanding\":false,\"reviving\":false,\"teraType\":\"Ghost\",\"terastallized\":\"\"},{\"ident\":\"p1: Dodrio\",\"details\":\"Dodrio, L85, F\",\"condition\":\"241/241\",\"active\":false,\"stats\":{\"atk\":236,\"def\":168,\"spa\":151,\"spd\":151,\"spe\":236},\"moves\":[\"doubleedge\",\"bravebird\",\"drillrun\",\"quickattack\"],\"baseAbility\":\"earlybird\",\"item\":\"choiceband\",\"pokeball\":\"pokeball\",\"ability\":\"earlybird\",\"commanding\":false,\"reviving\":false,\"teraType\":\"Normal\",\"terastallized\":\"\"},{\"ident\":\"p1: Eelektross\",\"details\":\"Eelektross, L87, F\",\"condition\":\"0 fnt\",\"active\":false,\"stats\":{\"atk\":250,\"def\":189,\"spa\":232,\"spd\":189,\"spe\":137},\"moves\":[\"knockoff\",\"coil\",\"drainpunch\",\"supercellslam\"],\"baseAbility\":\"levitate\",\"item\":\"leftovers\",\"pokeball\":\"pokeball\",\"ability\":\"levitate\",\"commanding\":false,\"reviving\":false,\"teraType\":\"Fighting\",\"terastallized\":\"\"},{\"ident\":\"p1: Araquanid\",\"details\":\"Araquanid, L82, M\",\"condition\":\"246/246\",\"active\":false,\"stats\":{\"atk\":162,\"def\":198,\"spa\":129,\"spd\":264,\"spe\":116},\"moves\":[\"hydropump\",\"liquidation\",\"leechlife\",\"stickyweb\"],\"baseAbility\":\"waterbubble\",\"item\":\"heavydutyboots\",\"pokeball\":\"pokeball\",\"ability\":\"waterbubble\",\"commanding\":false,\"reviving\":false,\"teraType\":\"Steel\",\"terastallized\":\"\"},{\"ident\":\"p1: Kleavor\",\"details\":\"Kleavor, L78, F\",\"condition\":\"0 fnt\",\"active\":false,\"stats\":{\"atk\":256,\"def\":193,\"spa\":115,\"spd\":154,\"spe\":178},\"moves\":[\"xscissor\",\"stoneaxe\",\"defog\",\"closecombat\"],\"baseAbility\":\"sharpness\",\"item\":\"heavydutyboots\",\"pokeball\":\"pokeball\",\"ability\":\"sharpness\",\"commanding\":false,\"reviving\":false,\"teraType\":\"Rock\",\"terastallized\":\"\"},{\"ident\":\"p1: Infernape\",\"details\":\"Infernape, L82, M\",\"condition\":\"0 fnt\",\"active\":false,\"stats\":{\"atk\":218,\"def\":164,\"spa\":218,\"spd\":164,\"spe\":224},\"moves\":[\"closecombat\",\"swordsdance\",\"flareblitz\",\"knockoff\"],\"baseAbility\":\"blaze\",\"item\":\"lifeorb\",\"pokeball\":\"pokeball\",\"ability\":\"blaze\",\"commanding\":false,\"reviving\":false,\"teraType\":\"Dark\",\"terastallized\":\"\"}]},\"rqid\":42}\n|inactive|Time left: 300 sec this turn | 300 sec total\n|\n|t:|1783392485\n|-terastallize|p1a: Vigoroth|Ghost\n|move|p1a: Vigoroth|Bulk Up|p1a: Vigoroth\n|-boost|p1a: Vigoroth|atk|1\n|-boost|p1a: Vigoroth|def|1\n|move|p2a: Meloetta|Relic Song|p1a: Vigoroth\n|-immune|p1a: Vigoroth\n|\n|upkeep\n|turn|15\n|request|{\"active\":[{\"moves\":[{\"move\":\"Knock Off\",\"id\":\"knockoff\",\"pp\":32,\"maxpp\":32,\"target\":\"normal\",\"disabled\":false},{\"move\":\"Slack Off\",\"id\":\"slackoff\",\"pp\":8,\"maxpp\":8,\"target\":\"self\",\"disabled\":false},{\"move\":\"Bulk Up\",\"id\":\"bulkup\",\"pp\":30,\"maxpp\":32,\"target\":\"self\",\"disabled\":false},{\"move\":\"Body Slam\",\"id\":\"bodyslam\",\"pp\":24,\"maxpp\":24,\"target\":\"normal\",\"disabled\":false}]}],\"side\":{\"name\":\"p0x096b1f7\",\"id\":\"p1\",\"pokemon\":[{\"ident\":\"p1: Vigoroth\",\"details\":\"Vigoroth, L85, M\",\"condition\":\"239/275\",\"active\":true,\"stats\":{\"atk\":185,\"def\":185,\"spa\":142,\"spd\":142,\"spe\":202},\"moves\":[\"knockoff\",\"slackoff\",\"bulkup\",\"bodyslam\"],\"baseAbility\":\"vitalspirit\",\"item\":\"\",\"pokeball\":\"pokeball\",\"ability\":\"vitalspirit\",\"commanding\":false,\"reviving\":false,\"teraType\":\"Ghost\",\"terastallized\":\"Ghost\"},{\"ident\":\"p1: Dodrio\",\"details\":\"Dodrio, L85, F\",\"condition\":\"241/241\",\"active\":false,\"stats\":{\"atk\":236,\"def\":168,\"spa\":151,\"spd\":151,\"spe\":236},\"moves\":[\"doubleedge\",\"bravebird\",\"drillrun\",\"quickattack\"],\"baseAbility\":\"earlybird\",\"item\":\"choiceband\",\"pokeball\":\"pokeball\",\"ability\":\"earlybird\",\"commanding\":false,\"reviving\":false,\"teraType\":\"Normal\",\"terastallized\":\"\"},{\"ident\":\"p1: Eelektross\",\"details\":\"Eelektross, L87, F\",\"condition\":\"0 fnt\",\"active\":false,\"stats\":{\"atk\":250,\"def\":189,\"spa\":232,\"spd\":189,\"spe\":137},\"moves\":[\"knockoff\",\"coil\",\"drainpunch\",\"supercellslam\"],\"baseAbility\":\"levitate\",\"item\":\"leftovers\",\"pokeball\":\"pokeball\",\"ability\":\"levitate\",\"commanding\":false,\"reviving\":false,\"teraType\":\"Fighting\",\"terastallized\":\"\"},{\"ident\":\"p1: Araquanid\",\"details\":\"Araquanid, L82, M\",\"condition\":\"246/246\",\"active\":false,\"stats\":{\"atk\":162,\"def\":198,\"spa\":129,\"spd\":264,\"spe\":116},\"moves\":[\"hydropump\",\"liquidation\",\"leechlife\",\"stickyweb\"],\"baseAbility\":\"waterbubble\",\"item\":\"heavydutyboots\",\"pokeball\":\"pokeball\",\"ability\":\"waterbubble\",\"commanding\":false,\"reviving\":false,\"teraType\":\"Steel\",\"terastallized\":\"\"},{\"ident\":\"p1: Kleavor\",\"details\":\"Kleavor, L78, F\",\"condition\":\"0 fnt\",\"active\":false,\"stats\":{\"atk\":256,\"def\":193,\"spa\":115,\"spd\":154,\"spe\":178},\"moves\":[\"xscissor\",\"stoneaxe\",\"defog\",\"closecombat\"],\"baseAbility\":\"sharpness\",\"item\":\"heavydutyboots\",\"pokeball\":\"pokeball\",\"ability\":\"sharpness\",\"commanding\":false,\"reviving\":false,\"teraType\":\"Rock\",\"terastallized\":\"\"},{\"ident\":\"p1: Infernape\",\"details\":\"Infernape, L82, M\",\"condition\":\"0 fnt\",\"active\":false,\"stats\":{\"atk\":218,\"def\":164,\"spa\":218,\"spd\":164,\"spe\":224},\"moves\":[\"closecombat\",\"swordsdance\",\"flareblitz\",\"knockoff\"],\"baseAbility\":\"blaze\",\"item\":\"lifeorb\",\"pokeball\":\"pokeball\",\"ability\":\"blaze\",\"commanding\":false,\"reviving\":false,\"teraType\":\"Dark\",\"terastallized\":\"\"}]},\"rqid\":44}\n|inactive|Time left: 300 sec this turn | 300 sec total\n|\n|t:|1783392485\n|move|p1a: Vigoroth|Knock Off|p2a: Meloetta\n|-supereffective|p2a: Meloetta\n|-damage|p2a: Meloetta|0 fnt\n|-enditem|p2a: Meloetta|Life Orb|[from] move: Knock Off|[of] p1a: Vigoroth\n|faint|p2a: Meloetta\n|\n|upkeep\n|request|{\"wait\":true,\"side\":{\"name\":\"p0x096b1f7\",\"id\":\"p1\",\"pokemon\":[{\"ident\":\"p1: Vigoroth\",\"details\":\"Vigoroth, L85, M\",\"condition\":\"239/275\",\"active\":true,\"stats\":{\"atk\":185,\"def\":185,\"spa\":142,\"spd\":142,\"spe\":202},\"moves\":[\"knockoff\",\"slackoff\",\"bulkup\",\"bodyslam\"],\"baseAbility\":\"vitalspirit\",\"item\":\"\",\"pokeball\":\"pokeball\",\"ability\":\"vitalspirit\",\"commanding\":false,\"reviving\":false,\"teraType\":\"Ghost\",\"terastallized\":\"Ghost\"},{\"ident\":\"p1: Dodrio\",\"details\":\"Dodrio, L85, F\",\"condition\":\"241/241\",\"active\":false,\"stats\":{\"atk\":236,\"def\":168,\"spa\":151,\"spd\":151,\"spe\":236},\"moves\":[\"doubleedge\",\"bravebird\",\"drillrun\",\"quickattack\"],\"baseAbility\":\"earlybird\",\"item\":\"choiceband\",\"pokeball\":\"pokeball\",\"ability\":\"earlybird\",\"commanding\":false,\"reviving\":false,\"teraType\":\"Normal\",\"terastallized\":\"\"},{\"ident\":\"p1: Eelektross\",\"details\":\"Eelektross, L87, F\",\"condition\":\"0 fnt\",\"active\":false,\"stats\":{\"atk\":250,\"def\":189,\"spa\":232,\"spd\":189,\"spe\":137},\"moves\":[\"knockoff\",\"coil\",\"drainpunch\",\"supercellslam\"],\"baseAbility\":\"levitate\",\"item\":\"leftovers\",\"pokeball\":\"pokeball\",\"ability\":\"levitate\",\"commanding\":false,\"reviving\":false,\"teraType\":\"Fighting\",\"terastallized\":\"\"},{\"ident\":\"p1: Araquanid\",\"details\":\"Araquanid, L82, M\",\"condition\":\"246/246\",\"active\":false,\"stats\":{\"atk\":162,\"def\":198,\"spa\":129,\"spd\":264,\"spe\":116},\"moves\":[\"hydropump\",\"liquidation\",\"leechlife\",\"stickyweb\"],\"baseAbility\":\"waterbubble\",\"item\":\"heavydutyboots\",\"pokeball\":\"pokeball\",\"ability\":\"waterbubble\",\"commanding\":false,\"reviving\":false,\"teraType\":\"Steel\",\"terastallized\":\"\"},{\"ident\":\"p1: Kleavor\",\"details\":\"Kleavor, L78, F\",\"condition\":\"0 fnt\",\"active\":false,\"stats\":{\"atk\":256,\"def\":193,\"spa\":115,\"spd\":154,\"spe\":178},\"moves\":[\"xscissor\",\"stoneaxe\",\"defog\",\"closecombat\"],\"baseAbility\":\"sharpness\",\"item\":\"heavydutyboots\",\"pokeball\":\"pokeball\",\"ability\":\"sharpness\",\"commanding\":false,\"reviving\":false,\"teraType\":\"Rock\",\"terastallized\":\"\"},{\"ident\":\"p1: Infernape\",\"details\":\"Infernape, L82, M\",\"condition\":\"0 fnt\",\"active\":false,\"stats\":{\"atk\":218,\"def\":164,\"spa\":218,\"spd\":164,\"spe\":224},\"moves\":[\"closecombat\",\"swordsdance\",\"flareblitz\",\"knockoff\"],\"baseAbility\":\"blaze\",\"item\":\"lifeorb\",\"pokeball\":\"pokeball\",\"ability\":\"blaze\",\"commanding\":false,\"reviving\":false,\"teraType\":\"Dark\",\"terastallized\":\"\"}]},\"rqid\":46}\n|\n|t:|1783392485\n|switch|p2a: Araquanid|Araquanid, L82, M|100/100\n|turn|16\n|request|{\"active\":[{\"moves\":[{\"move\":\"Knock Off\",\"id\":\"knockoff\",\"pp\":31,\"maxpp\":32,\"target\":\"normal\",\"disabled\":false},{\"move\":\"Slack Off\",\"id\":\"slackoff\",\"pp\":8,\"maxpp\":8,\"target\":\"self\",\"disabled\":false},{\"move\":\"Bulk Up\",\"id\":\"bulkup\",\"pp\":30,\"maxpp\":32,\"target\":\"self\",\"disabled\":false},{\"move\":\"Body Slam\",\"id\":\"bodyslam\",\"pp\":24,\"maxpp\":24,\"target\":\"normal\",\"disabled\":false}]}],\"side\":{\"name\":\"p0x096b1f7\",\"id\":\"p1\",\"pokemon\":[{\"ident\":\"p1: Vigoroth\",\"details\":\"Vigoroth, L85, M\",\"condition\":\"239/275\",\"active\":true,\"stats\":{\"atk\":185,\"def\":185,\"spa\":142,\"spd\":142,\"spe\":202},\"moves\":[\"knockoff\",\"slackoff\",\"bulkup\",\"bodyslam\"],\"baseAbility\":\"vitalspirit\",\"item\":\"\",\"pokeball\":\"pokeball\",\"ability\":\"vitalspirit\",\"commanding\":false,\"reviving\":false,\"teraType\":\"Ghost\",\"terastallized\":\"Ghost\"},{\"ident\":\"p1: Dodrio\",\"details\":\"Dodrio, L85, F\",\"condition\":\"241/241\",\"active\":false,\"stats\":{\"atk\":236,\"def\":168,\"spa\":151,\"spd\":151,\"spe\":236},\"moves\":[\"doubleedge\",\"bravebird\",\"drillrun\",\"quickattack\"],\"baseAbility\":\"earlybird\",\"item\":\"choiceband\",\"pokeball\":\"pokeball\",\"ability\":\"earlybird\",\"commanding\":false,\"reviving\":false,\"teraType\":\"Normal\",\"terastallized\":\"\"},{\"ident\":\"p1: Eelektross\",\"details\":\"Eelektross, L87, F\",\"condition\":\"0 fnt\",\"active\":false,\"stats\":{\"atk\":250,\"def\":189,\"spa\":232,\"spd\":189,\"spe\":137},\"moves\":[\"knockoff\",\"coil\",\"drainpunch\",\"supercellslam\"],\"baseAbility\":\"levitate\",\"item\":\"leftovers\",\"pokeball\":\"pokeball\",\"ability\":\"levitate\",\"commanding\":false,\"reviving\":false,\"teraType\":\"Fighting\",\"terastallized\":\"\"},{\"ident\":\"p1: Araquanid\",\"details\":\"Araquanid, L82, M\",\"condition\":\"246/246\",\"active\":false,\"stats\":{\"atk\":162,\"def\":198,\"spa\":129,\"spd\":264,\"spe\":116},\"moves\":[\"hydropump\",\"liquidation\",\"leechlife\",\"stickyweb\"],\"baseAbility\":\"waterbubble\",\"item\":\"heavydutyboots\",\"pokeball\":\"pokeball\",\"ability\":\"waterbubble\",\"commanding\":false,\"reviving\":false,\"teraType\":\"Steel\",\"terastallized\":\"\"},{\"ident\":\"p1: Kleavor\",\"details\":\"Kleavor, L78, F\",\"condition\":\"0 fnt\",\"active\":false,\"stats\":{\"atk\":256,\"def\":193,\"spa\":115,\"spd\":154,\"spe\":178},\"moves\":[\"xscissor\",\"stoneaxe\",\"defog\",\"closecombat\"],\"baseAbility\":\"sharpness\",\"item\":\"heavydutyboots\",\"pokeball\":\"pokeball\",\"ability\":\"sharpness\",\"commanding\":false,\"reviving\":false,\"teraType\":\"Rock\",\"terastallized\":\"\"},{\"ident\":\"p1: Infernape\",\"details\":\"Infernape, L82, M\",\"condition\":\"0 fnt\",\"active\":false,\"stats\":{\"atk\":218,\"def\":164,\"spa\":218,\"spd\":164,\"spe\":224},\"moves\":[\"closecombat\",\"swordsdance\",\"flareblitz\",\"knockoff\"],\"baseAbility\":\"blaze\",\"item\":\"lifeorb\",\"pokeball\":\"pokeball\",\"ability\":\"blaze\",\"commanding\":false,\"reviving\":false,\"teraType\":\"Dark\",\"terastallized\":\"\"}]},\"rqid\":48}\n|inactive|Time left: 300 sec this turn | 300 sec total\n|\n|t:|1783392485\n|move|p1a: Vigoroth|Body Slam|p2a: Araquanid\n|-damage|p2a: Araquanid|33/100\n|move|p2a: Araquanid|Leech Life|p1a: Vigoroth\n|-resisted|p1a: Vigoroth\n|-damage|p1a: Vigoroth|221/275\n|-heal|p2a: Araquanid|37/100|[from] drain|[of] p1a: Vigoroth\n|\n|upkeep\n|turn|17\n|request|{\"active\":[{\"moves\":[{\"move\":\"Knock Off\",\"id\":\"knockoff\",\"pp\":31,\"maxpp\":32,\"target\":\"normal\",\"disabled\":false},{\"move\":\"Slack Off\",\"id\":\"slackoff\",\"pp\":8,\"maxpp\":8,\"target\":\"self\",\"disabled\":false},{\"move\":\"Bulk Up\",\"id\":\"bulkup\",\"pp\":30,\"maxpp\":32,\"target\":\"self\",\"disabled\":false},{\"move\":\"Body Slam\",\"id\":\"bodyslam\",\"pp\":23,\"maxpp\":24,\"target\":\"normal\",\"disabled\":false}]}],\"side\":{\"name\":\"p0x096b1f7\",\"id\":\"p1\",\"pokemon\":[{\"ident\":\"p1: Vigoroth\",\"details\":\"Vigoroth, L85, M\",\"condition\":\"221/275\",\"active\":true,\"stats\":{\"atk\":185,\"def\":185,\"spa\":142,\"spd\":142,\"spe\":202},\"moves\":[\"knockoff\",\"slackoff\",\"bulkup\",\"bodyslam\"],\"baseAbility\":\"vitalspirit\",\"item\":\"\",\"pokeball\":\"pokeball\",\"ability\":\"vitalspirit\",\"commanding\":false,\"reviving\":false,\"teraType\":\"Ghost\",\"terastallized\":\"Ghost\"},{\"ident\":\"p1: Dodrio\",\"details\":\"Dodrio, L85, F\",\"condition\":\"241/241\",\"active\":false,\"stats\":{\"atk\":236,\"def\":168,\"spa\":151,\"spd\":151,\"spe\":236},\"moves\":[\"doubleedge\",\"bravebird\",\"drillrun\",\"quickattack\"],\"baseAbility\":\"earlybird\",\"item\":\"choiceband\",\"pokeball\":\"pokeball\",\"ability\":\"earlybird\",\"commanding\":false,\"reviving\":false,\"teraType\":\"Normal\",\"terastallized\":\"\"},{\"ident\":\"p1: Eelektross\",\"details\":\"Eelektross, L87, F\",\"condition\":\"0 fnt\",\"active\":false,\"stats\":{\"atk\":250,\"def\":189,\"spa\":232,\"spd\":189,\"spe\":137},\"moves\":[\"knockoff\",\"coil\",\"drainpunch\",\"supercellslam\"],\"baseAbility\":\"levitate\",\"item\":\"leftovers\",\"pokeball\":\"pokeball\",\"ability\":\"levitate\",\"commanding\":false,\"reviving\":false,\"teraType\":\"Fighting\",\"terastallized\":\"\"},{\"ident\":\"p1: Araquanid\",\"details\":\"Araquanid, L82, M\",\"condition\":\"246/246\",\"active\":false,\"stats\":{\"atk\":162,\"def\":198,\"spa\":129,\"spd\":264,\"spe\":116},\"moves\":[\"hydropump\",\"liquidation\",\"leechlife\",\"stickyweb\"],\"baseAbility\":\"waterbubble\",\"item\":\"heavydutyboots\",\"pokeball\":\"pokeball\",\"ability\":\"waterbubble\",\"commanding\":false,\"reviving\":false,\"teraType\":\"Steel\",\"terastallized\":\"\"},{\"ident\":\"p1: Kleavor\",\"details\":\"Kleavor, L78, F\",\"condition\":\"0 fnt\",\"active\":false,\"stats\":{\"atk\":256,\"def\":193,\"spa\":115,\"spd\":154,\"spe\":178},\"moves\":[\"xscissor\",\"stoneaxe\",\"defog\",\"closecombat\"],\"baseAbility\":\"sharpness\",\"item\":\"heavydutyboots\",\"pokeball\":\"pokeball\",\"ability\":\"sharpness\",\"commanding\":false,\"reviving\":false,\"teraType\":\"Rock\",\"terastallized\":\"\"},{\"ident\":\"p1: Infernape\",\"details\":\"Infernape, L82, M\",\"condition\":\"0 fnt\",\"active\":false,\"stats\":{\"atk\":218,\"def\":164,\"spa\":218,\"spd\":164,\"spe\":224},\"moves\":[\"closecombat\",\"swordsdance\",\"flareblitz\",\"knockoff\"],\"baseAbility\":\"blaze\",\"item\":\"lifeorb\",\"pokeball\":\"pokeball\",\"ability\":\"blaze\",\"commanding\":false,\"reviving\":false,\"teraType\":\"Dark\",\"terastallized\":\"\"}]},\"rqid\":50}\n|inactive|Time left: 300 sec this turn | 300 sec total\n|\n|t:|1783392485\n|move|p1a: Vigoroth|Knock Off|p2a: Araquanid\n|-crit|p2a: Araquanid\n|-damage|p2a: Araquanid|0 fnt\n|-enditem|p2a: Araquanid|Heavy-Duty Boots|[from] move: Knock Off|[of] p1a: Vigoroth\n|faint|p2a: Araquanid\n|\n|win|p0x096b1f7", "uploadtime": 1783392485, "views": 0, "rating": 0, "private": 0, "password": null, "_winner": "p0x096b1f7", "_our_name": "p0x096b1f7"}all\",\"ability\":\"supremeoverlord\",\"commanding\":false,\"reviving\":false,\"teraType\":\"Flying\",\"terastallized\":\"\"},{\"ident\":\"p2: Meloetta\",\"details\":\"Meloetta, L82\",\"condition\":\"0 fnt\",\"active\":false,\"stats\":{\"atk\":173,\"def\":173,\"spa\":257,\"spd\":257,\"spe\":195},\"moves\":[\"tripleaxel\",\"closecombat\",\"relicsong\",\"knockoff\"],\"baseAbility\":\"serenegrace\",\"item\":\"\",\"pokeball\":\"pokeball\",\"ability\":\"serenegrace\",\"commanding\":false,\"reviving\":false,\"teraType\":\"Fighting\",\"terastallized\":\"\"}]},\"rqid\":51}\n|inactive|Time left: 300 sec this turn | 300 sec total\n|\n|t:|1783392485\n|move|p1a: Vigoroth|Knock Off|p2a: Araquanid\n|-crit|p2a: Araquanid\n|-damage|p2a: Araquanid|0 fnt\n|-enditem|p2a: Araquanid|Heavy-Duty Boots|[from] move: Knock Off|[of] p1a: Vigoroth\n|faint|p2a: Araquanid\n|\n|win|p0x096b1f7", "uploadtime": 1783392485, "views": 0, "rating": 0, "private": 0, "password": null, "_winner": "p0x096b1f7", "_our_name": "p0y0963e20"}