{"id": "battle-gen9randombattle-244", "formatid": "gen9randombattle", "format": "[Gen 9] Random Battle", "players": ["p0x042185e", "p0y0429a4a"], "log": "|init|battle\n|title|p0x042185e vs. p0y0429a4a\n|j|\u2606p0x042185e\n|j|\u2606p0y0429a4a\n|t:|1783391563\n|gametype|singles\n|player|p1|p0x042185e|169|\n|player|p2|p0y0429a4a|102|\n|gen|9\n|tier|[Gen 9] Random Battle\n|rule|Species Clause: Limit one of each Pok\u00e9mon\n|rule|HP Percentage Mod: HP is shown in percentages\n|rule|Sleep Clause Mod: Limit one foe put to sleep\n|rule|Illusion Level Mod: Illusion disguises the Pok\u00e9mon's true level\n|\n|t:|1783391563\n|teamsize|p1|6\n|teamsize|p2|6\n|start\n|switch|p1a: Chi-Yu|Chi-Yu, L77|211/211\n|switch|p2a: Regigigas|Regigigas, L84|100/100\n|-start|p2a: Regigigas|ability: Slow Start\n|-ability|p1a: Chi-Yu|Beads of Ruin\n|turn|1\n|request|{\"active\":[{\"moves\":[{\"move\":\"Dark Pulse\",\"id\":\"darkpulse\",\"pp\":24,\"maxpp\":24,\"target\":\"any\",\"disabled\":false},{\"move\":\"Fire Blast\",\"id\":\"fireblast\",\"pp\":8,\"maxpp\":8,\"target\":\"normal\",\"disabled\":false},{\"move\":\"Will-O-Wisp\",\"id\":\"willowisp\",\"pp\":24,\"maxpp\":24,\"target\":\"normal\",\"disabled\":false},{\"move\":\"Nasty Plot\",\"id\":\"nastyplot\",\"pp\":32,\"maxpp\":32,\"target\":\"self\",\"disabled\":false}],\"canTerastallize\":\"Dark\"}],\"side\":{\"name\":\"p0x042185e\",\"id\":\"p1\",\"pokemon\":[{\"ident\":\"p1: Chi-Yu\",\"details\":\"Chi-Yu, L77\",\"condition\":\"211/211\",\"active\":true,\"stats\":{\"atk\":128,\"def\":168,\"spa\":252,\"spd\":229,\"spe\":199},\"moves\":[\"darkpulse\",\"fireblast\",\"willowisp\",\"nastyplot\"],\"baseAbility\":\"beadsofruin\",\"item\":\"heavydutyboots\",\"pokeball\":\"pokeball\",\"ability\":\"beadsofruin\",\"commanding\":false,\"reviving\":false,\"teraType\":\"Dark\",\"terastallized\":\"\"},{\"ident\":\"p1: Basculegion\",\"details\":\"Basculegion, L80, M\",\"condition\":\"323/323\",\"active\":false,\"stats\":{\"atk\":225,\"def\":150,\"spa\":174,\"spd\":166,\"spe\":171},\"moves\":[\"aquajet\",\"wavecrash\",\"shadowball\",\"flipturn\"],\"baseAbility\":\"adaptability\",\"item\":\"assaultvest\",\"pokeball\":\"pokeball\",\"ability\":\"adaptability\",\"commanding\":false,\"reviving\":false,\"teraType\":\"Water\",\"terastallized\":\"\"},{\"ident\":\"p1: Torkoal\",\"details\":\"Torkoal, L88, F\",\"condition\":\"266/266\",\"active\":false,\"stats\":{\"atk\":200,\"def\":297,\"spa\":200,\"spd\":173,\"spe\":85},\"moves\":[\"fireblast\",\"solarbeam\",\"rapidspin\",\"earthquake\"],\"baseAbility\":\"drought\",\"item\":\"heavydutyboots\",\"pokeball\":\"pokeball\",\"ability\":\"drought\",\"commanding\":false,\"reviving\":false,\"teraType\":\"Grass\",\"terastallized\":\"\"},{\"ident\":\"p1: Staraptor\",\"details\":\"Staraptor, L79, F\",\"condition\":\"263/263\",\"active\":false,\"stats\":{\"atk\":235,\"def\":156,\"spa\":125,\"spd\":140,\"spe\":204},\"moves\":[\"closecombat\",\"bravebird\",\"quickattack\",\"uturn\"],\"baseAbility\":\"reckless\",\"item\":\"choiceband\",\"pokeball\":\"pokeball\",\"ability\":\"reckless\",\"commanding\":false,\"reviving\":false,\"teraType\":\"Fighting\",\"terastallized\":\"\"},{\"ident\":\"p1: Luxray\",\"details\":\"Luxray, L88, M\",\"condition\":\"284/284\",\"active\":false,\"stats\":{\"atk\":261,\"def\":189,\"spa\":217,\"spd\":189,\"spe\":173},\"moves\":[\"playrough\",\"throatchop\",\"wildcharge\",\"voltswitch\"],\"baseAbility\":\"intimidate\",\"item\":\"assaultvest\",\"pokeball\":\"pokeball\",\"ability\":\"intimidate\",\"commanding\":false,\"reviving\":false,\"teraType\":\"Electric\",\"terastallized\":\"\"},{\"ident\":\"p1: Gurdurr\",\"details\":\"Gurdurr, L85, M\",\"condition\":\"283/283\",\"active\":false,\"stats\":{\"atk\":227,\"def\":193,\"spa\":117,\"spd\":134,\"spe\":117},\"moves\":[\"bulkup\",\"knockoff\",\"machpunch\",\"drainpunch\"],\"baseAbility\":\"guts\",\"item\":\"eviolite\",\"pokeball\":\"pokeball\",\"ability\":\"guts\",\"commanding\":false,\"reviving\":false,\"teraType\":\"Steel\",\"terastallized\":\"\"}]},\"rqid\":2}\n|inactive|Battle timer is ON: inactive players will automatically lose when time's up. (requested by p0y0429a4a)\n|inactive|Time left: 300 sec this turn | 300 sec total | 60 sec grace\n|html|<div class=\"message-error\">You must be registered to chat in temporary rooms (like battles).</div>You may register in the <button name=\"openOptions\"><i class=\"fa fa-cog\"></i> Options</button> menu.\n|inactive|p0x042185e also wants the timer to be on.\n|\n|t:|1783391564\n|switch|p2a: Politoed|Politoed, L88, M|100/100\n|-weather|RainDance|[from] ability: Drizzle|[of] p2a: Politoed\n|move|p1a: Chi-Yu|Nasty Plot|p1a: Chi-Yu\n|-boost|p1a: Chi-Yu|spa|2\n|\n|-weather|RainDance|[upkeep]\n|upkeep\n|turn|2\n|request|{\"active\":[{\"moves\":[{\"move\":\"Dark Pulse\",\"id\":\"darkpulse\",\"pp\":24,\"maxpp\":24,\"target\":\"any\",\"disabled\":false},{\"move\":\"Fire Blast\",\"id\":\"fireblast\",\"pp\":8,\"maxpp\":8,\"target\":\"normal\",\"disabled\":false},{\"move\":\"Will-O-Wisp\",\"id\":\"willowisp\",\"pp\":24,\"maxpp\":24,\"target\":\"normal\",\"disabled\":false},{\"move\":\"Nasty Plot\",\"id\":\"nastyplot\",\"pp\":31,\"maxpp\":32,\"target\":\"self\",\"disabled\":false}],\"canTerastallize\":\"Dark\"}],\"side\":{\"name\":\"p0x042185e\",\"id\":\"p1\",\"pokemon\":[{\"ident\":\"p1: Chi-Yu\",\"details\":\"Chi-Yu, L77\",\"condition\":\"211/211\",\"active\":true,\"stats\":{\"atk\":128,\"def\":168,\"spa\":252,\"spd\":229,\"spe\":199},\"moves\":[\"darkpulse\",\"fireblast\",\"willowisp\",\"nastyplot\"],\"baseAbility\":\"beadsofruin\",\"item\":\"heavydutyboots\",\"pokeball\":\"pokeball\",\"ability\":\"beadsofruin\",\"commanding\":false,\"reviving\":false,\"teraType\":\"Dark\",\"terastallized\":\"\"},{\"ident\":\"p1: Basculegion\",\"details\":\"Basculegion, L80, M\",\"condition\":\"323/323\",\"active\":false,\"stats\":{\"atk\":225,\"def\":150,\"spa\":174,\"spd\":166,\"spe\":171},\"moves\":[\"aquajet\",\"wavecrash\",\"shadowball\",\"flipturn\"],\"baseAbility\":\"adaptability\",\"item\":\"assaultvest\",\"pokeball\":\"pokeball\",\"ability\":\"adaptability\",\"commanding\":false,\"reviving\":false,\"teraType\":\"Water\",\"terastallized\":\"\"},{\"ident\":\"p1: Torkoal\",\"details\":\"Torkoal, L88, F\",\"condition\":\"266/266\",\"active\":false,\"stats\":{\"atk\":200,\"def\":297,\"spa\":200,\"spd\":173,\"spe\":85},\"moves\":[\"fireblast\",\"solarbeam\",\"rapidspin\",\"earthquake\"],\"baseAbility\":\"drought\",\"item\":\"heavydutyboots\",\"pokeball\":\"pokeball\",\"ability\":\"drought\",\"commanding\":false,\"reviving\":false,\"teraType\":\"Grass\",\"terastallized\":\"\"},{\"ident\":\"p1: Staraptor\",\"details\":\"Staraptor, L79, F\",\"condition\":\"263/263\",\"active\":false,\"stats\":{\"atk\":235,\"def\":156,\"spa\":125,\"spd\":140,\"spe\":204},\"moves\":[\"closecombat\",\"bravebird\",\"quickattack\",\"uturn\"],\"baseAbility\":\"reckless\",\"item\":\"choiceband\",\"pokeball\":\"pokeball\",\"ability\":\"reckless\",\"commanding\":false,\"reviving\":false,\"teraType\":\"Fighting\",\"terastallized\":\"\"},{\"ident\":\"p1: Luxray\",\"details\":\"Luxray, L88, M\",\"condition\":\"284/284\",\"active\":false,\"stats\":{\"atk\":261,\"def\":189,\"spa\":217,\"spd\":189,\"spe\":173},\"moves\":[\"playrough\",\"throatchop\",\"wildcharge\",\"voltswitch\"],\"baseAbility\":\"intimidate\",\"item\":\"assaultvest\",\"pokeball\":\"pokeball\",\"ability\":\"intimidate\",\"commanding\":false,\"reviving\":false,\"teraType\":\"Electric\",\"terastallized\":\"\"},{\"ident\":\"p1: Gurdurr\",\"details\":\"Gurdurr, L85, M\",\"condition\":\"283/283\",\"active\":false,\"stats\":{\"atk\":227,\"def\":193,\"spa\":117,\"spd\":134,\"spe\":117},\"moves\":[\"bulkup\",\"knockoff\",\"machpunch\",\"drainpunch\"],\"baseAbility\":\"guts\",\"item\":\"eviolite\",\"pokeball\":\"pokeball\",\"ability\":\"guts\",\"commanding\":false,\"reviving\":false,\"teraType\":\"Steel\",\"terastallized\":\"\"}]},\"rqid\":4}\n|inactive|Time left: 300 sec this turn | 300 sec total\n|\n|t:|1783391564\n|-terastallize|p1a: Chi-Yu|Dark\n|move|p1a: Chi-Yu|Dark Pulse|p2a: Politoed\n|-damage|p2a: Politoed|11/100\n|move|p2a: Politoed|Weather Ball|p1a: Chi-Yu\n|-damage|p1a: Chi-Yu|0 fnt\n|faint|p1a: Chi-Yu\n|\n|-weather|RainDance|[upkeep]\n|upkeep\n|request|{\"forceSwitch\":[true],\"side\":{\"name\":\"p0x042185e\",\"id\":\"p1\",\"pokemon\":[{\"ident\":\"p1: Chi-Yu\",\"details\":\"Chi-Yu, L77\",\"condition\":\"0 fnt\",\"active\":true,\"stats\":{\"atk\":128,\"def\":168,\"spa\":252,\"spd\":229,\"spe\":199},\"moves\":[\"darkpulse\",\"fireblast\",\"willowisp\",\"nastyplot\"],\"baseAbility\":\"beadsofruin\",\"item\":\"heavydutyboots\",\"pokeball\":\"pokeball\",\"ability\":\"beadsofruin\",\"commanding\":false,\"reviving\":false,\"teraType\":\"Dark\",\"terastallized\":\"\"},{\"ident\":\"p1: Basculegion\",\"details\":\"Basculegion, L80, M\",\"condition\":\"323/323\",\"active\":false,\"stats\":{\"atk\":225,\"def\":150,\"spa\":174,\"spd\":166,\"spe\":171},\"moves\":[\"aquajet\",\"wavecrash\",\"shadowball\",\"flipturn\"],\"baseAbility\":\"adaptability\",\"item\":\"assaultvest\",\"pokeball\":\"pokeball\",\"ability\":\"adaptability\",\"commanding\":false,\"reviving\":false,\"teraType\":\"Water\",\"terastallized\":\"\"},{\"ident\":\"p1: Torkoal\",\"details\":\"Torkoal, L88, F\",\"condition\":\"266/266\",\"active\":false,\"stats\":{\"atk\":200,\"def\":297,\"spa\":200,\"spd\":173,\"spe\":85},\"moves\":[\"fireblast\",\"solarbeam\",\"rapidspin\",\"earthquake\"],\"baseAbility\":\"drought\",\"item\":\"heavydutyboots\",\"pokeball\":\"pokeball\",\"ability\":\"drought\",\"commanding\":false,\"reviving\":false,\"teraType\":\"Grass\",\"terastallized\":\"\"},{\"ident\":\"p1: Staraptor\",\"details\":\"Staraptor, L79, F\",\"condition\":\"263/263\",\"active\":false,\"stats\":{\"atk\":235,\"def\":156,\"spa\":125,\"spd\":140,\"spe\":204},\"moves\":[\"closecombat\",\"bravebird\",\"quickattack\",\"uturn\"],\"baseAbility\":\"reckless\",\"item\":\"choiceband\",\"pokeball\":\"pokeball\",\"ability\":\"reckless\",\"commanding\":false,\"reviving\":false,\"teraType\":\"Fighting\",\"terastallized\":\"\"},{\"ident\":\"p1: Luxray\",\"details\":\"Luxray, L88, M\",\"condition\":\"284/284\",\"active\":false,\"stats\":{\"atk\":261,\"def\":189,\"spa\":217,\"spd\":189,\"spe\":173},\"moves\":[\"playrough\",\"throatchop\",\"wildcharge\",\"voltswitch\"],\"baseAbility\":\"intimidate\",\"item\":\"assaultvest\",\"pokeball\":\"pokeball\",\"ability\":\"intimidate\",\"commanding\":false,\"reviving\":false,\"teraType\":\"Electric\",\"terastallized\":\"\"},{\"ident\":\"p1: Gurdurr\",\"details\":\"Gurdurr, L85, M\",\"condition\":\"283/283\",\"active\":false,\"stats\":{\"atk\":227,\"def\":193,\"spa\":117,\"spd\":134,\"spe\":117},\"moves\":[\"bulkup\",\"knockoff\",\"machpunch\",\"drainpunch\"],\"baseAbility\":\"guts\",\"item\":\"eviolite\",\"pokeball\":\"pokeball\",\"ability\":\"guts\",\"commanding\":false,\"reviving\":false,\"teraType\":\"Steel\",\"terastallized\":\"\"}]},\"noCancel\":true,\"rqid\":6}\n|inactive|Time left: 300 sec this turn | 300 sec total | 5 sec grace\n|\n|t:|1783391564\n|switch|p1a: Staraptor|Staraptor, L79, F|263/263\n|turn|3\n|request|{\"active\":[{\"moves\":[{\"move\":\"Close Combat\",\"id\":\"closecombat\",\"pp\":8,\"maxpp\":8,\"target\":\"normal\",\"disabled\":false},{\"move\":\"Brave Bird\",\"id\":\"bravebird\",\"pp\":24,\"maxpp\":24,\"target\":\"any\",\"disabled\":false},{\"move\":\"Quick Attack\",\"id\":\"quickattack\",\"pp\":48,\"maxpp\":48,\"target\":\"normal\",\"disabled\":false},{\"move\":\"U-turn\",\"id\":\"uturn\",\"pp\":32,\"maxpp\":32,\"target\":\"normal\",\"disabled\":false}]}],\"side\":{\"name\":\"p0x042185e\",\"id\":\"p1\",\"pokemon\":[{\"ident\":\"p1: Staraptor\",\"details\":\"Staraptor, L79, F\",\"condition\":\"263/263\",\"active\":true,\"stats\":{\"atk\":235,\"def\":156,\"spa\":125,\"spd\":140,\"spe\":204},\"moves\":[\"closecombat\",\"bravebird\",\"quickattack\",\"uturn\"],\"baseAbility\":\"reckless\",\"item\":\"choiceband\",\"pokeball\":\"pokeball\",\"ability\":\"reckless\",\"commanding\":false,\"reviving\":false,\"teraType\":\"Fighting\",\"terastallized\":\"\"},{\"ident\":\"p1: Basculegion\",\"details\":\"Basculegion, L80, M\",\"condition\":\"323/323\",\"active\":false,\"stats\":{\"atk\":225,\"def\":150,\"spa\":174,\"spd\":166,\"spe\":171},\"moves\":[\"aquajet\",\"wavecrash\",\"shadowball\",\"flipturn\"],\"baseAbility\":\"adaptability\",\"item\":\"assaultvest\",\"pokeball\":\"pokeball\",\"ability\":\"adaptability\",\"commanding\":false,\"reviving\":false,\"teraType\":\"Water\",\"terastallized\":\"\"},{\"ident\":\"p1: Torkoal\",\"details\":\"Torkoal, L88, F\",\"condition\":\"266/266\",\"active\":false,\"stats\":{\"atk\":200,\"def\":297,\"spa\":200,\"spd\":173,\"spe\":85},\"moves\":[\"fireblast\",\"solarbeam\",\"rapidspin\",\"earthquake\"],\"baseAbility\":\"drought\",\"item\":\"heavydutyboots\",\"pokeball\":\"pokeball\",\"ability\":\"drought\",\"commanding\":false,\"reviving\":false,\"teraType\":\"Grass\",\"terastallized\":\"\"},{\"ident\":\"p1: Chi-Yu\",\"details\":\"Chi-Yu, L77\",\"condition\":\"0 fnt\",\"active\":false,\"stats\":{\"atk\":128,\"def\":168,\"spa\":252,\"spd\":229,\"spe\":199},\"moves\":[\"darkpulse\",\"fireblast\",\"willowisp\",\"nastyplot\"],\"baseAbility\":\"beadsofruin\",\"item\":\"heavydutyboots\",\"pokeball\":\"pokeball\",\"ability\":\"beadsofruin\",\"commanding\":false,\"reviving\":false,\"teraType\":\"Dark\",\"terastallized\":\"\"},{\"ident\":\"p1: Luxray\",\"details\":\"Luxray, L88, M\",\"condition\":\"284/284\",\"active\":false,\"stats\":{\"atk\":261,\"def\":189,\"spa\":217,\"spd\":189,\"spe\":173},\"moves\":[\"playrough\",\"throatchop\",\"wildcharge\",\"voltswitch\"],\"baseAbility\":\"intimidate\",\"item\":\"assaultvest\",\"pokeball\":\"pokeball\",\"ability\":\"intimidate\",\"commanding\":false,\"reviving\":false,\"teraType\":\"Electric\",\"terastallized\":\"\"},{\"ident\":\"p1: Gurdurr\",\"details\":\"Gurdurr, L85, M\",\"condition\":\"283/283\",\"active\":false,\"stats\":{\"atk\":227,\"def\":193,\"spa\":117,\"spd\":134,\"spe\":117},\"moves\":[\"bulkup\",\"knockoff\",\"machpunch\",\"drainpunch\"],\"baseAbility\":\"guts\",\"item\":\"eviolite\",\"pokeball\":\"pokeball\",\"ability\":\"guts\",\"commanding\":false,\"reviving\":false,\"teraType\":\"Steel\",\"terastallized\":\"\"}]},\"rqid\":8}\n|inactive|Time left: 300 sec this turn | 300 sec total\n|\n|t:|1783391564\n|switch|p2a: Magcargo|Magcargo, L95, F|100/100\n|move|p1a: Staraptor|Brave Bird|p2a: Magcargo\n|-resisted|p2a: Magcargo\n|-damage|p2a: Magcargo|67/100\n|-ability|p2a: Magcargo|Weak Armor|boost\n|-unboost|p2a: Magcargo|def|1\n|-boost|p2a: Magcargo|spe|2\n|-damage|p1a: Staraptor|233/263|[from] Recoil\n|\n|-weather|RainDance|[upkeep]\n|upkeep\n|turn|4\n|request|{\"active\":[{\"moves\":[{\"move\":\"Close Combat\",\"id\":\"closecombat\",\"pp\":8,\"maxpp\":8,\"target\":\"normal\",\"disabled\":true},{\"move\":\"Brave Bird\",\"id\":\"bravebird\",\"pp\":23,\"maxpp\":24,\"target\":\"any\",\"disabled\":false},{\"move\":\"Quick Attack\",\"id\":\"quickattack\",\"pp\":48,\"maxpp\":48,\"target\":\"normal\",\"disabled\":true},{\"move\":\"U-turn\",\"id\":\"uturn\",\"pp\":32,\"maxpp\":32,\"target\":\"normal\",\"disabled\":true}]}],\"side\":{\"name\":\"p0x042185e\",\"id\":\"p1\",\"pokemon\":[{\"ident\":\"p1: Staraptor\",\"details\":\"Staraptor, L79, F\",\"condition\":\"233/263\",\"active\":true,\"stats\":{\"atk\":235,\"def\":156,\"spa\":125,\"spd\":140,\"spe\":204},\"moves\":[\"closecombat\",\"bravebird\",\"quickattack\",\"uturn\"],\"baseAbility\":\"reckless\",\"item\":\"choiceband\",\"pokeball\":\"pokeball\",\"ability\":\"reckless\",\"commanding\":false,\"reviving\":false,\"teraType\":\"Fighting\",\"terastallized\":\"\"},{\"ident\":\"p1: Basculegion\",\"details\":\"Basculegion, L80, M\",\"condition\":\"323/323\",\"active\":false,\"stats\":{\"atk\":225,\"def\":150,\"spa\":174,\"spd\":166,\"spe\":171},\"moves\":[\"aquajet\",\"wavecrash\",\"shadowball\",\"flipturn\"],\"baseAbility\":\"adaptability\",\"item\":\"assaultvest\",\"pokeball\":\"pokeball\",\"ability\":\"adaptability\",\"commanding\":false,\"reviving\":false,\"teraType\":\"Water\",\"terastallized\":\"\"},{\"ident\":\"p1: Torkoal\",\"details\":\"Torkoal, L88, F\",\"condition\":\"266/266\",\"active\":false,\"stats\":{\"atk\":200,\"def\":297,\"spa\":200,\"spd\":173,\"spe\":85},\"moves\":[\"fireblast\",\"solarbeam\",\"rapidspin\",\"earthquake\"],\"baseAbility\":\"drought\",\"item\":\"heavydutyboots\",\"pokeball\":\"pokeball\",\"ability\":\"drought\",\"commanding\":false,\"reviving\":false,\"teraType\":\"Grass\",\"terastallized\":\"\"},{\"ident\":\"p1: Chi-Yu\",\"details\":\"Chi-Yu, L77\",\"condition\":\"0 fnt\",\"active\":false,\"stats\":{\"atk\":128,\"def\":168,\"spa\":252,\"spd\":229,\"spe\":199},\"moves\":[\"darkpulse\",\"fireblast\",\"willowisp\",\"nastyplot\"],\"baseAbility\":\"beadsofruin\",\"item\":\"heavydutyboots\",\"pokeball\":\"pokeball\",\"ability\":\"beadsofruin\",\"commanding\":false,\"reviving\":false,\"teraType\":\"Dark\",\"terastallized\":\"\"},{\"ident\":\"p1: Luxray\",\"details\":\"Luxray, L88, M\",\"condition\":\"284/284\",\"active\":false,\"stats\":{\"atk\":261,\"def\":189,\"spa\":217,\"spd\":189,\"spe\":173},\"moves\":[\"playrough\",\"throatchop\",\"wildcharge\",\"voltswitch\"],\"baseAbility\":\"intimidate\",\"item\":\"assaultvest\",\"pokeball\":\"pokeball\",\"ability\":\"intimidate\",\"commanding\":false,\"reviving\":false,\"teraType\":\"Electric\",\"terastallized\":\"\"},{\"ident\":\"p1: Gurdurr\",\"details\":\"Gurdurr, L85, M\",\"condition\":\"283/283\",\"active\":false,\"stats\":{\"atk\":227,\"def\":193,\"spa\":117,\"spd\":134,\"spe\":117},\"moves\":[\"bulkup\",\"knockoff\",\"machpunch\",\"drainpunch\"],\"baseAbility\":\"guts\",\"item\":\"eviolite\",\"pokeball\":\"pokeball\",\"ability\":\"guts\",\"commanding\":false,\"reviving\":false,\"teraType\":\"Steel\",\"terastallized\":\"\"}]},\"rqid\":10}\n|inactive|Time left: 300 sec this turn | 300 sec total\n|\n|t:|1783391565\n|switch|p1a: Basculegion|Basculegion, L80, M|323/323\n|move|p2a: Magcargo|Power Gem|p1a: Basculegion\n|-damage|p1a: Basculegion|236/323\n|\n|-weather|RainDance|[upkeep]\n|upkeep\n|turn|5\n|request|{\"active\":[{\"moves\":[{\"move\":\"Aqua Jet\",\"id\":\"aquajet\",\"pp\":32,\"maxpp\":32,\"target\":\"normal\",\"disabled\":false},{\"move\":\"Wave Crash\",\"id\":\"wavecrash\",\"pp\":16,\"maxpp\":16,\"target\":\"normal\",\"disabled\":false},{\"move\":\"Shadow Ball\",\"id\":\"shadowball\",\"pp\":24,\"maxpp\":24,\"target\":\"normal\",\"disabled\":false},{\"move\":\"Flip Turn\",\"id\":\"flipturn\",\"pp\":32,\"maxpp\":32,\"target\":\"normal\",\"disabled\":false}]}],\"side\":{\"name\":\"p0x042185e\",\"id\":\"p1\",\"pokemon\":[{\"ident\":\"p1: Basculegion\",\"details\":\"Basculegion, L80, M\",\"condition\":\"236/323\",\"active\":true,\"stats\":{\"atk\":225,\"def\":150,\"spa\":174,\"spd\":166,\"spe\":171},\"moves\":[\"aquajet\",\"wavecrash\",\"shadowball\",\"flipturn\"],\"baseAbility\":\"adaptability\",\"item\":\"assaultvest\",\"pokeball\":\"pokeball\",\"ability\":\"adaptability\",\"commanding\":false,\"reviving\":false,\"teraType\":\"Water\",\"terastallized\":\"\"},{\"ident\":\"p1: Staraptor\",\"details\":\"Staraptor, L79, F\",\"condition\":\"233/263\",\"active\":false,\"stats\":{\"atk\":235,\"def\":156,\"spa\":125,\"spd\":140,\"spe\":204},\"moves\":[\"closecombat\",\"bravebird\",\"quickattack\",\"uturn\"],\"baseAbility\":\"reckless\",\"item\":\"choiceband\",\"pokeball\":\"pokeball\",\"ability\":\"reckless\",\"commanding\":false,\"reviving\":false,\"teraType\":\"Fighting\",\"terastallized\":\"\"},{\"ident\":\"p1: Torkoal\",\"details\":\"Torkoal, L88, F\",\"condition\":\"266/266\",\"active\":false,\"stats\":{\"atk\":200,\"def\":297,\"spa\":200,\"spd\":173,\"spe\":85},\"moves\":[\"fireblast\",\"solarbeam\",\"rapidspin\",\"earthquake\"],\"baseAbility\":\"drought\",\"item\":\"heavydutyboots\",\"pokeball\":\"pokeball\",\"ability\":\"drought\",\"commanding\":false,\"reviving\":false,\"teraType\":\"Grass\",\"terastallized\":\"\"},{\"ident\":\"p1: Chi-Yu\",\"details\":\"Chi-Yu, L77\",\"condition\":\"0 fnt\",\"active\":false,\"stats\":{\"atk\":128,\"def\":168,\"spa\":252,\"spd\":229,\"spe\":199},\"moves\":[\"darkpulse\",\"fireblast\",\"willowisp\",\"nastyplot\"],\"baseAbility\":\"beadsofruin\",\"item\":\"heavydutyboots\",\"pokeball\":\"pokeball\",\"ability\":\"beadsofruin\",\"commanding\":false,\"reviving\":false,\"teraType\":\"Dark\",\"terastallized\":\"\"},{\"ident\":\"p1: Luxray\",\"details\":\"Luxray, L88, M\",\"condition\":\"284/284\",\"active\":false,\"stats\":{\"atk\":261,\"def\":189,\"spa\":217,\"spd\":189,\"spe\":173},\"moves\":[\"playrough\",\"throatchop\",\"wildcharge\",\"voltswitch\"],\"baseAbility\":\"intimidate\",\"item\":\"assaultvest\",\"pokeball\":\"pokeball\",\"ability\":\"intimidate\",\"commanding\":false,\"reviving\":false,\"teraType\":\"Electric\",\"terastallized\":\"\"},{\"ident\":\"p1: Gurdurr\",\"details\":\"Gurdurr, L85, M\",\"condition\":\"283/283\",\"active\":false,\"stats\":{\"atk\":227,\"def\":193,\"spa\":117,\"spd\":134,\"spe\":117},\"moves\":[\"bulkup\",\"knockoff\",\"machpunch\",\"drainpunch\"],\"baseAbility\":\"guts\",\"item\":\"eviolite\",\"pokeball\":\"pokeball\",\"ability\":\"guts\",\"commanding\":false,\"reviving\":false,\"teraType\":\"Steel\",\"terastallized\":\"\"}]},\"rqid\":12}\n|inactive|Time left: 300 sec this turn | 300 sec total\n|\n|t:|1783391565\n|switch|p2a: Politoed|Politoed, L88, M|11/100\n|move|p1a: Basculegion|Wave Crash|p2a: Politoed\n|-resisted|p2a: Politoed\n|-damage|p2a: Politoed|0 fnt\n|faint|p2a: Politoed\n|-damage|p1a: Basculegion|225/323|[from] Recoil\n|\n|-weather|none\n|upkeep\n|request|{\"wait\":true,\"side\":{\"name\":\"p0x042185e\",\"id\":\"p1\",\"pokemon\":[{\"ident\":\"p1: Basculegion\",\"details\":\"Basculegion, L80, M\",\"condition\":\"225/323\",\"active\":true,\"stats\":{\"atk\":225,\"def\":150,\"spa\":174,\"spd\":166,\"spe\":171},\"moves\":[\"aquajet\",\"wavecrash\",\"shadowball\",\"flipturn\"],\"baseAbility\":\"adaptability\",\"item\":\"assaultvest\",\"pokeball\":\"pokeball\",\"ability\":\"adaptability\",\"commanding\":false,\"reviving\":false,\"teraType\":\"Water\",\"terastallized\":\"\"},{\"ident\":\"p1: Staraptor\",\"details\":\"Staraptor, L79, F\",\"condition\":\"233/263\",\"active\":false,\"stats\":{\"atk\":235,\"def\":156,\"spa\":125,\"spd\":140,\"spe\":204},\"moves\":[\"closecombat\",\"bravebird\",\"quickattack\",\"uturn\"],\"baseAbility\":\"reckless\",\"item\":\"choiceband\",\"pokeball\":\"pokeball\",\"ability\":\"reckless\",\"commanding\":false,\"reviving\":false,\"teraType\":\"Fighting\",\"terastallized\":\"\"},{\"ident\":\"p1: Torkoal\",\"details\":\"Torkoal, L88, F\",\"condition\":\"266/266\",\"active\":false,\"stats\":{\"atk\":200,\"def\":297,\"spa\":200,\"spd\":173,\"spe\":85},\"moves\":[\"fireblast\",\"solarbeam\",\"rapidspin\",\"earthquake\"],\"baseAbility\":\"drought\",\"item\":\"heavydutyboots\",\"pokeball\":\"pokeball\",\"ability\":\"drought\",\"commanding\":false,\"reviving\":false,\"teraType\":\"Grass\",\"terastallized\":\"\"},{\"ident\":\"p1: Chi-Yu\",\"details\":\"Chi-Yu, L77\",\"condition\":\"0 fnt\",\"active\":false,\"stats\":{\"atk\":128,\"def\":168,\"spa\":252,\"spd\":229,\"spe\":199},\"moves\":[\"darkpulse\",\"fireblast\",\"willowisp\",\"nastyplot\"],\"baseAbility\":\"beadsofruin\",\"item\":\"heavydutyboots\",\"pokeball\":\"pokeball\",\"ability\":\"beadsofruin\",\"commanding\":false,\"reviving\":false,\"teraType\":\"Dark\",\"terastallized\":\"\"},{\"ident\":\"p1: Luxray\",\"details\":\"Luxray, L88, M\",\"condition\":\"284/284\",\"active\":false,\"stats\":{\"atk\":261,\"def\":189,\"spa\":217,\"spd\":189,\"spe\":173},\"moves\":[\"playrough\",\"throatchop\",\"wildcharge\",\"voltswitch\"],\"baseAbility\":\"intimidate\",\"item\":\"assaultvest\",\"pokeball\":\"pokeball\",\"ability\":\"intimidate\",\"commanding\":false,\"reviving\":false,\"teraType\":\"Electric\",\"terastallized\":\"\"},{\"ident\":\"p1: Gurdurr\",\"details\":\"Gurdurr, L85, M\",\"condition\":\"283/283\",\"active\":false,\"stats\":{\"atk\":227,\"def\":193,\"spa\":117,\"spd\":134,\"spe\":117},\"moves\":[\"bulkup\",\"knockoff\",\"machpunch\",\"drainpunch\"],\"baseAbility\":\"guts\",\"item\":\"eviolite\",\"pokeball\":\"pokeball\",\"ability\":\"guts\",\"commanding\":false,\"reviving\":false,\"teraType\":\"Steel\",\"terastallized\":\"\"}]},\"rqid\":14}\n|\n|t:|1783391565\n|switch|p2a: Infernape|Infernape, L82, M|100/100\n|turn|6\n|request|{\"active\":[{\"moves\":[{\"move\":\"Aqua Jet\",\"id\":\"aquajet\",\"pp\":32,\"maxpp\":32,\"target\":\"normal\",\"disabled\":false},{\"move\":\"Wave Crash\",\"id\":\"wavecrash\",\"pp\":15,\"maxpp\":16,\"target\":\"normal\",\"disabled\":false},{\"move\":\"Shadow Ball\",\"id\":\"shadowball\",\"pp\":24,\"maxpp\":24,\"target\":\"normal\",\"disabled\":false},{\"move\":\"Flip Turn\",\"id\":\"flipturn\",\"pp\":32,\"maxpp\":32,\"target\":\"normal\",\"disabled\":false}]}],\"side\":{\"name\":\"p0x042185e\",\"id\":\"p1\",\"pokemon\":[{\"ident\":\"p1: Basculegion\",\"details\":\"Basculegion, L80, M\",\"condition\":\"225/323\",\"active\":true,\"stats\":{\"atk\":225,\"def\":150,\"spa\":174,\"spd\":166,\"spe\":171},\"moves\":[\"aquajet\",\"wavecrash\",\"shadowball\",\"flipturn\"],\"baseAbility\":\"adaptability\",\"item\":\"assaultvest\",\"pokeball\":\"pokeball\",\"ability\":\"adaptability\",\"commanding\":false,\"reviving\":false,\"teraType\":\"Water\",\"terastallized\":\"\"},{\"ident\":\"p1: Staraptor\",\"details\":\"Staraptor, L79, F\",\"condition\":\"233/263\",\"active\":false,\"stats\":{\"atk\":235,\"def\":156,\"spa\":125,\"spd\":140,\"spe\":204},\"moves\":[\"closecombat\",\"bravebird\",\"quickattack\",\"uturn\"],\"baseAbility\":\"reckless\",\"item\":\"choiceband\",\"pokeball\":\"pokeball\",\"ability\":\"reckless\",\"commanding\":false,\"reviving\":false,\"teraType\":\"Fighting\",\"terastallized\":\"\"},{\"ident\":\"p1: Torkoal\",\"details\":\"Torkoal, L88, F\",\"condition\":\"266/266\",\"active\":false,\"stats\":{\"atk\":200,\"def\":297,\"spa\":200,\"spd\":173,\"spe\":85},\"moves\":[\"fireblast\",\"solarbeam\",\"rapidspin\",\"earthquake\"],\"baseAbility\":\"drought\",\"item\":\"heavydutyboots\",\"pokeball\":\"pokeball\",\"ability\":\"drought\",\"commanding\":false,\"reviving\":false,\"teraType\":\"Grass\",\"terastallized\":\"\"},{\"ident\":\"p1: Chi-Yu\",\"details\":\"Chi-Yu, L77\",\"condition\":\"0 fnt\",\"active\":false,\"stats\":{\"atk\":128,\"def\":168,\"spa\":252,\"spd\":229,\"spe\":199},\"moves\":[\"darkpulse\",\"fireblast\",\"willowisp\",\"nastyplot\"],\"baseAbility\":\"beadsofruin\",\"item\":\"heavydutyboots\",\"pokeball\":\"pokeball\",\"ability\":\"beadsofruin\",\"commanding\":false,\"reviving\":false,\"teraType\":\"Dark\",\"terastallized\":\"\"},{\"ident\":\"p1: Luxray\",\"details\":\"Luxray, L88, M\",\"condition\":\"284/284\",\"active\":false,\"stats\":{\"atk\":261,\"def\":189,\"spa\":217,\"spd\":189,\"spe\":173},\"moves\":[\"playrough\",\"throatchop\",\"wildcharge\",\"voltswitch\"],\"baseAbility\":\"intimidate\",\"item\":\"assaultvest\",\"pokeball\":\"pokeball\",\"ability\":\"intimidate\",\"commanding\":false,\"reviving\":false,\"teraType\":\"Electric\",\"terastallized\":\"\"},{\"ident\":\"p1: Gurdurr\",\"details\":\"Gurdurr, L85, M\",\"condition\":\"283/283\",\"active\":false,\"stats\":{\"atk\":227,\"def\":193,\"spa\":117,\"spd\":134,\"spe\":117},\"moves\":[\"bulkup\",\"knockoff\",\"machpunch\",\"drainpunch\"],\"baseAbility\":\"guts\",\"item\":\"eviolite\",\"pokeball\":\"pokeball\",\"ability\":\"guts\",\"commanding\":false,\"reviving\":false,\"teraType\":\"Steel\",\"terastallized\":\"\"}]},\"rqid\":16}\n|inactive|Time left: 300 sec this turn | 300 sec total\n|\n|t:|1783391565\n|move|p2a: Infernape|Knock Off|p1a: Basculegion\n|-supereffective|p1a: Basculegion\n|-damage|p1a: Basculegion|0 fnt\n|-enditem|p1a: Basculegion|Assault Vest|[from] move: Knock Off|[of] p2a: Infernape\n|faint|p1a: Basculegion\n|\n|upkeep\n|request|{\"forceSwitch\":[true],\"side\":{\"name\":\"p0x042185e\",\"id\":\"p1\",\"pokemon\":[{\"ident\":\"p1: Basculegion\",\"details\":\"Basculegion, L80, M\",\"condition\":\"0 fnt\",\"active\":true,\"stats\":{\"atk\":225,\"def\":150,\"spa\":174,\"spd\":166,\"spe\":171},\"moves\":[\"aquajet\",\"wavecrash\",\"shadowball\",\"flipturn\"],\"baseAbility\":\"adaptability\",\"item\":\"\",\"pokeball\":\"pokeball\",\"ability\":\"adaptability\",\"commanding\":false,\"reviving\":false,\"teraType\":\"Water\",\"terastallized\":\"\"},{\"ident\":\"p1: Staraptor\",\"details\":\"Staraptor, L79, F\",\"condition\":\"233/263\",\"active\":false,\"stats\":{\"atk\":235,\"def\":156,\"spa\":125,\"spd\":140,\"spe\":204},\"moves\":[\"closecombat\",\"bravebird\",\"quickattack\",\"uturn\"],\"baseAbility\":\"reckless\",\"item\":\"choiceband\",\"pokeball\":\"pokeball\",\"ability\":\"reckless\",\"commanding\":false,\"reviving\":false,\"teraType\":\"Fighting\",\"terastallized\":\"\"},{\"ident\":\"p1: Torkoal\",\"details\":\"Torkoal, L88, F\",\"condition\":\"266/266\",\"active\":false,\"stats\":{\"atk\":200,\"def\":297,\"spa\":200,\"spd\":173,\"spe\":85},\"moves\":[\"fireblast\",\"solarbeam\",\"rapidspin\",\"earthquake\"],\"baseAbility\":\"drought\",\"item\":\"heavydutyboots\",\"pokeball\":\"pokeball\",\"ability\":\"drought\",\"commanding\":false,\"reviving\":false,\"teraType\":\"Grass\",\"terastallized\":\"\"},{\"ident\":\"p1: Chi-Yu\",\"details\":\"Chi-Yu, L77\",\"condition\":\"0 fnt\",\"active\":false,\"stats\":{\"atk\":128,\"def\":168,\"spa\":252,\"spd\":229,\"spe\":199},\"moves\":[\"darkpulse\",\"fireblast\",\"willowisp\",\"nastyplot\"],\"baseAbility\":\"beadsofruin\",\"item\":\"heavydutyboots\",\"pokeball\":\"pokeball\",\"ability\":\"beadsofruin\",\"commanding\":false,\"reviving\":false,\"teraType\":\"Dark\",\"terastallized\":\"\"},{\"ident\":\"p1: Luxray\",\"details\":\"Luxray, L88, M\",\"condition\":\"284/284\",\"active\":false,\"stats\":{\"atk\":261,\"def\":189,\"spa\":217,\"spd\":189,\"spe\":173},\"moves\":[\"playrough\",\"throatchop\",\"wildcharge\",\"voltswitch\"],\"baseAbility\":\"intimidate\",\"item\":\"assaultvest\",\"pokeball\":\"pokeball\",\"ability\":\"intimidate\",\"commanding\":false,\"reviving\":false,\"teraType\":\"Electric\",\"terastallized\":\"\"},{\"ident\":\"p1: Gurdurr\",\"details\":\"Gurdurr, L85, M\",\"condition\":\"283/283\",\"active\":false,\"stats\":{\"atk\":227,\"def\":193,\"spa\":117,\"spd\":134,\"spe\":117},\"moves\":[\"bulkup\",\"knockoff\",\"machpunch\",\"drainpunch\"],\"baseAbility\":\"guts\",\"item\":\"eviolite\",\"pokeball\":\"pokeball\",\"ability\":\"guts\",\"commanding\":false,\"reviving\":false,\"teraType\":\"Steel\",\"terastallized\":\"\"}]},\"noCancel\":true,\"rqid\":18}\n|inactive|Time left: 300 sec this turn | 300 sec total | 5 sec grace\n|\n|t:|1783391565\n|switch|p1a: Gurdurr|Gurdurr, L85, M|283/283\n|turn|7\n|request|{\"active\":[{\"moves\":[{\"move\":\"Bulk Up\",\"id\":\"bulkup\",\"pp\":32,\"maxpp\":32,\"target\":\"self\",\"disabled\":false},{\"move\":\"Knock Off\",\"id\":\"knockoff\",\"pp\":32,\"maxpp\":32,\"target\":\"normal\",\"disabled\":false},{\"move\":\"Mach Punch\",\"id\":\"machpunch\",\"pp\":48,\"maxpp\":48,\"target\":\"normal\",\"disabled\":false},{\"move\":\"Drain Punch\",\"id\":\"drainpunch\",\"pp\":16,\"maxpp\":16,\"target\":\"normal\",\"disabled\":false}]}],\"side\":{\"name\":\"p0x042185e\",\"id\":\"p1\",\"pokemon\":[{\"ident\":\"p1: Gurdurr\",\"details\":\"Gurdurr, L85, M\",\"condition\":\"283/283\",\"active\":true,\"stats\":{\"atk\":227,\"def\":193,\"spa\":117,\"spd\":134,\"spe\":117},\"moves\":[\"bulkup\",\"knockoff\",\"machpunch\",\"drainpunch\"],\"baseAbility\":\"guts\",\"item\":\"eviolite\",\"pokeball\":\"pokeball\",\"ability\":\"guts\",\"commanding\":false,\"reviving\":false,\"teraType\":\"Steel\",\"terastallized\":\"\"},{\"ident\":\"p1: Staraptor\",\"details\":\"Staraptor, L79, F\",\"condition\":\"233/263\",\"active\":false,\"stats\":{\"atk\":235,\"def\":156,\"spa\":125,\"spd\":140,\"spe\":204},\"moves\":[\"closecombat\",\"bravebird\",\"quickattack\",\"uturn\"],\"baseAbility\":\"reckless\",\"item\":\"choiceband\",\"pokeball\":\"pokeball\",\"ability\":\"reckless\",\"commanding\":false,\"reviving\":false,\"teraType\":\"Fighting\",\"terastallized\":\"\"},{\"ident\":\"p1: Torkoal\",\"details\":\"Torkoal, L88, F\",\"condition\":\"266/266\",\"active\":false,\"stats\":{\"atk\":200,\"def\":297,\"spa\":200,\"spd\":173,\"spe\":85},\"moves\":[\"fireblast\",\"solarbeam\",\"rapidspin\",\"earthquake\"],\"baseAbility\":\"drought\",\"item\":\"heavydutyboots\",\"pokeball\":\"pokeball\",\"ability\":\"drought\",\"commanding\":false,\"reviving\":false,\"teraType\":\"Grass\",\"terastallized\":\"\"},{\"ident\":\"p1: Chi-Yu\",\"details\":\"Chi-Yu, L77\",\"condition\":\"0 fnt\",\"active\":false,\"stats\":{\"atk\":128,\"def\":168,\"spa\":252,\"spd\":229,\"spe\":199},\"moves\":[\"darkpulse\",\"fireblast\",\"willowisp\",\"nastyplot\"],\"baseAbility\":\"beadsofruin\",\"item\":\"heavydutyboots\",\"pokeball\":\"pokeball\",\"ability\":\"beadsofruin\",\"commanding\":false,\"reviving\":false,\"teraType\":\"Dark\",\"terastallized\":\"\"},{\"ident\":\"p1: Luxray\",\"details\":\"Luxray, L88, M\",\"condition\":\"284/284\",\"active\":false,\"stats\":{\"atk\":261,\"def\":189,\"spa\":217,\"spd\":189,\"spe\":173},\"moves\":[\"playrough\",\"throatchop\",\"wildcharge\",\"voltswitch\"],\"baseAbility\":\"intimidate\",\"item\":\"assaultvest\",\"pokeball\":\"pokeball\",\"ability\":\"intimidate\",\"commanding\":false,\"reviving\":false,\"teraType\":\"Electric\",\"terastallized\":\"\"},{\"ident\":\"p1: Basculegion\",\"details\":\"Basculegion, L80, M\",\"condition\":\"0 fnt\",\"active\":false,\"stats\":{\"atk\":225,\"def\":150,\"spa\":174,\"spd\":166,\"spe\":171},\"moves\":[\"aquajet\",\"wavecrash\",\"shadowball\",\"flipturn\"],\"baseAbility\":\"adaptability\",\"item\":\"\",\"pokeball\":\"pokeball\",\"ability\":\"adaptability\",\"commanding\":false,\"reviving\":false,\"teraType\":\"Water\",\"terastallized\":\"\"}]},\"rqid\":20}\n|inactive|Time left: 300 sec this turn | 300 sec total\n|\n|t:|1783391566\n|move|p2a: Infernape|Knock Off|p1a: Gurdurr\n|-resisted|p1a: Gurdurr\n|-damage|p1a: Gurdurr|246/283\n|-enditem|p1a: Gurdurr|Eviolite|[from] move: Knock Off|[of] p2a: Infernape\n|move|p1a: Gurdurr|Bulk Up|p1a: Gurdurr\n|-boost|p1a: Gurdurr|atk|1\n|-boost|p1a: Gurdurr|def|1\n|\n|upkeep\n|turn|8\n|request|{\"active\":[{\"moves\":[{\"move\":\"Bulk Up\",\"id\":\"bulkup\",\"pp\":31,\"maxpp\":32,\"target\":\"self\",\"disabled\":false},{\"move\":\"Knock Off\",\"id\":\"knockoff\",\"pp\":32,\"maxpp\":32,\"target\":\"normal\",\"disabled\":false},{\"move\":\"Mach Punch\",\"id\":\"machpunch\",\"pp\":48,\"maxpp\":48,\"target\":\"normal\",\"disabled\":false},{\"move\":\"Drain Punch\",\"id\":\"drainpunch\",\"pp\":16,\"maxpp\":16,\"target\":\"normal\",\"disabled\":false}]}],\"side\":{\"name\":\"p0x042185e\",\"id\":\"p1\",\"pokemon\":[{\"ident\":\"p1: Gurdurr\",\"details\":\"Gurdurr, L85, M\",\"condition\":\"246/283\",\"active\":true,\"stats\":{\"atk\":227,\"def\":193,\"spa\":117,\"spd\":134,\"spe\":117},\"moves\":[\"bulkup\",\"knockoff\",\"machpunch\",\"drainpunch\"],\"baseAbility\":\"guts\",\"item\":\"\",\"pokeball\":\"pokeball\",\"ability\":\"guts\",\"commanding\":false,\"reviving\":false,\"teraType\":\"Steel\",\"terastallized\":\"\"},{\"ident\":\"p1: Staraptor\",\"details\":\"Staraptor, L79, F\",\"condition\":\"233/263\",\"active\":false,\"stats\":{\"atk\":235,\"def\":156,\"spa\":125,\"spd\":140,\"spe\":204},\"moves\":[\"closecombat\",\"bravebird\",\"quickattack\",\"uturn\"],\"baseAbility\":\"reckless\",\"item\":\"choiceband\",\"pokeball\":\"pokeball\",\"ability\":\"reckless\",\"commanding\":false,\"reviving\":false,\"teraType\":\"Fighting\",\"terastallized\":\"\"},{\"ident\":\"p1: Torkoal\",\"details\":\"Torkoal, L88, F\",\"condition\":\"266/266\",\"active\":false,\"stats\":{\"atk\":200,\"def\":297,\"spa\":200,\"spd\":173,\"spe\":85},\"moves\":[\"fireblast\",\"solarbeam\",\"rapidspin\",\"earthquake\"],\"baseAbility\":\"drought\",\"item\":\"heavydutyboots\",\"pokeball\":\"pokeball\",\"ability\":\"drought\",\"commanding\":false,\"reviving\":false,\"teraType\":\"Grass\",\"terastallized\":\"\"},{\"ident\":\"p1: Chi-Yu\",\"details\":\"Chi-Yu, L77\",\"condition\":\"0 fnt\",\"active\":false,\"stats\":{\"atk\":128,\"def\":168,\"spa\":252,\"spd\":229,\"spe\":199},\"moves\":[\"darkpulse\",\"fireblast\",\"willowisp\",\"nastyplot\"],\"baseAbility\":\"beadsofruin\",\"item\":\"heavydutyboots\",\"pokeball\":\"pokeball\",\"ability\":\"beadsofruin\",\"commanding\":false,\"reviving\":false,\"teraType\":\"Dark\",\"terastallized\":\"\"},{\"ident\":\"p1: Luxray\",\"details\":\"Luxray, L88, M\",\"condition\":\"284/284\",\"active\":false,\"stats\":{\"atk\":261,\"def\":189,\"spa\":217,\"spd\":189,\"spe\":173},\"moves\":[\"playrough\",\"throatchop\",\"wildcharge\",\"voltswitch\"],\"baseAbility\":\"intimidate\",\"item\":\"assaultvest\",\"pokeball\":\"pokeball\",\"ability\":\"intimidate\",\"commanding\":false,\"reviving\":false,\"teraType\":\"Electric\",\"terastallized\":\"\"},{\"ident\":\"p1: Basculegion\",\"details\":\"Basculegion, L80, M\",\"condition\":\"0 fnt\",\"active\":false,\"stats\":{\"atk\":225,\"def\":150,\"spa\":174,\"spd\":166,\"spe\":171},\"moves\":[\"aquajet\",\"wavecrash\",\"shadowball\",\"flipturn\"],\"baseAbility\":\"adaptability\",\"item\":\"\",\"pokeball\":\"pokeball\",\"ability\":\"adaptability\",\"commanding\":false,\"reviving\":false,\"teraType\":\"Water\",\"terastallized\":\"\"}]},\"rqid\":22}\n|inactive|Time left: 300 sec this turn | 300 sec total\n|\n|t:|1783391566\n|switch|p2a: Bellibolt|Bellibolt, L84, F|100/100\n|move|p1a: Gurdurr|Drain Punch|p2a: Bellibolt\n|-damage|p2a: Bellibolt|57/100\n|-heal|p1a: Gurdurr|283/283|[from] drain|[of] p2a: Bellibolt\n|-start|p2a: Bellibolt|Charge|Drain Punch|[from] ability: Electromorphosis\n|\n|-heal|p2a: Bellibolt|64/100|[from] item: Leftovers\n|upkeep\n|turn|9\n|request|{\"active\":[{\"moves\":[{\"move\":\"Bulk Up\",\"id\":\"bulkup\",\"pp\":31,\"maxpp\":32,\"target\":\"self\",\"disabled\":false},{\"move\":\"Knock Off\",\"id\":\"knockoff\",\"pp\":32,\"maxpp\":32,\"target\":\"normal\",\"disabled\":false},{\"move\":\"Mach Punch\",\"id\":\"machpunch\",\"pp\":48,\"maxpp\":48,\"target\":\"normal\",\"disabled\":false},{\"move\":\"Drain Punch\",\"id\":\"drainpunch\",\"pp\":15,\"maxpp\":16,\"target\":\"normal\",\"disabled\":false}]}],\"side\":{\"name\":\"p0x042185e\",\"id\":\"p1\",\"pokemon\":[{\"ident\":\"p1: Gurdurr\",\"details\":\"Gurdurr, L85, M\",\"condition\":\"283/283\",\"active\":true,\"stats\":{\"atk\":227,\"def\":193,\"spa\":117,\"spd\":134,\"spe\":117},\"moves\":[\"bulkup\",\"knockoff\",\"machpunch\",\"drainpunch\"],\"baseAbility\":\"guts\",\"item\":\"\",\"pokeball\":\"pokeball\",\"ability\":\"guts\",\"commanding\":false,\"reviving\":false,\"teraType\":\"Steel\",\"terastallized\":\"\"},{\"ident\":\"p1: Staraptor\",\"details\":\"Staraptor, L79, F\",\"condition\":\"233/263\",\"active\":false,\"stats\":{\"atk\":235,\"def\":156,\"spa\":125,\"spd\":140,\"spe\":204},\"moves\":[\"closecombat\",\"bravebird\",\"quickattack\",\"uturn\"],\"baseAbility\":\"reckless\",\"item\":\"choiceband\",\"pokeball\":\"pokeball\",\"ability\":\"reckless\",\"commanding\":false,\"reviving\":false,\"teraType\":\"Fighting\",\"terastallized\":\"\"},{\"ident\":\"p1: Torkoal\",\"details\":\"Torkoal, L88, F\",\"condition\":\"266/266\",\"active\":false,\"stats\":{\"atk\":200,\"def\":297,\"spa\":200,\"spd\":173,\"spe\":85},\"moves\":[\"fireblast\",\"solarbeam\",\"rapidspin\",\"earthquake\"],\"baseAbility\":\"drought\",\"item\":\"heavydutyboots\",\"pokeball\":\"pokeball\",\"ability\":\"drought\",\"commanding\":false,\"reviving\":false,\"teraType\":\"Grass\",\"terastallized\":\"\"},{\"ident\":\"p1: Chi-Yu\",\"details\":\"Chi-Yu, L77\",\"condition\":\"0 fnt\",\"active\":false,\"stats\":{\"atk\":128,\"def\":168,\"spa\":252,\"spd\":229,\"spe\":199},\"moves\":[\"darkpulse\",\"fireblast\",\"willowisp\",\"nastyplot\"],\"baseAbility\":\"beadsofruin\",\"item\":\"heavydutyboots\",\"pokeball\":\"pokeball\",\"ability\":\"beadsofruin\",\"commanding\":false,\"reviving\":false,\"teraType\":\"Dark\",\"terastallized\":\"\"},{\"ident\":\"p1: Luxray\",\"details\":\"Luxray, L88, M\",\"condition\":\"284/284\",\"active\":false,\"stats\":{\"atk\":261,\"def\":189,\"spa\":217,\"spd\":189,\"spe\":173},\"moves\":[\"playrough\",\"throatchop\",\"wildcharge\",\"voltswitch\"],\"baseAbility\":\"intimidate\",\"item\":\"assaultvest\",\"pokeball\":\"pokeball\",\"ability\":\"intimidate\",\"commanding\":false,\"reviving\":false,\"teraType\":\"Electric\",\"terastallized\":\"\"},{\"ident\":\"p1: Basculegion\",\"details\":\"Basculegion, L80, M\",\"condition\":\"0 fnt\",\"active\":false,\"stats\":{\"atk\":225,\"def\":150,\"spa\":174,\"spd\":166,\"spe\":171},\"moves\":[\"aquajet\",\"wavecrash\",\"shadowball\",\"flipturn\"],\"baseAbility\":\"adaptability\",\"item\":\"\",\"pokeball\":\"pokeball\",\"ability\":\"adaptability\",\"commanding\":false,\"reviving\":false,\"teraType\":\"Water\",\"terastallized\":\"\"}]},\"rqid\":24}\n|inactive|Time left: 300 sec this turn | 300 sec total\n|\n|t:|1783391566\n|switch|p1a: Luxray|Luxray, L88, M|284/284\n|-ability|p1a: Luxray|Intimidate|boost\n|-unboost|p2a: Bellibolt|atk|1\n|move|p2a: Bellibolt|Thunderbolt|p1a: Luxray\n|-resisted|p1a: Luxray\n|-damage|p1a: Luxray|215/284\n|-end|p2a: Bellibolt|Charge|[silent]\n|\n|-heal|p2a: Bellibolt|70/100|[from] item: Leftovers\n|upkeep\n|turn|10\n|request|{\"active\":[{\"moves\":[{\"move\":\"Play Rough\",\"id\":\"playrough\",\"pp\":16,\"maxpp\":16,\"target\":\"normal\",\"disabled\":false},{\"move\":\"Throat Chop\",\"id\":\"throatchop\",\"pp\":24,\"maxpp\":24,\"target\":\"normal\",\"disabled\":false},{\"move\":\"Wild Charge\",\"id\":\"wildcharge\",\"pp\":24,\"maxpp\":24,\"target\":\"normal\",\"disabled\":false},{\"move\":\"Volt Switch\",\"id\":\"voltswitch\",\"pp\":32,\"maxpp\":32,\"target\":\"normal\",\"disabled\":false}]}],\"side\":{\"name\":\"p0x042185e\",\"id\":\"p1\",\"pokemon\":[{\"ident\":\"p1: Luxray\",\"details\":\"Luxray, L88, M\",\"condition\":\"215/284\",\"active\":true,\"stats\":{\"atk\":261,\"def\":189,\"spa\":217,\"spd\":189,\"spe\":173},\"moves\":[\"playrough\",\"throatchop\",\"wildcharge\",\"voltswitch\"],\"baseAbility\":\"intimidate\",\"item\":\"assaultvest\",\"pokeball\":\"pokeball\",\"ability\":\"intimidate\",\"commanding\":false,\"reviving\":false,\"teraType\":\"Electric\",\"terastallized\":\"\"},{\"ident\":\"p1: Staraptor\",\"details\":\"Staraptor, L79, F\",\"condition\":\"233/263\",\"active\":false,\"stats\":{\"atk\":235,\"def\":156,\"spa\":125,\"spd\":140,\"spe\":204},\"moves\":[\"closecombat\",\"bravebird\",\"quickattack\",\"uturn\"],\"baseAbility\":\"reckless\",\"item\":\"choiceband\",\"pokeball\":\"pokeball\",\"ability\":\"reckless\",\"commanding\":false,\"reviving\":false,\"teraType\":\"Fighting\",\"terastallized\":\"\"},{\"ident\":\"p1: Torkoal\",\"details\":\"Torkoal, L88, F\",\"condition\":\"266/266\",\"active\":false,\"stats\":{\"atk\":200,\"def\":297,\"spa\":200,\"spd\":173,\"spe\":85},\"moves\":[\"fireblast\",\"solarbeam\",\"rapidspin\",\"earthquake\"],\"baseAbility\":\"drought\",\"item\":\"heavydutyboots\",\"pokeball\":\"pokeball\",\"ability\":\"drought\",\"commanding\":false,\"reviving\":false,\"teraType\":\"Grass\",\"terastallized\":\"\"},{\"ident\":\"p1: Chi-Yu\",\"details\":\"Chi-Yu, L77\",\"condition\":\"0 fnt\",\"active\":false,\"stats\":{\"atk\":128,\"def\":168,\"spa\":252,\"spd\":229,\"spe\":199},\"moves\":[\"darkpulse\",\"fireblast\",\"willowisp\",\"nastyplot\"],\"baseAbility\":\"beadsofruin\",\"item\":\"heavydutyboots\",\"pokeball\":\"pokeball\",\"ability\":\"beadsofruin\",\"commanding\":false,\"reviving\":false,\"teraType\":\"Dark\",\"terastallized\":\"\"},{\"ident\":\"p1: Gurdurr\",\"details\":\"Gurdurr, L85, M\",\"condition\":\"283/283\",\"active\":false,\"stats\":{\"atk\":227,\"def\":193,\"spa\":117,\"spd\":134,\"spe\":117},\"moves\":[\"bulkup\",\"knockoff\",\"machpunch\",\"drainpunch\"],\"baseAbility\":\"guts\",\"item\":\"\",\"pokeball\":\"pokeball\",\"ability\":\"guts\",\"commanding\":false,\"reviving\":false,\"teraType\":\"Steel\",\"terastallized\":\"\"},{\"ident\":\"p1: Basculegion\",\"details\":\"Basculegion, L80, M\",\"condition\":\"0 fnt\",\"active\":false,\"stats\":{\"atk\":225,\"def\":150,\"spa\":174,\"spd\":166,\"spe\":171},\"moves\":[\"aquajet\",\"wavecrash\",\"shadowball\",\"flipturn\"],\"baseAbility\":\"adaptability\",\"item\":\"\",\"pokeball\":\"pokeball\",\"ability\":\"adaptability\",\"commanding\":false,\"reviving\":false,\"teraType\":\"Water\",\"terastallized\":\"\"}]},\"rqid\":26}\n|inactive|Time left: 300 sec this turn | 300 sec total\n|\n|t:|1783391566\n|move|p1a: Luxray|Play Rough|p2a: Bellibolt|[miss]\n|-miss|p1a: Luxray|p2a: Bellibolt\n|move|p2a: Bellibolt|Thunderbolt|p1a: Luxray\n|-resisted|p1a: Luxray\n|-damage|p1a: Luxray|177/284\n|\n|-heal|p2a: Bellibolt|76/100|[from] item: Leftovers\n|upkeep\n|turn|11\n|request|{\"active\":[{\"moves\":[{\"move\":\"Play Rough\",\"id\":\"playrough\",\"pp\":15,\"maxpp\":16,\"target\":\"normal\",\"disabled\":false},{\"move\":\"Throat Chop\",\"id\":\"throatchop\",\"pp\":24,\"maxpp\":24,\"target\":\"normal\",\"disabled\":false},{\"move\":\"Wild Charge\",\"id\":\"wildcharge\",\"pp\":24,\"maxpp\":24,\"target\":\"normal\",\"disabled\":false},{\"move\":\"Volt Switch\",\"id\":\"voltswitch\",\"pp\":32,\"maxpp\":32,\"target\":\"normal\",\"disabled\":false}]}],\"side\":{\"name\":\"p0x042185e\",\"id\":\"p1\",\"pokemon\":[{\"ident\":\"p1: Luxray\",\"details\":\"Luxray, L88, M\",\"condition\":\"177/284\",\"active\":true,\"stats\":{\"atk\":261,\"def\":189,\"spa\":217,\"spd\":189,\"spe\":173},\"moves\":[\"playrough\",\"throatchop\",\"wildcharge\",\"voltswitch\"],\"baseAbility\":\"intimidate\",\"item\":\"assaultvest\",\"pokeball\":\"pokeball\",\"ability\":\"intimidate\",\"commanding\":false,\"reviving\":false,\"teraType\":\"Electric\",\"terastallized\":\"\"},{\"ident\":\"p1: Staraptor\",\"details\":\"Staraptor, L79, F\",\"condition\":\"233/263\",\"active\":false,\"stats\":{\"atk\":235,\"def\":156,\"spa\":125,\"spd\":140,\"spe\":204},\"moves\":[\"closecombat\",\"bravebird\",\"quickattack\",\"uturn\"],\"baseAbility\":\"reckless\",\"item\":\"choiceband\",\"pokeball\":\"pokeball\",\"ability\":\"reckless\",\"commanding\":false,\"reviving\":false,\"teraType\":\"Fighting\",\"terastallized\":\"\"},{\"ident\":\"p1: Torkoal\",\"details\":\"Torkoal, L88, F\",\"condition\":\"266/266\",\"active\":false,\"stats\":{\"atk\":200,\"def\":297,\"spa\":200,\"spd\":173,\"spe\":85},\"moves\":[\"fireblast\",\"solarbeam\",\"rapidspin\",\"earthquake\"],\"baseAbility\":\"drought\",\"item\":\"heavydutyboots\",\"pokeball\":\"pokeball\",\"ability\":\"drought\",\"commanding\":false,\"reviving\":false,\"teraType\":\"Grass\",\"terastallized\":\"\"},{\"ident\":\"p1: Chi-Yu\",\"details\":\"Chi-Yu, L77\",\"condition\":\"0 fnt\",\"active\":false,\"stats\":{\"atk\":128,\"def\":168,\"spa\":252,\"spd\":229,\"spe\":199},\"moves\":[\"darkpulse\",\"fireblast\",\"willowisp\",\"nastyplot\"],\"baseAbility\":\"beadsofruin\",\"item\":\"heavydutyboots\",\"pokeball\":\"pokeball\",\"ability\":\"beadsofruin\",\"commanding\":false,\"reviving\":false,\"teraType\":\"Dark\",\"terastallized\":\"\"},{\"ident\":\"p1: Gurdurr\",\"details\":\"Gurdurr, L85, M\",\"condition\":\"283/283\",\"active\":false,\"stats\":{\"atk\":227,\"def\":193,\"spa\":117,\"spd\":134,\"spe\":117},\"moves\":[\"bulkup\",\"knockoff\",\"machpunch\",\"drainpunch\"],\"baseAbility\":\"guts\",\"item\":\"\",\"pokeball\":\"pokeball\",\"ability\":\"guts\",\"commanding\":false,\"reviving\":false,\"teraType\":\"Steel\",\"terastallized\":\"\"},{\"ident\":\"p1: Basculegion\",\"details\":\"Basculegion, L80, M\",\"condition\":\"0 fnt\",\"active\":false,\"stats\":{\"atk\":225,\"def\":150,\"spa\":174,\"spd\":166,\"spe\":171},\"moves\":[\"aquajet\",\"wavecrash\",\"shadowball\",\"flipturn\"],\"baseAbility\":\"adaptability\",\"item\":\"\",\"pokeball\":\"pokeball\",\"ability\":\"adaptability\",\"commanding\":false,\"reviving\":false,\"teraType\":\"Water\",\"terastallized\":\"\"}]},\"rqid\":28}\n|inactive|Time left: 300 sec this turn | 300 sec total\n|\n|t:|1783391567\n|move|p1a: Luxray|Wild Charge|p2a: Bellibolt\n|-resisted|p2a: Bellibolt\n|-damage|p2a: Bellibolt|59/100\n|-start|p2a: Bellibolt|Charge|Wild Charge|[from] ability: Electromorphosis\n|-damage|p1a: Luxray|163/284|[from] Recoil\n|move|p2a: Bellibolt|Slack Off|p2a: Bellibolt\n|-heal|p2a: Bellibolt|100/100\n|\n|upkeep\n|turn|12\n|request|{\"active\":[{\"moves\":[{\"move\":\"Play Rough\",\"id\":\"playrough\",\"pp\":15,\"maxpp\":16,\"target\":\"normal\",\"disabled\":false},{\"move\":\"Throat Chop\",\"id\":\"throatchop\",\"pp\":24,\"maxpp\":24,\"target\":\"normal\",\"disabled\":false},{\"move\":\"Wild Charge\",\"id\":\"wildcharge\",\"pp\":23,\"maxpp\":24,\"target\":\"normal\",\"disabled\":false},{\"move\":\"Volt Switch\",\"id\":\"voltswitch\",\"pp\":32,\"maxpp\":32,\"target\":\"normal\",\"disabled\":false}]}],\"side\":{\"name\":\"p0x042185e\",\"id\":\"p1\",\"pokemon\":[{\"ident\":\"p1: Luxray\",\"details\":\"Luxray, L88, M\",\"condition\":\"163/284\",\"active\":true,\"stats\":{\"atk\":261,\"def\":189,\"spa\":217,\"spd\":189,\"spe\":173},\"moves\":[\"playrough\",\"throatchop\",\"wildcharge\",\"voltswitch\"],\"baseAbility\":\"intimidate\",\"item\":\"assaultvest\",\"pokeball\":\"pokeball\",\"ability\":\"intimidate\",\"commanding\":false,\"reviving\":false,\"teraType\":\"Electric\",\"terastallized\":\"\"},{\"ident\":\"p1: Staraptor\",\"details\":\"Staraptor, L79, F\",\"condition\":\"233/263\",\"active\":false,\"stats\":{\"atk\":235,\"def\":156,\"spa\":125,\"spd\":140,\"spe\":204},\"moves\":[\"closecombat\",\"bravebird\",\"quickattack\",\"uturn\"],\"baseAbility\":\"reckless\",\"item\":\"choiceband\",\"pokeball\":\"pokeball\",\"ability\":\"reckless\",\"commanding\":false,\"reviving\":false,\"teraType\":\"Fighting\",\"terastallized\":\"\"},{\"ident\":\"p1: Torkoal\",\"details\":\"Torkoal, L88, F\",\"condition\":\"266/266\",\"active\":false,\"stats\":{\"atk\":200,\"def\":297,\"spa\":200,\"spd\":173,\"spe\":85},\"moves\":[\"fireblast\",\"solarbeam\",\"rapidspin\",\"earthquake\"],\"baseAbility\":\"drought\",\"item\":\"heavydutyboots\",\"pokeball\":\"pokeball\",\"ability\":\"drought\",\"commanding\":false,\"reviving\":false,\"teraType\":\"Grass\",\"terastallized\":\"\"},{\"ident\":\"p1: Chi-Yu\",\"details\":\"Chi-Yu, L77\",\"condition\":\"0 fnt\",\"active\":false,\"stats\":{\"atk\":128,\"def\":168,\"spa\":252,\"spd\":229,\"spe\":199},\"moves\":[\"darkpulse\",\"fireblast\",\"willowisp\",\"nastyplot\"],\"baseAbility\":\"beadsofruin\",\"item\":\"heavydutyboots\",\"pokeball\":\"pokeball\",\"ability\":\"beadsofruin\",\"commanding\":false,\"reviving\":false,\"teraType\":\"Dark\",\"terastallized\":\"\"},{\"ident\":\"p1: Gurdurr\",\"details\":\"Gurdurr, L85, M\",\"condition\":\"283/283\",\"active\":false,\"stats\":{\"atk\":227,\"def\":193,\"spa\":117,\"spd\":134,\"spe\":117},\"moves\":[\"bulkup\",\"knockoff\",\"machpunch\",\"drainpunch\"],\"baseAbility\":\"guts\",\"item\":\"\",\"pokeball\":\"pokeball\",\"ability\":\"guts\",\"commanding\":false,\"reviving\":false,\"teraType\":\"Steel\",\"terastallized\":\"\"},{\"ident\":\"p1: Basculegion\",\"details\":\"Basculegion, L80, M\",\"condition\":\"0 fnt\",\"active\":false,\"stats\":{\"atk\":225,\"def\":150,\"spa\":174,\"spd\":166,\"spe\":171},\"moves\":[\"aquajet\",\"wavecrash\",\"shadowball\",\"flipturn\"],\"baseAbility\":\"adaptability\",\"item\":\"\",\"pokeball\":\"pokeball\",\"ability\":\"adaptability\",\"commanding\":false,\"reviving\":false,\"teraType\":\"Water\",\"terastallized\":\"\"}]},\"rqid\":30}\n|inactive|Time left: 300 sec this turn | 300 sec total\n|\n|t:|1783391567\n|move|p1a: Luxray|Throat Chop|p2a: Bellibolt\n|-damage|p2a: Bellibolt|78/100\n|-start|p2a: Bellibolt|Throat Chop|[silent]\n|-start|p2a: Bellibolt|Charge|Throat Chop|[from] ability: Electromorphosis\n|move|p2a: Bellibolt|Thunderbolt|p1a: Luxray\n|-resisted|p1a: Luxray\n|-damage|p1a: Luxray|91/284\n|-end|p2a: Bellibolt|Charge|[silent]\n|\n|-heal|p2a: Bellibolt|84/100|[from] item: Leftovers\n|upkeep\n|turn|13\n|request|{\"active\":[{\"moves\":[{\"move\":\"Play Rough\",\"id\":\"playrough\",\"pp\":15,\"maxpp\":16,\"target\":\"normal\",\"disabled\":false},{\"move\":\"Throat Chop\",\"id\":\"throatchop\",\"pp\":23,\"maxpp\":24,\"target\":\"normal\",\"disabled\":false},{\"move\":\"Wild Charge\",\"id\":\"wildcharge\",\"pp\":23,\"maxpp\":24,\"target\":\"normal\",\"disabled\":false},{\"move\":\"Volt Switch\",\"id\":\"voltswitch\",\"pp\":32,\"maxpp\":32,\"target\":\"normal\",\"disabled\":false}]}],\"side\":{\"name\":\"p0x042185e\",\"id\":\"p1\",\"pokemon\":[{\"ident\":\"p1: Luxray\",\"details\":\"Luxray, L88, M\",\"condition\":\"91/284\",\"active\":true,\"stats\":{\"atk\":261,\"def\":189,\"spa\":217,\"spd\":189,\"spe\":173},\"moves\":[\"playrough\",\"throatchop\",\"wildcharge\",\"voltswitch\"],\"baseAbility\":\"intimidate\",\"item\":\"assaultvest\",\"pokeball\":\"pokeball\",\"ability\":\"intimidate\",\"commanding\":false,\"reviving\":false,\"teraType\":\"Electric\",\"terastallized\":\"\"},{\"ident\":\"p1: Staraptor\",\"details\":\"Staraptor, L79, F\",\"condition\":\"233/263\",\"active\":false,\"stats\":{\"atk\":235,\"def\":156,\"spa\":125,\"spd\":140,\"spe\":204},\"moves\":[\"closecombat\",\"bravebird\",\"quickattack\",\"uturn\"],\"baseAbility\":\"reckless\",\"item\":\"choiceband\",\"pokeball\":\"pokeball\",\"ability\":\"reckless\",\"commanding\":false,\"reviving\":false,\"teraType\":\"Fighting\",\"terastallized\":\"\"},{\"ident\":\"p1: Torkoal\",\"details\":\"Torkoal, L88, F\",\"condition\":\"266/266\",\"active\":false,\"stats\":{\"atk\":200,\"def\":297,\"spa\":200,\"spd\":173,\"spe\":85},\"moves\":[\"fireblast\",\"solarbeam\",\"rapidspin\",\"earthquake\"],\"baseAbility\":\"drought\",\"item\":\"heavydutyboots\",\"pokeball\":\"pokeball\",\"ability\":\"drought\",\"commanding\":false,\"reviving\":false,\"teraType\":\"Grass\",\"terastallized\":\"\"},{\"ident\":\"p1: Chi-Yu\",\"details\":\"Chi-Yu, L77\",\"condition\":\"0 fnt\",\"active\":false,\"stats\":{\"atk\":128,\"def\":168,\"spa\":252,\"spd\":229,\"spe\":199},\"moves\":[\"darkpulse\",\"fireblast\",\"willowisp\",\"nastyplot\"],\"baseAbility\":\"beadsofruin\",\"item\":\"heavydutyboots\",\"pokeball\":\"pokeball\",\"ability\":\"beadsofruin\",\"commanding\":false,\"reviving\":false,\"teraType\":\"Dark\",\"terastallized\":\"\"},{\"ident\":\"p1: Gurdurr\",\"details\":\"Gurdurr, L85, M\",\"condition\":\"283/283\",\"active\":false,\"stats\":{\"atk\":227,\"def\":193,\"spa\":117,\"spd\":134,\"spe\":117},\"moves\":[\"bulkup\",\"knockoff\",\"machpunch\",\"drainpunch\"],\"baseAbility\":\"guts\",\"item\":\"\",\"pokeball\":\"pokeball\",\"ability\":\"guts\",\"commanding\":false,\"reviving\":false,\"teraType\":\"Steel\",\"terastallized\":\"\"},{\"ident\":\"p1: Basculegion\",\"details\":\"Basculegion, L80, M\",\"condition\":\"0 fnt\",\"active\":false,\"stats\":{\"atk\":225,\"def\":150,\"spa\":174,\"spd\":166,\"spe\":171},\"moves\":[\"aquajet\",\"wavecrash\",\"shadowball\",\"flipturn\"],\"baseAbility\":\"adaptability\",\"item\":\"\",\"pokeball\":\"pokeball\",\"ability\":\"adaptability\",\"commanding\":false,\"reviving\":false,\"teraType\":\"Water\",\"terastallized\":\"\"}]},\"rqid\":32}\n|inactive|Time left: 300 sec this turn | 300 sec total\n|\n|t:|1783391567\n|move|p1a: Luxray|Volt Switch|p2a: Bellibolt\n|-resisted|p2a: Bellibolt\n|-damage|p2a: Bellibolt|70/100\n|-start|p2a: Bellibolt|Charge|Volt Switch|[from] ability: Electromorphosis\n|request|{\"forceSwitch\":[true],\"side\":{\"name\":\"p0x042185e\",\"id\":\"p1\",\"pokemon\":[{\"ident\":\"p1: Luxray\",\"details\":\"Luxray, L88, M\",\"condition\":\"91/284\",\"active\":true,\"stats\":{\"atk\":261,\"def\":189,\"spa\":217,\"spd\":189,\"spe\":173},\"moves\":[\"playrough\",\"throatchop\",\"wildcharge\",\"voltswitch\"],\"baseAbility\":\"intimidate\",\"item\":\"assaultvest\",\"pokeball\":\"pokeball\",\"ability\":\"intimidate\",\"commanding\":false,\"reviving\":false,\"teraType\":\"Electric\",\"terastallized\":\"\"},{\"ident\":\"p1: Staraptor\",\"details\":\"Staraptor, L79, F\",\"condition\":\"233/263\",\"active\":false,\"stats\":{\"atk\":235,\"def\":156,\"spa\":125,\"spd\":140,\"spe\":204},\"moves\":[\"closecombat\",\"bravebird\",\"quickattack\",\"uturn\"],\"baseAbility\":\"reckless\",\"item\":\"choiceband\",\"pokeball\":\"pokeball\",\"ability\":\"reckless\",\"commanding\":false,\"reviving\":false,\"teraType\":\"Fighting\",\"terastallized\":\"\"},{\"ident\":\"p1: Torkoal\",\"details\":\"Torkoal, L88, F\",\"condition\":\"266/266\",\"active\":false,\"stats\":{\"atk\":200,\"def\":297,\"spa\":200,\"spd\":173,\"spe\":85},\"moves\":[\"fireblast\",\"solarbeam\",\"rapidspin\",\"earthquake\"],\"baseAbility\":\"drought\",\"item\":\"heavydutyboots\",\"pokeball\":\"pokeball\",\"ability\":\"drought\",\"commanding\":false,\"reviving\":false,\"teraType\":\"Grass\",\"terastallized\":\"\"},{\"ident\":\"p1: Chi-Yu\",\"details\":\"Chi-Yu, L77\",\"condition\":\"0 fnt\",\"active\":false,\"stats\":{\"atk\":128,\"def\":168,\"spa\":252,\"spd\":229,\"spe\":199},\"moves\":[\"darkpulse\",\"fireblast\",\"willowisp\",\"nastyplot\"],\"baseAbility\":\"beadsofruin\",\"item\":\"heavydutyboots\",\"pokeball\":\"pokeball\",\"ability\":\"beadsofruin\",\"commanding\":false,\"reviving\":false,\"teraType\":\"Dark\",\"terastallized\":\"\"},{\"ident\":\"p1: Gurdurr\",\"details\":\"Gurdurr, L85, M\",\"condition\":\"283/283\",\"active\":false,\"stats\":{\"atk\":227,\"def\":193,\"spa\":117,\"spd\":134,\"spe\":117},\"moves\":[\"bulkup\",\"knockoff\",\"machpunch\",\"drainpunch\"],\"baseAbility\":\"guts\",\"item\":\"\",\"pokeball\":\"pokeball\",\"ability\":\"guts\",\"commanding\":false,\"reviving\":false,\"teraType\":\"Steel\",\"terastallized\":\"\"},{\"ident\":\"p1: Basculegion\",\"details\":\"Basculegion, L80, M\",\"condition\":\"0 fnt\",\"active\":false,\"stats\":{\"atk\":225,\"def\":150,\"spa\":174,\"spd\":166,\"spe\":171},\"moves\":[\"aquajet\",\"wavecrash\",\"shadowball\",\"flipturn\"],\"baseAbility\":\"adaptability\",\"item\":\"\",\"pokeball\":\"pokeball\",\"ability\":\"adaptability\",\"commanding\":false,\"reviving\":false,\"teraType\":\"Water\",\"terastallized\":\"\"}]},\"noCancel\":true,\"rqid\":34}\n|inactive|Time left: 300 sec this turn | 300 sec total | 5 sec grace\n|\n|t:|1783391567\n|switch|p1a: Torkoal|Torkoal, L88, F|266/266|[from] Volt Switch\n|-weather|SunnyDay|[from] ability: Drought|[of] p1a: Torkoal\n|move|p2a: Bellibolt|Thunderbolt|p1a: Torkoal\n|-damage|p1a: Torkoal|53/266\n|-end|p2a: Bellibolt|Charge|[silent]\n|\n|-weather|SunnyDay|[upkeep]\n|-heal|p2a: Bellibolt|76/100|[from] item: Leftovers\n|-end|p2a: Bellibolt|Throat Chop|[silent]\n|upkeep\n|turn|14\n|request|{\"active\":[{\"moves\":[{\"move\":\"Fire Blast\",\"id\":\"fireblast\",\"pp\":8,\"maxpp\":8,\"target\":\"normal\",\"disabled\":false},{\"move\":\"Solar Beam\",\"id\":\"solarbeam\",\"pp\":16,\"maxpp\":16,\"target\":\"normal\",\"disabled\":false},{\"move\":\"Rapid Spin\",\"id\":\"rapidspin\",\"pp\":64,\"maxpp\":64,\"target\":\"normal\",\"disabled\":false},{\"move\":\"Earthquake\",\"id\":\"earthquake\",\"pp\":16,\"maxpp\":16,\"target\":\"allAdjacent\",\"disabled\":false}]}],\"side\":{\"name\":\"p0x042185e\",\"id\":\"p1\",\"pokemon\":[{\"ident\":\"p1: Torkoal\",\"details\":\"Torkoal, L88, F\",\"condition\":\"53/266\",\"active\":true,\"stats\":{\"atk\":200,\"def\":297,\"spa\":200,\"spd\":173,\"spe\":85},\"moves\":[\"fireblast\",\"solarbeam\",\"rapidspin\",\"earthquake\"],\"baseAbility\":\"drought\",\"item\":\"heavydutyboots\",\"pokeball\":\"pokeball\",\"ability\":\"drought\",\"commanding\":false,\"reviving\":false,\"teraType\":\"Grass\",\"terastallized\":\"\"},{\"ident\":\"p1: Staraptor\",\"details\":\"Staraptor, L79, F\",\"condition\":\"233/263\",\"active\":false,\"stats\":{\"atk\":235,\"def\":156,\"spa\":125,\"spd\":140,\"spe\":204},\"moves\":[\"closecombat\",\"bravebird\",\"quickattack\",\"uturn\"],\"baseAbility\":\"reckless\",\"item\":\"choiceband\",\"pokeball\":\"pokeball\",\"ability\":\"reckless\",\"commanding\":false,\"reviving\":false,\"teraType\":\"Fighting\",\"terastallized\":\"\"},{\"ident\":\"p1: Luxray\",\"details\":\"Luxray, L88, M\",\"condition\":\"91/284\",\"active\":false,\"stats\":{\"atk\":261,\"def\":189,\"spa\":217,\"spd\":189,\"spe\":173},\"moves\":[\"playrough\",\"throatchop\",\"wildcharge\",\"voltswitch\"],\"baseAbility\":\"intimidate\",\"item\":\"assaultvest\",\"pokeball\":\"pokeball\",\"ability\":\"intimidate\",\"commanding\":false,\"reviving\":false,\"teraType\":\"Electric\",\"terastallized\":\"\"},{\"ident\":\"p1: Chi-Yu\",\"details\":\"Chi-Yu, L77\",\"condition\":\"0 fnt\",\"active\":false,\"stats\":{\"atk\":128,\"def\":168,\"spa\":252,\"spd\":229,\"spe\":199},\"moves\":[\"darkpulse\",\"fireblast\",\"willowisp\",\"nastyplot\"],\"baseAbility\":\"beadsofruin\",\"item\":\"heavydutyboots\",\"pokeball\":\"pokeball\",\"ability\":\"beadsofruin\",\"commanding\":false,\"reviving\":false,\"teraType\":\"Dark\",\"terastallized\":\"\"},{\"ident\":\"p1: Gurdurr\",\"details\":\"Gurdurr, L85, M\",\"condition\":\"283/283\",\"active\":false,\"stats\":{\"atk\":227,\"def\":193,\"spa\":117,\"spd\":134,\"spe\":117},\"moves\":[\"bulkup\",\"knockoff\",\"machpunch\",\"drainpunch\"],\"baseAbility\":\"guts\",\"item\":\"\",\"pokeball\":\"pokeball\",\"ability\":\"guts\",\"commanding\":false,\"reviving\":false,\"teraType\":\"Steel\",\"terastallized\":\"\"},{\"ident\":\"p1: Basculegion\",\"details\":\"Basculegion, L80, M\",\"condition\":\"0 fnt\",\"active\":false,\"stats\":{\"atk\":225,\"def\":150,\"spa\":174,\"spd\":166,\"spe\":171},\"moves\":[\"aquajet\",\"wavecrash\",\"shadowball\",\"flipturn\"],\"baseAbility\":\"adaptability\",\"item\":\"\",\"pokeball\":\"pokeball\",\"ability\":\"adaptability\",\"commanding\":false,\"reviving\":false,\"teraType\":\"Water\",\"terastallized\":\"\"}]},\"rqid\":36}\n|inactive|Time left: 300 sec this turn | 300 sec total\n|\n|t:|1783391568\n|switch|p1a: Luxray|Luxray, L88, M|91/284\n|-ability|p1a: Luxray|Intimidate|boost\n|-unboost|p2a: Bellibolt|atk|1\n|move|p2a: Bellibolt|Thunderbolt|p1a: Luxray\n|-resisted|p1a: Luxray\n|-damage|p1a: Luxray|58/284\n|\n|-weather|SunnyDay|[upkeep]\n|-heal|p2a: Bellibolt|83/100|[from] item: Leftovers\n|upkeep\n|turn|15\n|request|{\"active\":[{\"moves\":[{\"move\":\"Play Rough\",\"id\":\"playrough\",\"pp\":15,\"maxpp\":16,\"target\":\"normal\",\"disabled\":false},{\"move\":\"Throat Chop\",\"id\":\"throatchop\",\"pp\":23,\"maxpp\":24,\"target\":\"normal\",\"disabled\":false},{\"move\":\"Wild Charge\",\"id\":\"wildcharge\",\"pp\":23,\"maxpp\":24,\"target\":\"normal\",\"disabled\":false},{\"move\":\"Volt Switch\",\"id\":\"voltswitch\",\"pp\":31,\"maxpp\":32,\"target\":\"normal\",\"disabled\":false}]}],\"side\":{\"name\":\"p0x042185e\",\"id\":\"p1\",\"pokemon\":[{\"ident\":\"p1: Luxray\",\"details\":\"Luxray, L88, M\",\"condition\":\"58/284\",\"active\":true,\"stats\":{\"atk\":261,\"def\":189,\"spa\":217,\"spd\":189,\"spe\":173},\"moves\":[\"playrough\",\"throatchop\",\"wildcharge\",\"voltswitch\"],\"baseAbility\":\"intimidate\",\"item\":\"assaultvest\",\"pokeball\":\"pokeball\",\"ability\":\"intimidate\",\"commanding\":false,\"reviving\":false,\"teraType\":\"Electric\",\"terastallized\":\"\"},{\"ident\":\"p1: Staraptor\",\"details\":\"Staraptor, L79, F\",\"condition\":\"233/263\",\"active\":false,\"stats\":{\"atk\":235,\"def\":156,\"spa\":125,\"spd\":140,\"spe\":204},\"moves\":[\"closecombat\",\"bravebird\",\"quickattack\",\"uturn\"],\"baseAbility\":\"reckless\",\"item\":\"choiceband\",\"pokeball\":\"pokeball\",\"ability\":\"reckless\",\"commanding\":false,\"reviving\":false,\"teraType\":\"Fighting\",\"terastallized\":\"\"},{\"ident\":\"p1: Torkoal\",\"details\":\"Torkoal, L88, F\",\"condition\":\"53/266\",\"active\":false,\"stats\":{\"atk\":200,\"def\":297,\"spa\":200,\"spd\":173,\"spe\":85},\"moves\":[\"fireblast\",\"solarbeam\",\"rapidspin\",\"earthquake\"],\"baseAbility\":\"drought\",\"item\":\"heavydutyboots\",\"pokeball\":\"pokeball\",\"ability\":\"drought\",\"commanding\":false,\"reviving\":false,\"teraType\":\"Grass\",\"terastallized\":\"\"},{\"ident\":\"p1: Chi-Yu\",\"details\":\"Chi-Yu, L77\",\"condition\":\"0 fnt\",\"active\":false,\"stats\":{\"atk\":128,\"def\":168,\"spa\":252,\"spd\":229,\"spe\":199},\"moves\":[\"darkpulse\",\"fireblast\",\"willowisp\",\"nastyplot\"],\"baseAbility\":\"beadsofruin\",\"item\":\"heavydutyboots\",\"pokeball\":\"pokeball\",\"ability\":\"beadsofruin\",\"commanding\":false,\"reviving\":false,\"teraType\":\"Dark\",\"terastallized\":\"\"},{\"ident\":\"p1: Gurdurr\",\"details\":\"Gurdurr, L85, M\",\"condition\":\"283/283\",\"active\":false,\"stats\":{\"atk\":227,\"def\":193,\"spa\":117,\"spd\":134,\"spe\":117},\"moves\":[\"bulkup\",\"knockoff\",\"machpunch\",\"drainpunch\"],\"baseAbility\":\"guts\",\"item\":\"\",\"pokeball\":\"pokeball\",\"ability\":\"guts\",\"commanding\":false,\"reviving\":false,\"teraType\":\"Steel\",\"terastallized\":\"\"},{\"ident\":\"p1: Basculegion\",\"details\":\"Basculegion, L80, M\",\"condition\":\"0 fnt\",\"active\":false,\"stats\":{\"atk\":225,\"def\":150,\"spa\":174,\"spd\":166,\"spe\":171},\"moves\":[\"aquajet\",\"wavecrash\",\"shadowball\",\"flipturn\"],\"baseAbility\":\"adaptability\",\"item\":\"\",\"pokeball\":\"pokeball\",\"ability\":\"adaptability\",\"commanding\":false,\"reviving\":false,\"teraType\":\"Water\",\"terastallized\":\"\"}]},\"rqid\":38}\n|inactive|Time left: 300 sec this turn | 300 sec total\n|\n|t:|1783391568\n|move|p1a: Luxray|Volt Switch|p2a: Bellibolt\n|-resisted|p2a: Bellibolt\n|-damage|p2a: Bellibolt|69/100\n|-start|p2a: Bellibolt|Charge|Volt Switch|[from] ability: Electromorphosis\n|request|{\"forceSwitch\":[true],\"side\":{\"name\":\"p0x042185e\",\"id\":\"p1\",\"pokemon\":[{\"ident\":\"p1: Luxray\",\"details\":\"Luxray, L88, M\",\"condition\":\"58/284\",\"active\":true,\"stats\":{\"atk\":261,\"def\":189,\"spa\":217,\"spd\":189,\"spe\":173},\"moves\":[\"playrough\",\"throatchop\",\"wildcharge\",\"voltswitch\"],\"baseAbility\":\"intimidate\",\"item\":\"assaultvest\",\"pokeball\":\"pokeball\",\"ability\":\"intimidate\",\"commanding\":false,\"reviving\":false,\"teraType\":\"Electric\",\"terastallized\":\"\"},{\"ident\":\"p1: Staraptor\",\"details\":\"Staraptor, L79, F\",\"condition\":\"233/263\",\"active\":false,\"stats\":{\"atk\":235,\"def\":156,\"spa\":125,\"spd\":140,\"spe\":204},\"moves\":[\"closecombat\",\"bravebird\",\"quickattack\",\"uturn\"],\"baseAbility\":\"reckless\",\"item\":\"choiceband\",\"pokeball\":\"pokeball\",\"ability\":\"reckless\",\"commanding\":false,\"reviving\":false,\"teraType\":\"Fighting\",\"terastallized\":\"\"},{\"ident\":\"p1: Torkoal\",\"details\":\"Torkoal, L88, F\",\"condition\":\"53/266\",\"active\":false,\"stats\":{\"atk\":200,\"def\":297,\"spa\":200,\"spd\":173,\"spe\":85},\"moves\":[\"fireblast\",\"solarbeam\",\"rapidspin\",\"earthquake\"],\"baseAbility\":\"drought\",\"item\":\"heavydutyboots\",\"pokeball\":\"pokeball\",\"ability\":\"drought\",\"commanding\":false,\"reviving\":false,\"teraType\":\"Grass\",\"terastallized\":\"\"},{\"ident\":\"p1: Chi-Yu\",\"details\":\"Chi-Yu, L77\",\"condition\":\"0 fnt\",\"active\":false,\"stats\":{\"atk\":128,\"def\":168,\"spa\":252,\"spd\":229,\"spe\":199},\"moves\":[\"darkpulse\",\"fireblast\",\"willowisp\",\"nastyplot\"],\"baseAbility\":\"beadsofruin\",\"item\":\"heavydutyboots\",\"pokeball\":\"pokeball\",\"ability\":\"beadsofruin\",\"commanding\":false,\"reviving\":false,\"teraType\":\"Dark\",\"terastallized\":\"\"},{\"ident\":\"p1: Gurdurr\",\"details\":\"Gurdurr, L85, M\",\"condition\":\"283/283\",\"active\":false,\"stats\":{\"atk\":227,\"def\":193,\"spa\":117,\"spd\":134,\"spe\":117},\"moves\":[\"bulkup\",\"knockoff\",\"machpunch\",\"drainpunch\"],\"baseAbility\":\"guts\",\"item\":\"\",\"pokeball\":\"pokeball\",\"ability\":\"guts\",\"commanding\":false,\"reviving\":false,\"teraType\":\"Steel\",\"terastallized\":\"\"},{\"ident\":\"p1: Basculegion\",\"details\":\"Basculegion, L80, M\",\"condition\":\"0 fnt\",\"active\":false,\"stats\":{\"atk\":225,\"def\":150,\"spa\":174,\"spd\":166,\"spe\":171},\"moves\":[\"aquajet\",\"wavecrash\",\"shadowball\",\"flipturn\"],\"baseAbility\":\"adaptability\",\"item\":\"\",\"pokeball\":\"pokeball\",\"ability\":\"adaptability\",\"commanding\":false,\"reviving\":false,\"teraType\":\"Water\",\"terastallized\":\"\"}]},\"noCancel\":true,\"rqid\":40}\n|inactive|Time left: 300 sec this turn | 300 sec total | 5 sec grace\n|\n|t:|1783391568\n|switch|p1a: Torkoal|Torkoal, L88, F|53/266|[from] Volt Switch\n|move|p2a: Bellibolt|Thunderbolt|p1a: Torkoal\n|-damage|p1a: Torkoal|0 fnt\n|faint|p1a: Torkoal\n|-end|p2a: Bellibolt|Charge|[silent]\n|\n|-weather|SunnyDay|[upkeep]\n|-heal|p2a: Bellibolt|75/100|[from] item: Leftovers\n|upkeep\n|request|{\"forceSwitch\":[true],\"side\":{\"name\":\"p0x042185e\",\"id\":\"p1\",\"pokemon\":[{\"ident\":\"p1: Torkoal\",\"details\":\"Torkoal, L88, F\",\"condition\":\"0 fnt\",\"active\":true,\"stats\":{\"atk\":200,\"def\":297,\"spa\":200,\"spd\":173,\"spe\":85},\"moves\":[\"fireblast\",\"solarbeam\",\"rapidspin\",\"earthquake\"],\"baseAbility\":\"drought\",\"item\":\"heavydutyboots\",\"pokeball\":\"pokeball\",\"ability\":\"drought\",\"commanding\":false,\"reviving\":false,\"teraType\":\"Grass\",\"terastallized\":\"\"},{\"ident\":\"p1: Staraptor\",\"details\":\"Staraptor, L79, F\",\"condition\":\"233/263\",\"active\":false,\"stats\":{\"atk\":235,\"def\":156,\"spa\":125,\"spd\":140,\"spe\":204},\"moves\":[\"closecombat\",\"bravebird\",\"quickattack\",\"uturn\"],\"baseAbility\":\"reckless\",\"item\":\"choiceband\",\"pokeball\":\"pokeball\",\"ability\":\"reckless\",\"commanding\":false,\"reviving\":false,\"teraType\":\"Fighting\",\"terastallized\":\"\"},{\"ident\":\"p1: Luxray\",\"details\":\"Luxray, L88, M\",\"condition\":\"58/284\",\"active\":false,\"stats\":{\"atk\":261,\"def\":189,\"spa\":217,\"spd\":189,\"spe\":173},\"moves\":[\"playrough\",\"throatchop\",\"wildcharge\",\"voltswitch\"],\"baseAbility\":\"intimidate\",\"item\":\"assaultvest\",\"pokeball\":\"pokeball\",\"ability\":\"intimidate\",\"commanding\":false,\"reviving\":false,\"teraType\":\"Electric\",\"terastallized\":\"\"},{\"ident\":\"p1: Chi-Yu\",\"details\":\"Chi-Yu, L77\",\"condition\":\"0 fnt\",\"active\":false,\"stats\":{\"atk\":128,\"def\":168,\"spa\":252,\"spd\":229,\"spe\":199},\"moves\":[\"darkpulse\",\"fireblast\",\"willowisp\",\"nastyplot\"],\"baseAbility\":\"beadsofruin\",\"item\":\"heavydutyboots\",\"pokeball\":\"pokeball\",\"ability\":\"beadsofruin\",\"commanding\":false,\"reviving\":false,\"teraType\":\"Dark\",\"terastallized\":\"\"},{\"ident\":\"p1: Gurdurr\",\"details\":\"Gurdurr, L85, M\",\"condition\":\"283/283\",\"active\":false,\"stats\":{\"atk\":227,\"def\":193,\"spa\":117,\"spd\":134,\"spe\":117},\"moves\":[\"bulkup\",\"knockoff\",\"machpunch\",\"drainpunch\"],\"baseAbility\":\"guts\",\"item\":\"\",\"pokeball\":\"pokeball\",\"ability\":\"guts\",\"commanding\":false,\"reviving\":false,\"teraType\":\"Steel\",\"terastallized\":\"\"},{\"ident\":\"p1: Basculegion\",\"details\":\"Basculegion, L80, M\",\"condition\":\"0 fnt\",\"active\":false,\"stats\":{\"atk\":225,\"def\":150,\"spa\":174,\"spd\":166,\"spe\":171},\"moves\":[\"aquajet\",\"wavecrash\",\"shadowball\",\"flipturn\"],\"baseAbility\":\"adaptability\",\"item\":\"\",\"pokeball\":\"pokeball\",\"ability\":\"adaptability\",\"commanding\":false,\"reviving\":false,\"teraType\":\"Water\",\"terastallized\":\"\"}]},\"noCancel\":true,\"rqid\":42}\n|inactive|Time left: 300 sec this turn | 300 sec total | 10 sec grace\n|\n|t:|1783391568\n|switch|p1a: Gurdurr|Gurdurr, L85, M|283/283\n|turn|16\n|request|{\"active\":[{\"moves\":[{\"move\":\"Bulk Up\",\"id\":\"bulkup\",\"pp\":31,\"maxpp\":32,\"target\":\"self\",\"disabled\":false},{\"move\":\"Knock Off\",\"id\":\"knockoff\",\"pp\":32,\"maxpp\":32,\"target\":\"normal\",\"disabled\":false},{\"move\":\"Mach Punch\",\"id\":\"machpunch\",\"pp\":48,\"maxpp\":48,\"target\":\"normal\",\"disabled\":false},{\"move\":\"Drain Punch\",\"id\":\"drainpunch\",\"pp\":15,\"maxpp\":16,\"target\":\"normal\",\"disabled\":false}]}],\"side\":{\"name\":\"p0x042185e\",\"id\":\"p1\",\"pokemon\":[{\"ident\":\"p1: Gurdurr\",\"details\":\"Gurdurr, L85, M\",\"condition\":\"283/283\",\"active\":true,\"stats\":{\"atk\":227,\"def\":193,\"spa\":117,\"spd\":134,\"spe\":117},\"moves\":[\"bulkup\",\"knockoff\",\"machpunch\",\"drainpunch\"],\"baseAbility\":\"guts\",\"item\":\"\",\"pokeball\":\"pokeball\",\"ability\":\"guts\",\"commanding\":false,\"reviving\":false,\"teraType\":\"Steel\",\"terastallized\":\"\"},{\"ident\":\"p1: Staraptor\",\"details\":\"Staraptor, L79, F\",\"condition\":\"233/263\",\"active\":false,\"stats\":{\"atk\":235,\"def\":156,\"spa\":125,\"spd\":140,\"spe\":204},\"moves\":[\"closecombat\",\"bravebird\",\"quickattack\",\"uturn\"],\"baseAbility\":\"reckless\",\"item\":\"choiceband\",\"pokeball\":\"pokeball\",\"ability\":\"reckless\",\"commanding\":false,\"reviving\":false,\"teraType\":\"Fighting\",\"terastallized\":\"\"},{\"ident\":\"p1: Luxray\",\"details\":\"Luxray, L88, M\",\"condition\":\"58/284\",\"active\":false,\"stats\":{\"atk\":261,\"def\":189,\"spa\":217,\"spd\":189,\"spe\":173},\"moves\":[\"playrough\",\"throatchop\",\"wildcharge\",\"voltswitch\"],\"baseAbility\":\"intimidate\",\"item\":\"assaultvest\",\"pokeball\":\"pokeball\",\"ability\":\"intimidate\",\"commanding\":false,\"reviving\":false,\"teraType\":\"Electric\",\"terastallized\":\"\"},{\"ident\":\"p1: Chi-Yu\",\"details\":\"Chi-Yu, L77\",\"condition\":\"0 fnt\",\"active\":false,\"stats\":{\"atk\":128,\"def\":168,\"spa\":252,\"spd\":229,\"spe\":199},\"moves\":[\"darkpulse\",\"fireblast\",\"willowisp\",\"nastyplot\"],\"baseAbility\":\"beadsofruin\",\"item\":\"heavydutyboots\",\"pokeball\":\"pokeball\",\"ability\":\"beadsofruin\",\"commanding\":false,\"reviving\":false,\"teraType\":\"Dark\",\"terastallized\":\"\"},{\"ident\":\"p1: Torkoal\",\"details\":\"Torkoal, L88, F\",\"condition\":\"0 fnt\",\"active\":false,\"stats\":{\"atk\":200,\"def\":297,\"spa\":200,\"spd\":173,\"spe\":85},\"moves\":[\"fireblast\",\"solarbeam\",\"rapidspin\",\"earthquake\"],\"baseAbility\":\"drought\",\"item\":\"heavydutyboots\",\"pokeball\":\"pokeball\",\"ability\":\"drought\",\"commanding\":false,\"reviving\":false,\"teraType\":\"Grass\",\"terastallized\":\"\"},{\"ident\":\"p1: Basculegion\",\"details\":\"Basculegion, L80, M\",\"condition\":\"0 fnt\",\"active\":false,\"stats\":{\"atk\":225,\"def\":150,\"spa\":174,\"spd\":166,\"spe\":171},\"moves\":[\"aquajet\",\"wavecrash\",\"shadowball\",\"flipturn\"],\"baseAbility\":\"adaptability\",\"item\":\"\",\"pokeball\":\"pokeball\",\"ability\":\"adaptability\",\"commanding\":false,\"reviving\":false,\"teraType\":\"Water\",\"terastallized\":\"\"}]},\"rqid\":44}\n|inactive|Time left: 300 sec this turn | 300 sec total\n|\n|t:|1783391569\n|move|p2a: Bellibolt|Thunderbolt|p1a: Gurdurr\n|-damage|p1a: Gurdurr|135/283\n|move|p1a: Gurdurr|Knock Off|p2a: Bellibolt\n|-damage|p2a: Bellibolt|50/100\n|-start|p2a: Bellibolt|Charge|Knock Off|[from] ability: Electromorphosis\n|-enditem|p2a: Bellibolt|Leftovers|[from] move: Knock Off|[of] p1a: Gurdurr\n|\n|-weather|SunnyDay|[upkeep]\n|upkeep\n|turn|17\n|request|{\"active\":[{\"moves\":[{\"move\":\"Bulk Up\",\"id\":\"bulkup\",\"pp\":31,\"maxpp\":32,\"target\":\"self\",\"disabled\":false},{\"move\":\"Knock Off\",\"id\":\"knockoff\",\"pp\":31,\"maxpp\":32,\"target\":\"normal\",\"disabled\":false},{\"move\":\"Mach Punch\",\"id\":\"machpunch\",\"pp\":48,\"maxpp\":48,\"target\":\"normal\",\"disabled\":false},{\"move\":\"Drain Punch\",\"id\":\"drainpunch\",\"pp\":15,\"maxpp\":16,\"target\":\"normal\",\"disabled\":false}]}],\"side\":{\"name\":\"p0x042185e\",\"id\":\"p1\",\"pokemon\":[{\"ident\":\"p1: Gurdurr\",\"details\":\"Gurdurr, L85, M\",\"condition\":\"135/283\",\"active\":true,\"stats\":{\"atk\":227,\"def\":193,\"spa\":117,\"spd\":134,\"spe\":117},\"moves\":[\"bulkup\",\"knockoff\",\"machpunch\",\"drainpunch\"],\"baseAbility\":\"guts\",\"item\":\"\",\"pokeball\":\"pokeball\",\"ability\":\"guts\",\"commanding\":false,\"reviving\":false,\"teraType\":\"Steel\",\"terastallized\":\"\"},{\"ident\":\"p1: Staraptor\",\"details\":\"Staraptor, L79, F\",\"condition\":\"233/263\",\"active\":false,\"stats\":{\"atk\":235,\"def\":156,\"spa\":125,\"spd\":140,\"spe\":204},\"moves\":[\"closecombat\",\"bravebird\",\"quickattack\",\"uturn\"],\"baseAbility\":\"reckless\",\"item\":\"choiceband\",\"pokeball\":\"pokeball\",\"ability\":\"reckless\",\"commanding\":false,\"reviving\":false,\"teraType\":\"Fighting\",\"terastallized\":\"\"},{\"ident\":\"p1: Luxray\",\"details\":\"Luxray, L88, M\",\"condition\":\"58/284\",\"active\":false,\"stats\":{\"atk\":261,\"def\":189,\"spa\":217,\"spd\":189,\"spe\":173},\"moves\":[\"playrough\",\"throatchop\",\"wildcharge\",\"voltswitch\"],\"baseAbility\":\"intimidate\",\"item\":\"assaultvest\",\"pokeball\":\"pokeball\",\"ability\":\"intimidate\",\"commanding\":false,\"reviving\":false,\"teraType\":\"Electric\",\"terastallized\":\"\"},{\"ident\":\"p1: Chi-Yu\",\"details\":\"Chi-Yu, L77\",\"condition\":\"0 fnt\",\"active\":false,\"stats\":{\"atk\":128,\"def\":168,\"spa\":252,\"spd\":229,\"spe\":199},\"moves\":[\"darkpulse\",\"fireblast\",\"willowisp\",\"nastyplot\"],\"baseAbility\":\"beadsofruin\",\"item\":\"heavydutyboots\",\"pokeball\":\"pokeball\",\"ability\":\"beadsofruin\",\"commanding\":false,\"reviving\":false,\"teraType\":\"Dark\",\"terastallized\":\"\"},{\"ident\":\"p1: Torkoal\",\"details\":\"Torkoal, L88, F\",\"condition\":\"0 fnt\",\"active\":false,\"stats\":{\"atk\":200,\"def\":297,\"spa\":200,\"spd\":173,\"spe\":85},\"moves\":[\"fireblast\",\"solarbeam\",\"rapidspin\",\"earthquake\"],\"baseAbility\":\"drought\",\"item\":\"heavydutyboots\",\"pokeball\":\"pokeball\",\"ability\":\"drought\",\"commanding\":false,\"reviving\":false,\"teraType\":\"Grass\",\"terastallized\":\"\"},{\"ident\":\"p1: Basculegion\",\"details\":\"Basculegion, L80, M\",\"condition\":\"0 fnt\",\"active\":false,\"stats\":{\"atk\":225,\"def\":150,\"spa\":174,\"spd\":166,\"spe\":171},\"moves\":[\"aquajet\",\"wavecrash\",\"shadowball\",\"flipturn\"],\"baseAbility\":\"adaptability\",\"item\":\"\",\"pokeball\":\"pokeball\",\"ability\":\"adaptability\",\"commanding\":false,\"reviving\":false,\"teraType\":\"Water\",\"terastallized\":\"\"}]},\"rqid\":46}\n|inactive|Time left: 300 sec this turn | 300 sec total\n|\n|t:|1783391569\n|move|p1a: Gurdurr|Mach Punch|p2a: Bellibolt\n|-damage|p2a: Bellibolt|35/100\n|-start|p2a: Bellibolt|Charge|Mach Punch|[from] ability: Electromorphosis\n|move|p2a: Bellibolt|Thunderbolt|p1a: Gurdurr\n|-damage|p1a: Gurdurr|0 fnt\n|faint|p1a: Gurdurr\n|-end|p2a: Bellibolt|Charge|[silent]\n|\n|-weather|none\n|upkeep\n|request|{\"forceSwitch\":[true],\"side\":{\"name\":\"p0x042185e\",\"id\":\"p1\",\"pokemon\":[{\"ident\":\"p1: Gurdurr\",\"details\":\"Gurdurr, L85, M\",\"condition\":\"0 fnt\",\"active\":true,\"stats\":{\"atk\":227,\"def\":193,\"spa\":117,\"spd\":134,\"spe\":117},\"moves\":[\"bulkup\",\"knockoff\",\"machpunch\",\"drainpunch\"],\"baseAbility\":\"guts\",\"item\":\"\",\"pokeball\":\"pokeball\",\"ability\":\"guts\",\"commanding\":false,\"reviving\":false,\"teraType\":\"Steel\",\"terastallized\":\"\"},{\"ident\":\"p1: Staraptor\",\"details\":\"Staraptor, L79, F\",\"condition\":\"233/263\",\"active\":false,\"stats\":{\"atk\":235,\"def\":156,\"spa\":125,\"spd\":140,\"spe\":204},\"moves\":[\"closecombat\",\"bravebird\",\"quickattack\",\"uturn\"],\"baseAbility\":\"reckless\",\"item\":\"choiceband\",\"pokeball\":\"pokeball\",\"ability\":\"reckless\",\"commanding\":false,\"reviving\":false,\"teraType\":\"Fighting\",\"terastallized\":\"\"},{\"ident\":\"p1: Luxray\",\"details\":\"Luxray, L88, M\",\"condition\":\"58/284\",\"active\":false,\"stats\":{\"atk\":261,\"def\":189,\"spa\":217,\"spd\":189,\"spe\":173},\"moves\":[\"playrough\",\"throatchop\",\"wildcharge\",\"voltswitch\"],\"baseAbility\":\"intimidate\",\"item\":\"assaultvest\",\"pokeball\":\"pokeball\",\"ability\":\"intimidate\",\"commanding\":false,\"reviving\":false,\"teraType\":\"Electric\",\"terastallized\":\"\"},{\"ident\":\"p1: Chi-Yu\",\"details\":\"Chi-Yu, L77\",\"condition\":\"0 fnt\",\"active\":false,\"stats\":{\"atk\":128,\"def\":168,\"spa\":252,\"spd\":229,\"spe\":199},\"moves\":[\"darkpulse\",\"fireblast\",\"willowisp\",\"nastyplot\"],\"baseAbility\":\"beadsofruin\",\"item\":\"heavydutyboots\",\"pokeball\":\"pokeball\",\"ability\":\"beadsofruin\",\"commanding\":false,\"reviving\":false,\"teraType\":\"Dark\",\"terastallized\":\"\"},{\"ident\":\"p1: Torkoal\",\"details\":\"Torkoal, L88, F\",\"condition\":\"0 fnt\",\"active\":false,\"stats\":{\"atk\":200,\"def\":297,\"spa\":200,\"spd\":173,\"spe\":85},\"moves\":[\"fireblast\",\"solarbeam\",\"rapidspin\",\"earthquake\"],\"baseAbility\":\"drought\",\"item\":\"heavydutyboots\",\"pokeball\":\"pokeball\",\"ability\":\"drought\",\"commanding\":false,\"reviving\":false,\"teraType\":\"Grass\",\"terastallized\":\"\"},{\"ident\":\"p1: Basculegion\",\"details\":\"Basculegion, L80, M\",\"condition\":\"0 fnt\",\"active\":false,\"stats\":{\"atk\":225,\"def\":150,\"spa\":174,\"spd\":166,\"spe\":171},\"moves\":[\"aquajet\",\"wavecrash\",\"shadowball\",\"flipturn\"],\"baseAbility\":\"adaptability\",\"item\":\"\",\"pokeball\":\"pokeball\",\"ability\":\"adaptability\",\"commanding\":false,\"reviving\":false,\"teraType\":\"Water\",\"terastallized\":\"\"}]},\"noCancel\":true,\"rqid\":48}\n|inactive|Time left: 300 sec this turn | 300 sec total | 5 sec grace\n|\n|t:|1783391569\n|switch|p1a: Staraptor|Staraptor, L79, F|233/263\n|turn|18\n|request|{\"active\":[{\"moves\":[{\"move\":\"Close Combat\",\"id\":\"closecombat\",\"pp\":8,\"maxpp\":8,\"target\":\"normal\",\"disabled\":false},{\"move\":\"Brave Bird\",\"id\":\"bravebird\",\"pp\":23,\"maxpp\":24,\"target\":\"any\",\"disabled\":false},{\"move\":\"Quick Attack\",\"id\":\"quickattack\",\"pp\":48,\"maxpp\":48,\"target\":\"normal\",\"disabled\":false},{\"move\":\"U-turn\",\"id\":\"uturn\",\"pp\":32,\"maxpp\":32,\"target\":\"normal\",\"disabled\":false}]}],\"side\":{\"name\":\"p0x042185e\",\"id\":\"p1\",\"pokemon\":[{\"ident\":\"p1: Staraptor\",\"details\":\"Staraptor, L79, F\",\"condition\":\"233/263\",\"active\":true,\"stats\":{\"atk\":235,\"def\":156,\"spa\":125,\"spd\":140,\"spe\":204},\"moves\":[\"closecombat\",\"bravebird\",\"quickattack\",\"uturn\"],\"baseAbility\":\"reckless\",\"item\":\"choiceband\",\"pokeball\":\"pokeball\",\"ability\":\"reckless\",\"commanding\":false,\"reviving\":false,\"teraType\":\"Fighting\",\"terastallized\":\"\"},{\"ident\":\"p1: Gurdurr\",\"details\":\"Gurdurr, L85, M\",\"condition\":\"0 fnt\",\"active\":false,\"stats\":{\"atk\":227,\"def\":193,\"spa\":117,\"spd\":134,\"spe\":117},\"moves\":[\"bulkup\",\"knockoff\",\"machpunch\",\"drainpunch\"],\"baseAbility\":\"guts\",\"item\":\"\",\"pokeball\":\"pokeball\",\"ability\":\"guts\",\"commanding\":false,\"reviving\":false,\"teraType\":\"Steel\",\"terastallized\":\"\"},{\"ident\":\"p1: Luxray\",\"details\":\"Luxray, L88, M\",\"condition\":\"58/284\",\"active\":false,\"stats\":{\"atk\":261,\"def\":189,\"spa\":217,\"spd\":189,\"spe\":173},\"moves\":[\"playrough\",\"throatchop\",\"wildcharge\",\"voltswitch\"],\"baseAbility\":\"intimidate\",\"item\":\"assaultvest\",\"pokeball\":\"pokeball\",\"ability\":\"intimidate\",\"commanding\":false,\"reviving\":false,\"teraType\":\"Electric\",\"terastallized\":\"\"},{\"ident\":\"p1: Chi-Yu\",\"details\":\"Chi-Yu, L77\",\"condition\":\"0 fnt\",\"active\":false,\"stats\":{\"atk\":128,\"def\":168,\"spa\":252,\"spd\":229,\"spe\":199},\"moves\":[\"darkpulse\",\"fireblast\",\"willowisp\",\"nastyplot\"],\"baseAbility\":\"beadsofruin\",\"item\":\"heavydutyboots\",\"pokeball\":\"pokeball\",\"ability\":\"beadsofruin\",\"commanding\":false,\"reviving\":false,\"teraType\":\"Dark\",\"terastallized\":\"\"},{\"ident\":\"p1: Torkoal\",\"details\":\"Torkoal, L88, F\",\"condition\":\"0 fnt\",\"active\":false,\"stats\":{\"atk\":200,\"def\":297,\"spa\":200,\"spd\":173,\"spe\":85},\"moves\":[\"fireblast\",\"solarbeam\",\"rapidspin\",\"earthquake\"],\"baseAbility\":\"drought\",\"item\":\"heavydutyboots\",\"pokeball\":\"pokeball\",\"ability\":\"drought\",\"commanding\":false,\"reviving\":false,\"teraType\":\"Grass\",\"terastallized\":\"\"},{\"ident\":\"p1: Basculegion\",\"details\":\"Basculegion, L80, M\",\"condition\":\"0 fnt\",\"active\":false,\"stats\":{\"atk\":225,\"def\":150,\"spa\":174,\"spd\":166,\"spe\":171},\"moves\":[\"aquajet\",\"wavecrash\",\"shadowball\",\"flipturn\"],\"baseAbility\":\"adaptability\",\"item\":\"\",\"pokeball\":\"pokeball\",\"ability\":\"adaptability\",\"commanding\":false,\"reviving\":false,\"teraType\":\"Water\",\"terastallized\":\"\"}]},\"rqid\":50}\n|inactive|Time left: 300 sec this turn | 300 sec total\n|\n|t:|1783391569\n|move|p1a: Staraptor|Quick Attack|p2a: Bellibolt\n|-damage|p2a: Bellibolt|14/100\n|-start|p2a: Bellibolt|Charge|Quick Attack|[from] ability: Electromorphosis\n|move|p2a: Bellibolt|Slack Off|p2a: Bellibolt\n|-heal|p2a: Bellibolt|64/100\n|\n|upkeep\n|turn|19\n|request|{\"active\":[{\"moves\":[{\"move\":\"Close Combat\",\"id\":\"closecombat\",\"pp\":8,\"maxpp\":8,\"target\":\"normal\",\"disabled\":true},{\"move\":\"Brave Bird\",\"id\":\"bravebird\",\"pp\":23,\"maxpp\":24,\"target\":\"any\",\"disabled\":true},{\"move\":\"Quick Attack\",\"id\":\"quickattack\",\"pp\":47,\"maxpp\":48,\"target\":\"normal\",\"disabled\":false},{\"move\":\"U-turn\",\"id\":\"uturn\",\"pp\":32,\"maxpp\":32,\"target\":\"normal\",\"disabled\":true}]}],\"side\":{\"name\":\"p0x042185e\",\"id\":\"p1\",\"pokemon\":[{\"ident\":\"p1: Staraptor\",\"details\":\"Staraptor, L79, F\",\"condition\":\"233/263\",\"active\":true,\"stats\":{\"atk\":235,\"def\":156,\"spa\":125,\"spd\":140,\"spe\":204},\"moves\":[\"closecombat\",\"bravebird\",\"quickattack\",\"uturn\"],\"baseAbility\":\"reckless\",\"item\":\"choiceband\",\"pokeball\":\"pokeball\",\"ability\":\"reckless\",\"commanding\":false,\"reviving\":false,\"teraType\":\"Fighting\",\"terastallized\":\"\"},{\"ident\":\"p1: Gurdurr\",\"details\":\"Gurdurr, L85, M\",\"condition\":\"0 fnt\",\"active\":false,\"stats\":{\"atk\":227,\"def\":193,\"spa\":117,\"spd\":134,\"spe\":117},\"moves\":[\"bulkup\",\"knockoff\",\"machpunch\",\"drainpunch\"],\"baseAbility\":\"guts\",\"item\":\"\",\"pokeball\":\"pokeball\",\"ability\":\"guts\",\"commanding\":false,\"reviving\":false,\"teraType\":\"Steel\",\"terastallized\":\"\"},{\"ident\":\"p1: Luxray\",\"details\":\"Luxray, L88, M\",\"condition\":\"58/284\",\"active\":false,\"stats\":{\"atk\":261,\"def\":189,\"spa\":217,\"spd\":189,\"spe\":173},\"moves\":[\"playrough\",\"throatchop\",\"wildcharge\",\"voltswitch\"],\"baseAbility\":\"intimidate\",\"item\":\"assaultvest\",\"pokeball\":\"pokeball\",\"ability\":\"intimidate\",\"commanding\":false,\"reviving\":false,\"teraType\":\"Electric\",\"terastallized\":\"\"},{\"ident\":\"p1: Chi-Yu\",\"details\":\"Chi-Yu, L77\",\"condition\":\"0 fnt\",\"active\":false,\"stats\":{\"atk\":128,\"def\":168,\"spa\":252,\"spd\":229,\"spe\":199},\"moves\":[\"darkpulse\",\"fireblast\",\"willowisp\",\"nastyplot\"],\"baseAbility\":\"beadsofruin\",\"item\":\"heavydutyboots\",\"pokeball\":\"pokeball\",\"ability\":\"beadsofruin\",\"commanding\":false,\"reviving\":false,\"teraType\":\"Dark\",\"terastallized\":\"\"},{\"ident\":\"p1: Torkoal\",\"details\":\"Torkoal, L88, F\",\"condition\":\"0 fnt\",\"active\":false,\"stats\":{\"atk\":200,\"def\":297,\"spa\":200,\"spd\":173,\"spe\":85},\"moves\":[\"fireblast\",\"solarbeam\",\"rapidspin\",\"earthquake\"],\"baseAbility\":\"drought\",\"item\":\"heavydutyboots\",\"pokeball\":\"pokeball\",\"ability\":\"drought\",\"commanding\":false,\"reviving\":false,\"teraType\":\"Grass\",\"terastallized\":\"\"},{\"ident\":\"p1: Basculegion\",\"details\":\"Basculegion, L80, M\",\"condition\":\"0 fnt\",\"active\":false,\"stats\":{\"atk\":225,\"def\":150,\"spa\":174,\"spd\":166,\"spe\":171},\"moves\":[\"aquajet\",\"wavecrash\",\"shadowball\",\"flipturn\"],\"baseAbility\":\"adaptability\",\"item\":\"\",\"pokeball\":\"pokeball\",\"ability\":\"adaptability\",\"commanding\":false,\"reviving\":false,\"teraType\":\"Water\",\"terastallized\":\"\"}]},\"rqid\":52}\n|inactive|Time left: 300 sec this turn | 300 sec total\n|\n|t:|1783391570\n|move|p1a: Staraptor|Quick Attack|p2a: Bellibolt\n|-damage|p2a: Bellibolt|45/100\n|-start|p2a: Bellibolt|Charge|Quick Attack|[from] ability: Electromorphosis\n|move|p2a: Bellibolt|Thunderbolt|p1a: Staraptor\n|-supereffective|p1a: Staraptor\n|-damage|p1a: Staraptor|0 fnt\n|faint|p1a: Staraptor\n|-end|p2a: Bellibolt|Charge|[silent]\n|\n|upkeep\n|request|{\"forceSwitch\":[true],\"side\":{\"name\":\"p0x042185e\",\"id\":\"p1\",\"pokemon\":[{\"ident\":\"p1: Staraptor\",\"details\":\"Staraptor, L79, F\",\"condition\":\"0 fnt\",\"active\":true,\"stats\":{\"atk\":235,\"def\":156,\"spa\":125,\"spd\":140,\"spe\":204},\"moves\":[\"closecombat\",\"bravebird\",\"quickattack\",\"uturn\"],\"baseAbility\":\"reckless\",\"item\":\"choiceband\",\"pokeball\":\"pokeball\",\"ability\":\"reckless\",\"commanding\":false,\"reviving\":false,\"teraType\":\"Fighting\",\"terastallized\":\"\"},{\"ident\":\"p1: Gurdurr\",\"details\":\"Gurdurr, L85, M\",\"condition\":\"0 fnt\",\"active\":false,\"stats\":{\"atk\":227,\"def\":193,\"spa\":117,\"spd\":134,\"spe\":117},\"moves\":[\"bulkup\",\"knockoff\",\"machpunch\",\"drainpunch\"],\"baseAbility\":\"guts\",\"item\":\"\",\"pokeball\":\"pokeball\",\"ability\":\"guts\",\"commanding\":false,\"reviving\":false,\"teraType\":\"Steel\",\"terastallized\":\"\"},{\"ident\":\"p1: Luxray\",\"details\":\"Luxray, L88, M\",\"condition\":\"58/284\",\"active\":false,\"stats\":{\"atk\":261,\"def\":189,\"spa\":217,\"spd\":189,\"spe\":173},\"moves\":[\"playrough\",\"throatchop\",\"wildcharge\",\"voltswitch\"],\"baseAbility\":\"intimidate\",\"item\":\"assaultvest\",\"pokeball\":\"pokeball\",\"ability\":\"intimidate\",\"commanding\":false,\"reviving\":false,\"teraType\":\"Electric\",\"terastallized\":\"\"},{\"ident\":\"p1: Chi-Yu\",\"details\":\"Chi-Yu, L77\",\"condition\":\"0 fnt\",\"active\":false,\"stats\":{\"atk\":128,\"def\":168,\"spa\":252,\"spd\":229,\"spe\":199},\"moves\":[\"darkpulse\",\"fireblast\",\"willowisp\",\"nastyplot\"],\"baseAbility\":\"beadsofruin\",\"item\":\"heavydutyboots\",\"pokeball\":\"pokeball\",\"ability\":\"beadsofruin\",\"commanding\":false,\"reviving\":false,\"teraType\":\"Dark\",\"terastallized\":\"\"},{\"ident\":\"p1: Torkoal\",\"details\":\"Torkoal, L88, F\",\"condition\":\"0 fnt\",\"active\":false,\"stats\":{\"atk\":200,\"def\":297,\"spa\":200,\"spd\":173,\"spe\":85},\"moves\":[\"fireblast\",\"solarbeam\",\"rapidspin\",\"earthquake\"],\"baseAbility\":\"drought\",\"item\":\"heavydutyboots\",\"pokeball\":\"pokeball\",\"ability\":\"drought\",\"commanding\":false,\"reviving\":false,\"teraType\":\"Grass\",\"terastallized\":\"\"},{\"ident\":\"p1: Basculegion\",\"details\":\"Basculegion, L80, M\",\"condition\":\"0 fnt\",\"active\":false,\"stats\":{\"atk\":225,\"def\":150,\"spa\":174,\"spd\":166,\"spe\":171},\"moves\":[\"aquajet\",\"wavecrash\",\"shadowball\",\"flipturn\"],\"baseAbility\":\"adaptability\",\"item\":\"\",\"pokeball\":\"pokeball\",\"ability\":\"adaptability\",\"commanding\":false,\"reviving\":false,\"teraType\":\"Water\",\"terastallized\":\"\"}]},\"noCancel\":true,\"rqid\":54}\n|inactive|Time left: 300 sec this turn | 300 sec total | 5 sec grace\n|\n|t:|1783391570\n|switch|p1a: Luxray|Luxray, L88, M|58/284\n|-ability|p1a: Luxray|Intimidate|boost\n|-unboost|p2a: Bellibolt|atk|1\n|turn|20\n|request|{\"active\":[{\"moves\":[{\"move\":\"Play Rough\",\"id\":\"playrough\",\"pp\":15,\"maxpp\":16,\"target\":\"normal\",\"disabled\":false},{\"move\":\"Throat Chop\",\"id\":\"throatchop\",\"pp\":23,\"maxpp\":24,\"target\":\"normal\",\"disabled\":false},{\"move\":\"Wild Charge\",\"id\":\"wildcharge\",\"pp\":23,\"maxpp\":24,\"target\":\"normal\",\"disabled\":false},{\"move\":\"Volt Switch\",\"id\":\"voltswitch\",\"pp\":30,\"maxpp\":32,\"target\":\"normal\",\"disabled\":false}]}],\"side\":{\"name\":\"p0x042185e\",\"id\":\"p1\",\"pokemon\":[{\"ident\":\"p1: Luxray\",\"details\":\"Luxray, L88, M\",\"condition\":\"58/284\",\"active\":true,\"stats\":{\"atk\":261,\"def\":189,\"spa\":217,\"spd\":189,\"spe\":173},\"moves\":[\"playrough\",\"throatchop\",\"wildcharge\",\"voltswitch\"],\"baseAbility\":\"intimidate\",\"item\":\"assaultvest\",\"pokeball\":\"pokeball\",\"ability\":\"intimidate\",\"commanding\":false,\"reviving\":false,\"teraType\":\"Electric\",\"terastallized\":\"\"},{\"ident\":\"p1: Gurdurr\",\"details\":\"Gurdurr, L85, M\",\"condition\":\"0 fnt\",\"active\":false,\"stats\":{\"atk\":227,\"def\":193,\"spa\":117,\"spd\":134,\"spe\":117},\"moves\":[\"bulkup\",\"knockoff\",\"machpunch\",\"drainpunch\"],\"baseAbility\":\"guts\",\"item\":\"\",\"pokeball\":\"pokeball\",\"ability\":\"guts\",\"commanding\":false,\"reviving\":false,\"teraType\":\"Steel\",\"terastallized\":\"\"},{\"ident\":\"p1: Staraptor\",\"details\":\"Staraptor, L79, F\",\"condition\":\"0 fnt\",\"active\":false,\"stats\":{\"atk\":235,\"def\":156,\"spa\":125,\"spd\":140,\"spe\":204},\"moves\":[\"closecombat\",\"bravebird\",\"quickattack\",\"uturn\"],\"baseAbility\":\"reckless\",\"item\":\"choiceband\",\"pokeball\":\"pokeball\",\"ability\":\"reckless\",\"commanding\":false,\"reviving\":false,\"teraType\":\"Fighting\",\"terastallized\":\"\"},{\"ident\":\"p1: Chi-Yu\",\"details\":\"Chi-Yu, L77\",\"condition\":\"0 fnt\",\"active\":false,\"stats\":{\"atk\":128,\"def\":168,\"spa\":252,\"spd\":229,\"spe\":199},\"moves\":[\"darkpulse\",\"fireblast\",\"willowisp\",\"nastyplot\"],\"baseAbility\":\"beadsofruin\",\"item\":\"heavydutyboots\",\"pokeball\":\"pokeball\",\"ability\":\"beadsofruin\",\"commanding\":false,\"reviving\":false,\"teraType\":\"Dark\",\"terastallized\":\"\"},{\"ident\":\"p1: Torkoal\",\"details\":\"Torkoal, L88, F\",\"condition\":\"0 fnt\",\"active\":false,\"stats\":{\"atk\":200,\"def\":297,\"spa\":200,\"spd\":173,\"spe\":85},\"moves\":[\"fireblast\",\"solarbeam\",\"rapidspin\",\"earthquake\"],\"baseAbility\":\"drought\",\"item\":\"heavydutyboots\",\"pokeball\":\"pokeball\",\"ability\":\"drought\",\"commanding\":false,\"reviving\":false,\"teraType\":\"Grass\",\"terastallized\":\"\"},{\"ident\":\"p1: Basculegion\",\"details\":\"Basculegion, L80, M\",\"condition\":\"0 fnt\",\"active\":false,\"stats\":{\"atk\":225,\"def\":150,\"spa\":174,\"spd\":166,\"spe\":171},\"moves\":[\"aquajet\",\"wavecrash\",\"shadowball\",\"flipturn\"],\"baseAbility\":\"adaptability\",\"item\":\"\",\"pokeball\":\"pokeball\",\"ability\":\"adaptability\",\"commanding\":false,\"reviving\":false,\"teraType\":\"Water\",\"terastallized\":\"\"}]},\"rqid\":56}\n|inactive|Time left: 300 sec this turn | 300 sec total\n|\n|t:|1783391570\n|switch|p2a: Infernape|Infernape, L82, M|100/100\n|move|p1a: Luxray|Play Rough|p2a: Infernape\n|-damage|p2a: Infernape|62/100\n|\n|upkeep\n|turn|21\n|request|{\"active\":[{\"moves\":[{\"move\":\"Play Rough\",\"id\":\"playrough\",\"pp\":14,\"maxpp\":16,\"target\":\"normal\",\"disabled\":false},{\"move\":\"Throat Chop\",\"id\":\"throatchop\",\"pp\":23,\"maxpp\":24,\"target\":\"normal\",\"disabled\":false},{\"move\":\"Wild Charge\",\"id\":\"wildcharge\",\"pp\":23,\"maxpp\":24,\"target\":\"normal\",\"disabled\":false},{\"move\":\"Volt Switch\",\"id\":\"voltswitch\",\"pp\":30,\"maxpp\":32,\"target\":\"normal\",\"disabled\":false}]}],\"side\":{\"name\":\"p0x042185e\",\"id\":\"p1\",\"pokemon\":[{\"ident\":\"p1: Luxray\",\"details\":\"Luxray, L88, M\",\"condition\":\"58/284\",\"active\":true,\"stats\":{\"atk\":261,\"def\":189,\"spa\":217,\"spd\":189,\"spe\":173},\"moves\":[\"playrough\",\"throatchop\",\"wildcharge\",\"voltswitch\"],\"baseAbility\":\"intimidate\",\"item\":\"assaultvest\",\"pokeball\":\"pokeball\",\"ability\":\"intimidate\",\"commanding\":false,\"reviving\":false,\"teraType\":\"Electric\",\"terastallized\":\"\"},{\"ident\":\"p1: Gurdurr\",\"details\":\"Gurdurr, L85, M\",\"condition\":\"0 fnt\",\"active\":false,\"stats\":{\"atk\":227,\"def\":193,\"spa\":117,\"spd\":134,\"spe\":117},\"moves\":[\"bulkup\",\"knockoff\",\"machpunch\",\"drainpunch\"],\"baseAbility\":\"guts\",\"item\":\"\",\"pokeball\":\"pokeball\",\"ability\":\"guts\",\"commanding\":false,\"reviving\":false,\"teraType\":\"Steel\",\"terastallized\":\"\"},{\"ident\":\"p1: Staraptor\",\"details\":\"Staraptor, L79, F\",\"condition\":\"0 fnt\",\"active\":false,\"stats\":{\"atk\":235,\"def\":156,\"spa\":125,\"spd\":140,\"spe\":204},\"moves\":[\"closecombat\",\"bravebird\",\"quickattack\",\"uturn\"],\"baseAbility\":\"reckless\",\"item\":\"choiceband\",\"pokeball\":\"pokeball\",\"ability\":\"reckless\",\"commanding\":false,\"reviving\":false,\"teraType\":\"Fighting\",\"terastallized\":\"\"},{\"ident\":\"p1: Chi-Yu\",\"details\":\"Chi-Yu, L77\",\"condition\":\"0 fnt\",\"active\":false,\"stats\":{\"atk\":128,\"def\":168,\"spa\":252,\"spd\":229,\"spe\":199},\"moves\":[\"darkpulse\",\"fireblast\",\"willowisp\",\"nastyplot\"],\"baseAbility\":\"beadsofruin\",\"item\":\"heavydutyboots\",\"pokeball\":\"pokeball\",\"ability\":\"beadsofruin\",\"commanding\":false,\"reviving\":false,\"teraType\":\"Dark\",\"terastallized\":\"\"},{\"ident\":\"p1: Torkoal\",\"details\":\"Torkoal, L88, F\",\"condition\":\"0 fnt\",\"active\":false,\"stats\":{\"atk\":200,\"def\":297,\"spa\":200,\"spd\":173,\"spe\":85},\"moves\":[\"fireblast\",\"solarbeam\",\"rapidspin\",\"earthquake\"],\"baseAbility\":\"drought\",\"item\":\"heavydutyboots\",\"pokeball\":\"pokeball\",\"ability\":\"drought\",\"commanding\":false,\"reviving\":false,\"teraType\":\"Grass\",\"terastallized\":\"\"},{\"ident\":\"p1: Basculegion\",\"details\":\"Basculegion, L80, M\",\"condition\":\"0 fnt\",\"active\":false,\"stats\":{\"atk\":225,\"def\":150,\"spa\":174,\"spd\":166,\"spe\":171},\"moves\":[\"aquajet\",\"wavecrash\",\"shadowball\",\"flipturn\"],\"baseAbility\":\"adaptability\",\"item\":\"\",\"pokeball\":\"pokeball\",\"ability\":\"adaptability\",\"commanding\":false,\"reviving\":false,\"teraType\":\"Water\",\"terastallized\":\"\"}]},\"rqid\":58}\n|inactive|Time left: 300 sec this turn | 300 sec total\n|\n|t:|1783391570\n|-terastallize|p2a: Infernape|Dark\n|move|p2a: Infernape|Knock Off|p1a: Luxray\n|-damage|p1a: Luxray|0 fnt\n|-enditem|p1a: Luxray|Assault Vest|[from] move: Knock Off|[of] p2a: Infernape\n|faint|p1a: Luxray\n|\n|win|p0y0429a4a", "uploadtime": 1783391570, "views": 0, "rating": 0, "private": 0, "password": null, "_winner": "p0y0429a4a", "_our_name": "p0x042185e"}ctive|Time left: 300 sec this turn | 300 sec total\n|\n|t:|1783391570\n|-terastallize|p2a: Infernape|Dark\n|move|p2a: Infernape|Knock Off|p1a: Luxray\n|-damage|p1a: Luxray|0 fnt\n|-enditem|p1a: Luxray|Assault Vest|[from] move: Knock Off|[of] p2a: Infernape\n|faint|p1a: Luxray\n|\n|win|p0y0429a4a", "uploadtime": 1783391570, "views": 0, "rating": 0, "private": 0, "password": null, "_winner": "p0y0429a4a", "_our_name": "p0y0429a4a"}