{"id": "battle-gen9randombattle-264", "formatid": "gen9randombattle", "format": "[Gen 9] Random Battle", "players": ["p0x0625df4", "p0y0622852"], "log": "|init|battle\n|title|p0x0625df4 vs. p0y0622852\n|j|\u2606p0x0625df4\n|j|\u2606p0y0622852\n|t:|1783391887\n|gametype|singles\n|player|p1|p0x0625df4|170|\n|player|p2|p0y0622852|266|\n|gen|9\n|tier|[Gen 9] Random Battle\n|rule|Species Clause: Limit one of each Pok\u00e9mon\n|rule|HP Percentage Mod: HP is shown in percentages\n|rule|Sleep Clause Mod: Limit one foe put to sleep\n|rule|Illusion Level Mod: Illusion disguises the Pok\u00e9mon's true level\n|\n|t:|1783391887\n|teamsize|p1|6\n|teamsize|p2|6\n|start\n|switch|p1a: Lanturn|Lanturn, L89, F|100/100\n|switch|p2a: Bruxish|Bruxish, L85, F|254/254\n|turn|1\n|request|{\"active\":[{\"moves\":[{\"move\":\"Crunch\",\"id\":\"crunch\",\"pp\":24,\"maxpp\":24,\"target\":\"normal\",\"disabled\":false},{\"move\":\"Ice Fang\",\"id\":\"icefang\",\"pp\":24,\"maxpp\":24,\"target\":\"normal\",\"disabled\":false},{\"move\":\"Psychic Fangs\",\"id\":\"psychicfangs\",\"pp\":16,\"maxpp\":16,\"target\":\"normal\",\"disabled\":false},{\"move\":\"Wave Crash\",\"id\":\"wavecrash\",\"pp\":16,\"maxpp\":16,\"target\":\"normal\",\"disabled\":false}],\"canTerastallize\":\"Dark\"}],\"side\":{\"name\":\"p0y0622852\",\"id\":\"p2\",\"pokemon\":[{\"ident\":\"p2: Bruxish\",\"details\":\"Bruxish, L85, F\",\"condition\":\"254/254\",\"active\":true,\"stats\":{\"atk\":227,\"def\":168,\"spa\":168,\"spd\":168,\"spe\":205},\"moves\":[\"crunch\",\"icefang\",\"psychicfangs\",\"wavecrash\"],\"baseAbility\":\"strongjaw\",\"item\":\"choiceband\",\"pokeball\":\"pokeball\",\"ability\":\"strongjaw\",\"commanding\":false,\"reviving\":false,\"teraType\":\"Dark\",\"terastallized\":\"\"},{\"ident\":\"p2: Alcremie\",\"details\":\"Alcremie-Mint-Cream, L90, F\",\"condition\":\"263/263\",\"active\":false,\"stats\":{\"atk\":113,\"def\":186,\"spa\":249,\"spd\":269,\"spe\":167},\"moves\":[\"terablast\",\"calmmind\",\"alluringvoice\",\"recover\"],\"baseAbility\":\"aromaveil\",\"item\":\"leftovers\",\"pokeball\":\"pokeball\",\"ability\":\"aromaveil\",\"commanding\":false,\"reviving\":false,\"teraType\":\"Ground\",\"terastallized\":\"\"},{\"ident\":\"p2: Dragonite\",\"details\":\"Dragonite, L74, M\",\"condition\":\"257/257\",\"active\":false,\"stats\":{\"atk\":241,\"def\":184,\"spa\":191,\"spd\":191,\"spe\":161},\"moves\":[\"outrage\",\"earthquake\",\"dragondance\",\"ironhead\"],\"baseAbility\":\"multiscale\",\"item\":\"heavydutyboots\",\"pokeball\":\"pokeball\",\"ability\":\"multiscale\",\"commanding\":false,\"reviving\":false,\"teraType\":\"Steel\",\"terastallized\":\"\"},{\"ident\":\"p2: Spidops\",\"details\":\"Spidops, L96, F\",\"condition\":\"271/271\",\"active\":false,\"stats\":{\"atk\":206,\"def\":231,\"spa\":154,\"spd\":220,\"spe\":122},\"moves\":[\"stickyweb\",\"uturn\",\"knockoff\",\"toxicspikes\"],\"baseAbility\":\"stakeout\",\"item\":\"heavydutyboots\",\"pokeball\":\"pokeball\",\"ability\":\"stakeout\",\"commanding\":false,\"reviving\":false,\"teraType\":\"Ghost\",\"terastallized\":\"\"},{\"ident\":\"p2: Ho-Oh\",\"details\":\"Ho-Oh, L71\",\"condition\":\"268/268\",\"active\":false,\"stats\":{\"atk\":226,\"def\":169,\"spa\":198,\"spd\":260,\"spe\":169},\"moves\":[\"bravebird\",\"earthquake\",\"recover\",\"sacredfire\"],\"baseAbility\":\"regenerator\",\"item\":\"heavydutyboots\",\"pokeball\":\"pokeball\",\"ability\":\"regenerator\",\"commanding\":false,\"reviving\":false,\"teraType\":\"Steel\",\"terastallized\":\"\"},{\"ident\":\"p2: Sandaconda\",\"details\":\"Sandaconda, L84, M\",\"condition\":\"258/258\",\"active\":false,\"stats\":{\"atk\":228,\"def\":258,\"spa\":157,\"spd\":166,\"spe\":167},\"moves\":[\"coil\",\"earthquake\",\"rockblast\",\"scaleshot\"],\"baseAbility\":\"shedskin\",\"item\":\"loadeddice\",\"pokeball\":\"pokeball\",\"ability\":\"shedskin\",\"commanding\":false,\"reviving\":false,\"teraType\":\"Dragon\",\"terastallized\":\"\"}]},\"rqid\":3}\n|html|<div class=\"message-error\">You must be registered to chat in temporary rooms (like battles).</div>You may register in the <button name=\"openOptions\"><i class=\"fa fa-cog\"></i> Options</button> menu.\n|inactive|Battle timer is ON: inactive players will automatically lose when time's up. (requested by p0y0622852)\n|inactive|p0x0625df4 also wants the timer to be on.\n|\n|t:|1783391887\n|move|p2a: Bruxish|Psychic Fangs|p1a: Lanturn\n|-damage|p1a: Lanturn|29/100\n|move|p1a: Lanturn|Thunderbolt|p2a: Bruxish\n|-supereffective|p2a: Bruxish\n|-damage|p2a: Bruxish|50/254\n|-status|p2a: Bruxish|par\n|\n|upkeep\n|turn|2\n|request|{\"active\":[{\"moves\":[{\"move\":\"Crunch\",\"id\":\"crunch\",\"pp\":24,\"maxpp\":24,\"target\":\"normal\",\"disabled\":true},{\"move\":\"Ice Fang\",\"id\":\"icefang\",\"pp\":24,\"maxpp\":24,\"target\":\"normal\",\"disabled\":true},{\"move\":\"Psychic Fangs\",\"id\":\"psychicfangs\",\"pp\":15,\"maxpp\":16,\"target\":\"normal\",\"disabled\":false},{\"move\":\"Wave Crash\",\"id\":\"wavecrash\",\"pp\":16,\"maxpp\":16,\"target\":\"normal\",\"disabled\":true}],\"canTerastallize\":\"Dark\"}],\"side\":{\"name\":\"p0y0622852\",\"id\":\"p2\",\"pokemon\":[{\"ident\":\"p2: Bruxish\",\"details\":\"Bruxish, L85, F\",\"condition\":\"50/254 par\",\"active\":true,\"stats\":{\"atk\":227,\"def\":168,\"spa\":168,\"spd\":168,\"spe\":205},\"moves\":[\"crunch\",\"icefang\",\"psychicfangs\",\"wavecrash\"],\"baseAbility\":\"strongjaw\",\"item\":\"choiceband\",\"pokeball\":\"pokeball\",\"ability\":\"strongjaw\",\"commanding\":false,\"reviving\":false,\"teraType\":\"Dark\",\"terastallized\":\"\"},{\"ident\":\"p2: Alcremie\",\"details\":\"Alcremie-Mint-Cream, L90, F\",\"condition\":\"263/263\",\"active\":false,\"stats\":{\"atk\":113,\"def\":186,\"spa\":249,\"spd\":269,\"spe\":167},\"moves\":[\"terablast\",\"calmmind\",\"alluringvoice\",\"recover\"],\"baseAbility\":\"aromaveil\",\"item\":\"leftovers\",\"pokeball\":\"pokeball\",\"ability\":\"aromaveil\",\"commanding\":false,\"reviving\":false,\"teraType\":\"Ground\",\"terastallized\":\"\"},{\"ident\":\"p2: Dragonite\",\"details\":\"Dragonite, L74, M\",\"condition\":\"257/257\",\"active\":false,\"stats\":{\"atk\":241,\"def\":184,\"spa\":191,\"spd\":191,\"spe\":161},\"moves\":[\"outrage\",\"earthquake\",\"dragondance\",\"ironhead\"],\"baseAbility\":\"multiscale\",\"item\":\"heavydutyboots\",\"pokeball\":\"pokeball\",\"ability\":\"multiscale\",\"commanding\":false,\"reviving\":false,\"teraType\":\"Steel\",\"terastallized\":\"\"},{\"ident\":\"p2: Spidops\",\"details\":\"Spidops, L96, F\",\"condition\":\"271/271\",\"active\":false,\"stats\":{\"atk\":206,\"def\":231,\"spa\":154,\"spd\":220,\"spe\":122},\"moves\":[\"stickyweb\",\"uturn\",\"knockoff\",\"toxicspikes\"],\"baseAbility\":\"stakeout\",\"item\":\"heavydutyboots\",\"pokeball\":\"pokeball\",\"ability\":\"stakeout\",\"commanding\":false,\"reviving\":false,\"teraType\":\"Ghost\",\"terastallized\":\"\"},{\"ident\":\"p2: Ho-Oh\",\"details\":\"Ho-Oh, L71\",\"condition\":\"268/268\",\"active\":false,\"stats\":{\"atk\":226,\"def\":169,\"spa\":198,\"spd\":260,\"spe\":169},\"moves\":[\"bravebird\",\"earthquake\",\"recover\",\"sacredfire\"],\"baseAbility\":\"regenerator\",\"item\":\"heavydutyboots\",\"pokeball\":\"pokeball\",\"ability\":\"regenerator\",\"commanding\":false,\"reviving\":false,\"teraType\":\"Steel\",\"terastallized\":\"\"},{\"ident\":\"p2: Sandaconda\",\"details\":\"Sandaconda, L84, M\",\"condition\":\"258/258\",\"active\":false,\"stats\":{\"atk\":228,\"def\":258,\"spa\":157,\"spd\":166,\"spe\":167},\"moves\":[\"coil\",\"earthquake\",\"rockblast\",\"scaleshot\"],\"baseAbility\":\"shedskin\",\"item\":\"loadeddice\",\"pokeball\":\"pokeball\",\"ability\":\"shedskin\",\"commanding\":false,\"reviving\":false,\"teraType\":\"Dragon\",\"terastallized\":\"\"}]},\"rqid\":5}\n|inactive|Time left: 300 sec this turn | 300 sec total\n|\n|t:|1783391888\n|move|p1a: Lanturn|Volt Switch|p2a: Bruxish\n|-supereffective|p2a: Bruxish\n|-damage|p2a: Bruxish|0 fnt\n|faint|p2a: Bruxish\n|request|{\"wait\":true,\"side\":{\"name\":\"p0y0622852\",\"id\":\"p2\",\"pokemon\":[{\"ident\":\"p2: Bruxish\",\"details\":\"Bruxish, L85, F\",\"condition\":\"0 fnt\",\"active\":true,\"stats\":{\"atk\":227,\"def\":168,\"spa\":168,\"spd\":168,\"spe\":205},\"moves\":[\"crunch\",\"icefang\",\"psychicfangs\",\"wavecrash\"],\"baseAbility\":\"strongjaw\",\"item\":\"choiceband\",\"pokeball\":\"pokeball\",\"ability\":\"strongjaw\",\"commanding\":false,\"reviving\":false,\"teraType\":\"Dark\",\"terastallized\":\"\"},{\"ident\":\"p2: Alcremie\",\"details\":\"Alcremie-Mint-Cream, L90, F\",\"condition\":\"263/263\",\"active\":false,\"stats\":{\"atk\":113,\"def\":186,\"spa\":249,\"spd\":269,\"spe\":167},\"moves\":[\"terablast\",\"calmmind\",\"alluringvoice\",\"recover\"],\"baseAbility\":\"aromaveil\",\"item\":\"leftovers\",\"pokeball\":\"pokeball\",\"ability\":\"aromaveil\",\"commanding\":false,\"reviving\":false,\"teraType\":\"Ground\",\"terastallized\":\"\"},{\"ident\":\"p2: Dragonite\",\"details\":\"Dragonite, L74, M\",\"condition\":\"257/257\",\"active\":false,\"stats\":{\"atk\":241,\"def\":184,\"spa\":191,\"spd\":191,\"spe\":161},\"moves\":[\"outrage\",\"earthquake\",\"dragondance\",\"ironhead\"],\"baseAbility\":\"multiscale\",\"item\":\"heavydutyboots\",\"pokeball\":\"pokeball\",\"ability\":\"multiscale\",\"commanding\":false,\"reviving\":false,\"teraType\":\"Steel\",\"terastallized\":\"\"},{\"ident\":\"p2: Spidops\",\"details\":\"Spidops, L96, F\",\"condition\":\"271/271\",\"active\":false,\"stats\":{\"atk\":206,\"def\":231,\"spa\":154,\"spd\":220,\"spe\":122},\"moves\":[\"stickyweb\",\"uturn\",\"knockoff\",\"toxicspikes\"],\"baseAbility\":\"stakeout\",\"item\":\"heavydutyboots\",\"pokeball\":\"pokeball\",\"ability\":\"stakeout\",\"commanding\":false,\"reviving\":false,\"teraType\":\"Ghost\",\"terastallized\":\"\"},{\"ident\":\"p2: Ho-Oh\",\"details\":\"Ho-Oh, L71\",\"condition\":\"268/268\",\"active\":false,\"stats\":{\"atk\":226,\"def\":169,\"spa\":198,\"spd\":260,\"spe\":169},\"moves\":[\"bravebird\",\"earthquake\",\"recover\",\"sacredfire\"],\"baseAbility\":\"regenerator\",\"item\":\"heavydutyboots\",\"pokeball\":\"pokeball\",\"ability\":\"regenerator\",\"commanding\":false,\"reviving\":false,\"teraType\":\"Steel\",\"terastallized\":\"\"},{\"ident\":\"p2: Sandaconda\",\"details\":\"Sandaconda, L84, M\",\"condition\":\"258/258\",\"active\":false,\"stats\":{\"atk\":228,\"def\":258,\"spa\":157,\"spd\":166,\"spe\":167},\"moves\":[\"coil\",\"earthquake\",\"rockblast\",\"scaleshot\"],\"baseAbility\":\"shedskin\",\"item\":\"loadeddice\",\"pokeball\":\"pokeball\",\"ability\":\"shedskin\",\"commanding\":false,\"reviving\":false,\"teraType\":\"Dragon\",\"terastallized\":\"\"}]},\"rqid\":7}\n|\n|t:|1783391888\n|switch|p1a: Enamorus|Enamorus-Therian, L83, F|100/100|[from] Volt Switch\n|\n|upkeep\n|request|{\"forceSwitch\":[true],\"side\":{\"name\":\"p0y0622852\",\"id\":\"p2\",\"pokemon\":[{\"ident\":\"p2: Bruxish\",\"details\":\"Bruxish, L85, F\",\"condition\":\"0 fnt\",\"active\":true,\"stats\":{\"atk\":227,\"def\":168,\"spa\":168,\"spd\":168,\"spe\":205},\"moves\":[\"crunch\",\"icefang\",\"psychicfangs\",\"wavecrash\"],\"baseAbility\":\"strongjaw\",\"item\":\"choiceband\",\"pokeball\":\"pokeball\",\"ability\":\"strongjaw\",\"commanding\":false,\"reviving\":false,\"teraType\":\"Dark\",\"terastallized\":\"\"},{\"ident\":\"p2: Alcremie\",\"details\":\"Alcremie-Mint-Cream, L90, F\",\"condition\":\"263/263\",\"active\":false,\"stats\":{\"atk\":113,\"def\":186,\"spa\":249,\"spd\":269,\"spe\":167},\"moves\":[\"terablast\",\"calmmind\",\"alluringvoice\",\"recover\"],\"baseAbility\":\"aromaveil\",\"item\":\"leftovers\",\"pokeball\":\"pokeball\",\"ability\":\"aromaveil\",\"commanding\":false,\"reviving\":false,\"teraType\":\"Ground\",\"terastallized\":\"\"},{\"ident\":\"p2: Dragonite\",\"details\":\"Dragonite, L74, M\",\"condition\":\"257/257\",\"active\":false,\"stats\":{\"atk\":241,\"def\":184,\"spa\":191,\"spd\":191,\"spe\":161},\"moves\":[\"outrage\",\"earthquake\",\"dragondance\",\"ironhead\"],\"baseAbility\":\"multiscale\",\"item\":\"heavydutyboots\",\"pokeball\":\"pokeball\",\"ability\":\"multiscale\",\"commanding\":false,\"reviving\":false,\"teraType\":\"Steel\",\"terastallized\":\"\"},{\"ident\":\"p2: Spidops\",\"details\":\"Spidops, L96, F\",\"condition\":\"271/271\",\"active\":false,\"stats\":{\"atk\":206,\"def\":231,\"spa\":154,\"spd\":220,\"spe\":122},\"moves\":[\"stickyweb\",\"uturn\",\"knockoff\",\"toxicspikes\"],\"baseAbility\":\"stakeout\",\"item\":\"heavydutyboots\",\"pokeball\":\"pokeball\",\"ability\":\"stakeout\",\"commanding\":false,\"reviving\":false,\"teraType\":\"Ghost\",\"terastallized\":\"\"},{\"ident\":\"p2: Ho-Oh\",\"details\":\"Ho-Oh, L71\",\"condition\":\"268/268\",\"active\":false,\"stats\":{\"atk\":226,\"def\":169,\"spa\":198,\"spd\":260,\"spe\":169},\"moves\":[\"bravebird\",\"earthquake\",\"recover\",\"sacredfire\"],\"baseAbility\":\"regenerator\",\"item\":\"heavydutyboots\",\"pokeball\":\"pokeball\",\"ability\":\"regenerator\",\"commanding\":false,\"reviving\":false,\"teraType\":\"Steel\",\"terastallized\":\"\"},{\"ident\":\"p2: Sandaconda\",\"details\":\"Sandaconda, L84, M\",\"condition\":\"258/258\",\"active\":false,\"stats\":{\"atk\":228,\"def\":258,\"spa\":157,\"spd\":166,\"spe\":167},\"moves\":[\"coil\",\"earthquake\",\"rockblast\",\"scaleshot\"],\"baseAbility\":\"shedskin\",\"item\":\"loadeddice\",\"pokeball\":\"pokeball\",\"ability\":\"shedskin\",\"commanding\":false,\"reviving\":false,\"teraType\":\"Dragon\",\"terastallized\":\"\"}]},\"noCancel\":true,\"rqid\":9}\n|inactive|Time left: 300 sec this turn | 300 sec total | 10 sec grace\n|\n|t:|1783391888\n|switch|p2a: Alcremie|Alcremie-Mint-Cream, L90, F|263/263\n|turn|3\n|request|{\"active\":[{\"moves\":[{\"move\":\"Tera Blast\",\"id\":\"terablast\",\"pp\":16,\"maxpp\":16,\"target\":\"normal\",\"disabled\":false},{\"move\":\"Calm Mind\",\"id\":\"calmmind\",\"pp\":32,\"maxpp\":32,\"target\":\"self\",\"disabled\":false},{\"move\":\"Alluring Voice\",\"id\":\"alluringvoice\",\"pp\":16,\"maxpp\":16,\"target\":\"normal\",\"disabled\":false},{\"move\":\"Recover\",\"id\":\"recover\",\"pp\":8,\"maxpp\":8,\"target\":\"self\",\"disabled\":false}],\"canTerastallize\":\"Ground\"}],\"side\":{\"name\":\"p0y0622852\",\"id\":\"p2\",\"pokemon\":[{\"ident\":\"p2: Alcremie\",\"details\":\"Alcremie-Mint-Cream, L90, F\",\"condition\":\"263/263\",\"active\":true,\"stats\":{\"atk\":113,\"def\":186,\"spa\":249,\"spd\":269,\"spe\":167},\"moves\":[\"terablast\",\"calmmind\",\"alluringvoice\",\"recover\"],\"baseAbility\":\"aromaveil\",\"item\":\"leftovers\",\"pokeball\":\"pokeball\",\"ability\":\"aromaveil\",\"commanding\":false,\"reviving\":false,\"teraType\":\"Ground\",\"terastallized\":\"\"},{\"ident\":\"p2: Bruxish\",\"details\":\"Bruxish, L85, F\",\"condition\":\"0 fnt\",\"active\":false,\"stats\":{\"atk\":227,\"def\":168,\"spa\":168,\"spd\":168,\"spe\":205},\"moves\":[\"crunch\",\"icefang\",\"psychicfangs\",\"wavecrash\"],\"baseAbility\":\"strongjaw\",\"item\":\"choiceband\",\"pokeball\":\"pokeball\",\"ability\":\"strongjaw\",\"commanding\":false,\"reviving\":false,\"teraType\":\"Dark\",\"terastallized\":\"\"},{\"ident\":\"p2: Dragonite\",\"details\":\"Dragonite, L74, M\",\"condition\":\"257/257\",\"active\":false,\"stats\":{\"atk\":241,\"def\":184,\"spa\":191,\"spd\":191,\"spe\":161},\"moves\":[\"outrage\",\"earthquake\",\"dragondance\",\"ironhead\"],\"baseAbility\":\"multiscale\",\"item\":\"heavydutyboots\",\"pokeball\":\"pokeball\",\"ability\":\"multiscale\",\"commanding\":false,\"reviving\":false,\"teraType\":\"Steel\",\"terastallized\":\"\"},{\"ident\":\"p2: Spidops\",\"details\":\"Spidops, L96, F\",\"condition\":\"271/271\",\"active\":false,\"stats\":{\"atk\":206,\"def\":231,\"spa\":154,\"spd\":220,\"spe\":122},\"moves\":[\"stickyweb\",\"uturn\",\"knockoff\",\"toxicspikes\"],\"baseAbility\":\"stakeout\",\"item\":\"heavydutyboots\",\"pokeball\":\"pokeball\",\"ability\":\"stakeout\",\"commanding\":false,\"reviving\":false,\"teraType\":\"Ghost\",\"terastallized\":\"\"},{\"ident\":\"p2: Ho-Oh\",\"details\":\"Ho-Oh, L71\",\"condition\":\"268/268\",\"active\":false,\"stats\":{\"atk\":226,\"def\":169,\"spa\":198,\"spd\":260,\"spe\":169},\"moves\":[\"bravebird\",\"earthquake\",\"recover\",\"sacredfire\"],\"baseAbility\":\"regenerator\",\"item\":\"heavydutyboots\",\"pokeball\":\"pokeball\",\"ability\":\"regenerator\",\"commanding\":false,\"reviving\":false,\"teraType\":\"Steel\",\"terastallized\":\"\"},{\"ident\":\"p2: Sandaconda\",\"details\":\"Sandaconda, L84, M\",\"condition\":\"258/258\",\"active\":false,\"stats\":{\"atk\":228,\"def\":258,\"spa\":157,\"spd\":166,\"spe\":167},\"moves\":[\"coil\",\"earthquake\",\"rockblast\",\"scaleshot\"],\"baseAbility\":\"shedskin\",\"item\":\"loadeddice\",\"pokeball\":\"pokeball\",\"ability\":\"shedskin\",\"commanding\":false,\"reviving\":false,\"teraType\":\"Dragon\",\"terastallized\":\"\"}]},\"rqid\":11}\n|inactive|Time left: 300 sec this turn | 300 sec total\n|\n|t:|1783391888\n|move|p2a: Alcremie|Calm Mind|p2a: Alcremie\n|-boost|p2a: Alcremie|spa|1\n|-boost|p2a: Alcremie|spd|1\n|move|p1a: Enamorus|Moonblast|p2a: Alcremie\n|-damage|p2a: Alcremie|203/263\n|\n|-heal|p2a: Alcremie|219/263|[from] item: Leftovers\n|upkeep\n|turn|4\n|request|{\"active\":[{\"moves\":[{\"move\":\"Tera Blast\",\"id\":\"terablast\",\"pp\":16,\"maxpp\":16,\"target\":\"normal\",\"disabled\":false},{\"move\":\"Calm Mind\",\"id\":\"calmmind\",\"pp\":31,\"maxpp\":32,\"target\":\"self\",\"disabled\":false},{\"move\":\"Alluring Voice\",\"id\":\"alluringvoice\",\"pp\":16,\"maxpp\":16,\"target\":\"normal\",\"disabled\":false},{\"move\":\"Recover\",\"id\":\"recover\",\"pp\":8,\"maxpp\":8,\"target\":\"self\",\"disabled\":false}],\"canTerastallize\":\"Ground\"}],\"side\":{\"name\":\"p0y0622852\",\"id\":\"p2\",\"pokemon\":[{\"ident\":\"p2: Alcremie\",\"details\":\"Alcremie-Mint-Cream, L90, F\",\"condition\":\"219/263\",\"active\":true,\"stats\":{\"atk\":113,\"def\":186,\"spa\":249,\"spd\":269,\"spe\":167},\"moves\":[\"terablast\",\"calmmind\",\"alluringvoice\",\"recover\"],\"baseAbility\":\"aromaveil\",\"item\":\"leftovers\",\"pokeball\":\"pokeball\",\"ability\":\"aromaveil\",\"commanding\":false,\"reviving\":false,\"teraType\":\"Ground\",\"terastallized\":\"\"},{\"ident\":\"p2: Bruxish\",\"details\":\"Bruxish, L85, F\",\"condition\":\"0 fnt\",\"active\":false,\"stats\":{\"atk\":227,\"def\":168,\"spa\":168,\"spd\":168,\"spe\":205},\"moves\":[\"crunch\",\"icefang\",\"psychicfangs\",\"wavecrash\"],\"baseAbility\":\"strongjaw\",\"item\":\"choiceband\",\"pokeball\":\"pokeball\",\"ability\":\"strongjaw\",\"commanding\":false,\"reviving\":false,\"teraType\":\"Dark\",\"terastallized\":\"\"},{\"ident\":\"p2: Dragonite\",\"details\":\"Dragonite, L74, M\",\"condition\":\"257/257\",\"active\":false,\"stats\":{\"atk\":241,\"def\":184,\"spa\":191,\"spd\":191,\"spe\":161},\"moves\":[\"outrage\",\"earthquake\",\"dragondance\",\"ironhead\"],\"baseAbility\":\"multiscale\",\"item\":\"heavydutyboots\",\"pokeball\":\"pokeball\",\"ability\":\"multiscale\",\"commanding\":false,\"reviving\":false,\"teraType\":\"Steel\",\"terastallized\":\"\"},{\"ident\":\"p2: Spidops\",\"details\":\"Spidops, L96, F\",\"condition\":\"271/271\",\"active\":false,\"stats\":{\"atk\":206,\"def\":231,\"spa\":154,\"spd\":220,\"spe\":122},\"moves\":[\"stickyweb\",\"uturn\",\"knockoff\",\"toxicspikes\"],\"baseAbility\":\"stakeout\",\"item\":\"heavydutyboots\",\"pokeball\":\"pokeball\",\"ability\":\"stakeout\",\"commanding\":false,\"reviving\":false,\"teraType\":\"Ghost\",\"terastallized\":\"\"},{\"ident\":\"p2: Ho-Oh\",\"details\":\"Ho-Oh, L71\",\"condition\":\"268/268\",\"active\":false,\"stats\":{\"atk\":226,\"def\":169,\"spa\":198,\"spd\":260,\"spe\":169},\"moves\":[\"bravebird\",\"earthquake\",\"recover\",\"sacredfire\"],\"baseAbility\":\"regenerator\",\"item\":\"heavydutyboots\",\"pokeball\":\"pokeball\",\"ability\":\"regenerator\",\"commanding\":false,\"reviving\":false,\"teraType\":\"Steel\",\"terastallized\":\"\"},{\"ident\":\"p2: Sandaconda\",\"details\":\"Sandaconda, L84, M\",\"condition\":\"258/258\",\"active\":false,\"stats\":{\"atk\":228,\"def\":258,\"spa\":157,\"spd\":166,\"spe\":167},\"moves\":[\"coil\",\"earthquake\",\"rockblast\",\"scaleshot\"],\"baseAbility\":\"shedskin\",\"item\":\"loadeddice\",\"pokeball\":\"pokeball\",\"ability\":\"shedskin\",\"commanding\":false,\"reviving\":false,\"teraType\":\"Dragon\",\"terastallized\":\"\"}]},\"rqid\":13}\n|inactive|Time left: 300 sec this turn | 300 sec total\n|\n|t:|1783391889\n|switch|p1a: Vileplume|Vileplume, L85, F|100/100\n|move|p2a: Alcremie|Alluring Voice|p1a: Vileplume\n|-resisted|p1a: Vileplume\n|-damage|p1a: Vileplume|73/100\n|\n|-heal|p2a: Alcremie|235/263|[from] item: Leftovers\n|-heal|p1a: Vileplume|79/100|[from] item: Leftovers\n|upkeep\n|turn|5\n|request|{\"active\":[{\"moves\":[{\"move\":\"Tera Blast\",\"id\":\"terablast\",\"pp\":16,\"maxpp\":16,\"target\":\"normal\",\"disabled\":false},{\"move\":\"Calm Mind\",\"id\":\"calmmind\",\"pp\":31,\"maxpp\":32,\"target\":\"self\",\"disabled\":false},{\"move\":\"Alluring Voice\",\"id\":\"alluringvoice\",\"pp\":15,\"maxpp\":16,\"target\":\"normal\",\"disabled\":false},{\"move\":\"Recover\",\"id\":\"recover\",\"pp\":8,\"maxpp\":8,\"target\":\"self\",\"disabled\":false}],\"canTerastallize\":\"Ground\"}],\"side\":{\"name\":\"p0y0622852\",\"id\":\"p2\",\"pokemon\":[{\"ident\":\"p2: Alcremie\",\"details\":\"Alcremie-Mint-Cream, L90, F\",\"condition\":\"235/263\",\"active\":true,\"stats\":{\"atk\":113,\"def\":186,\"spa\":249,\"spd\":269,\"spe\":167},\"moves\":[\"terablast\",\"calmmind\",\"alluringvoice\",\"recover\"],\"baseAbility\":\"aromaveil\",\"item\":\"leftovers\",\"pokeball\":\"pokeball\",\"ability\":\"aromaveil\",\"commanding\":false,\"reviving\":false,\"teraType\":\"Ground\",\"terastallized\":\"\"},{\"ident\":\"p2: Bruxish\",\"details\":\"Bruxish, L85, F\",\"condition\":\"0 fnt\",\"active\":false,\"stats\":{\"atk\":227,\"def\":168,\"spa\":168,\"spd\":168,\"spe\":205},\"moves\":[\"crunch\",\"icefang\",\"psychicfangs\",\"wavecrash\"],\"baseAbility\":\"strongjaw\",\"item\":\"choiceband\",\"pokeball\":\"pokeball\",\"ability\":\"strongjaw\",\"commanding\":false,\"reviving\":false,\"teraType\":\"Dark\",\"terastallized\":\"\"},{\"ident\":\"p2: Dragonite\",\"details\":\"Dragonite, L74, M\",\"condition\":\"257/257\",\"active\":false,\"stats\":{\"atk\":241,\"def\":184,\"spa\":191,\"spd\":191,\"spe\":161},\"moves\":[\"outrage\",\"earthquake\",\"dragondance\",\"ironhead\"],\"baseAbility\":\"multiscale\",\"item\":\"heavydutyboots\",\"pokeball\":\"pokeball\",\"ability\":\"multiscale\",\"commanding\":false,\"reviving\":false,\"teraType\":\"Steel\",\"terastallized\":\"\"},{\"ident\":\"p2: Spidops\",\"details\":\"Spidops, L96, F\",\"condition\":\"271/271\",\"active\":false,\"stats\":{\"atk\":206,\"def\":231,\"spa\":154,\"spd\":220,\"spe\":122},\"moves\":[\"stickyweb\",\"uturn\",\"knockoff\",\"toxicspikes\"],\"baseAbility\":\"stakeout\",\"item\":\"heavydutyboots\",\"pokeball\":\"pokeball\",\"ability\":\"stakeout\",\"commanding\":false,\"reviving\":false,\"teraType\":\"Ghost\",\"terastallized\":\"\"},{\"ident\":\"p2: Ho-Oh\",\"details\":\"Ho-Oh, L71\",\"condition\":\"268/268\",\"active\":false,\"stats\":{\"atk\":226,\"def\":169,\"spa\":198,\"spd\":260,\"spe\":169},\"moves\":[\"bravebird\",\"earthquake\",\"recover\",\"sacredfire\"],\"baseAbility\":\"regenerator\",\"item\":\"heavydutyboots\",\"pokeball\":\"pokeball\",\"ability\":\"regenerator\",\"commanding\":false,\"reviving\":false,\"teraType\":\"Steel\",\"terastallized\":\"\"},{\"ident\":\"p2: Sandaconda\",\"details\":\"Sandaconda, L84, M\",\"condition\":\"258/258\",\"active\":false,\"stats\":{\"atk\":228,\"def\":258,\"spa\":157,\"spd\":166,\"spe\":167},\"moves\":[\"coil\",\"earthquake\",\"rockblast\",\"scaleshot\"],\"baseAbility\":\"shedskin\",\"item\":\"loadeddice\",\"pokeball\":\"pokeball\",\"ability\":\"shedskin\",\"commanding\":false,\"reviving\":false,\"teraType\":\"Dragon\",\"terastallized\":\"\"}]},\"rqid\":15}\n|inactive|Time left: 300 sec this turn | 300 sec total\n|\n|t:|1783391889\n|-terastallize|p1a: Vileplume|Steel\n|move|p2a: Alcremie|Calm Mind|p2a: Alcremie\n|-boost|p2a: Alcremie|spa|1\n|-boost|p2a: Alcremie|spd|1\n|move|p1a: Vileplume|Leech Seed|p2a: Alcremie\n|-start|p2a: Alcremie|move: Leech Seed\n|\n|-heal|p2a: Alcremie|251/263|[from] item: Leftovers\n|-heal|p1a: Vileplume|85/100|[from] item: Leftovers\n|-damage|p2a: Alcremie|219/263|[from] Leech Seed|[of] p1a: Vileplume\n|-heal|p1a: Vileplume|97/100|[silent]\n|upkeep\n|turn|6\n|request|{\"active\":[{\"moves\":[{\"move\":\"Tera Blast\",\"id\":\"terablast\",\"pp\":16,\"maxpp\":16,\"target\":\"normal\",\"disabled\":false},{\"move\":\"Calm Mind\",\"id\":\"calmmind\",\"pp\":30,\"maxpp\":32,\"target\":\"self\",\"disabled\":false},{\"move\":\"Alluring Voice\",\"id\":\"alluringvoice\",\"pp\":15,\"maxpp\":16,\"target\":\"normal\",\"disabled\":false},{\"move\":\"Recover\",\"id\":\"recover\",\"pp\":8,\"maxpp\":8,\"target\":\"self\",\"disabled\":false}],\"canTerastallize\":\"Ground\"}],\"side\":{\"name\":\"p0y0622852\",\"id\":\"p2\",\"pokemon\":[{\"ident\":\"p2: Alcremie\",\"details\":\"Alcremie-Mint-Cream, L90, F\",\"condition\":\"219/263\",\"active\":true,\"stats\":{\"atk\":113,\"def\":186,\"spa\":249,\"spd\":269,\"spe\":167},\"moves\":[\"terablast\",\"calmmind\",\"alluringvoice\",\"recover\"],\"baseAbility\":\"aromaveil\",\"item\":\"leftovers\",\"pokeball\":\"pokeball\",\"ability\":\"aromaveil\",\"commanding\":false,\"reviving\":false,\"teraType\":\"Ground\",\"terastallized\":\"\"},{\"ident\":\"p2: Bruxish\",\"details\":\"Bruxish, L85, F\",\"condition\":\"0 fnt\",\"active\":false,\"stats\":{\"atk\":227,\"def\":168,\"spa\":168,\"spd\":168,\"spe\":205},\"moves\":[\"crunch\",\"icefang\",\"psychicfangs\",\"wavecrash\"],\"baseAbility\":\"strongjaw\",\"item\":\"choiceband\",\"pokeball\":\"pokeball\",\"ability\":\"strongjaw\",\"commanding\":false,\"reviving\":false,\"teraType\":\"Dark\",\"terastallized\":\"\"},{\"ident\":\"p2: Dragonite\",\"details\":\"Dragonite, L74, M\",\"condition\":\"257/257\",\"active\":false,\"stats\":{\"atk\":241,\"def\":184,\"spa\":191,\"spd\":191,\"spe\":161},\"moves\":[\"outrage\",\"earthquake\",\"dragondance\",\"ironhead\"],\"baseAbility\":\"multiscale\",\"item\":\"heavydutyboots\",\"pokeball\":\"pokeball\",\"ability\":\"multiscale\",\"commanding\":false,\"reviving\":false,\"teraType\":\"Steel\",\"terastallized\":\"\"},{\"ident\":\"p2: Spidops\",\"details\":\"Spidops, L96, F\",\"condition\":\"271/271\",\"active\":false,\"stats\":{\"atk\":206,\"def\":231,\"spa\":154,\"spd\":220,\"spe\":122},\"moves\":[\"stickyweb\",\"uturn\",\"knockoff\",\"toxicspikes\"],\"baseAbility\":\"stakeout\",\"item\":\"heavydutyboots\",\"pokeball\":\"pokeball\",\"ability\":\"stakeout\",\"commanding\":false,\"reviving\":false,\"teraType\":\"Ghost\",\"terastallized\":\"\"},{\"ident\":\"p2: Ho-Oh\",\"details\":\"Ho-Oh, L71\",\"condition\":\"268/268\",\"active\":false,\"stats\":{\"atk\":226,\"def\":169,\"spa\":198,\"spd\":260,\"spe\":169},\"moves\":[\"bravebird\",\"earthquake\",\"recover\",\"sacredfire\"],\"baseAbility\":\"regenerator\",\"item\":\"heavydutyboots\",\"pokeball\":\"pokeball\",\"ability\":\"regenerator\",\"commanding\":false,\"reviving\":false,\"teraType\":\"Steel\",\"terastallized\":\"\"},{\"ident\":\"p2: Sandaconda\",\"details\":\"Sandaconda, L84, M\",\"condition\":\"258/258\",\"active\":false,\"stats\":{\"atk\":228,\"def\":258,\"spa\":157,\"spd\":166,\"spe\":167},\"moves\":[\"coil\",\"earthquake\",\"rockblast\",\"scaleshot\"],\"baseAbility\":\"shedskin\",\"item\":\"loadeddice\",\"pokeball\":\"pokeball\",\"ability\":\"shedskin\",\"commanding\":false,\"reviving\":false,\"teraType\":\"Dragon\",\"terastallized\":\"\"}]},\"rqid\":17}\n|inactive|Time left: 300 sec this turn | 300 sec total\n|\n|t:|1783391889\n|-terastallize|p2a: Alcremie|Ground\n|move|p2a: Alcremie|Tera Blast|p1a: Vileplume|[anim] Tera Blast Ground\n|-supereffective|p1a: Vileplume\n|-damage|p1a: Vileplume|0 fnt\n|faint|p1a: Vileplume\n|\n|-heal|p2a: Alcremie|235/263|[from] item: Leftovers\n|upkeep\n|request|{\"wait\":true,\"side\":{\"name\":\"p0y0622852\",\"id\":\"p2\",\"pokemon\":[{\"ident\":\"p2: Alcremie\",\"details\":\"Alcremie-Mint-Cream, L90, F\",\"condition\":\"235/263\",\"active\":true,\"stats\":{\"atk\":113,\"def\":186,\"spa\":249,\"spd\":269,\"spe\":167},\"moves\":[\"terablast\",\"calmmind\",\"alluringvoice\",\"recover\"],\"baseAbility\":\"aromaveil\",\"item\":\"leftovers\",\"pokeball\":\"pokeball\",\"ability\":\"aromaveil\",\"commanding\":false,\"reviving\":false,\"teraType\":\"Ground\",\"terastallized\":\"Ground\"},{\"ident\":\"p2: Bruxish\",\"details\":\"Bruxish, L85, F\",\"condition\":\"0 fnt\",\"active\":false,\"stats\":{\"atk\":227,\"def\":168,\"spa\":168,\"spd\":168,\"spe\":205},\"moves\":[\"crunch\",\"icefang\",\"psychicfangs\",\"wavecrash\"],\"baseAbility\":\"strongjaw\",\"item\":\"choiceband\",\"pokeball\":\"pokeball\",\"ability\":\"strongjaw\",\"commanding\":false,\"reviving\":false,\"teraType\":\"Dark\",\"terastallized\":\"\"},{\"ident\":\"p2: Dragonite\",\"details\":\"Dragonite, L74, M\",\"condition\":\"257/257\",\"active\":false,\"stats\":{\"atk\":241,\"def\":184,\"spa\":191,\"spd\":191,\"spe\":161},\"moves\":[\"outrage\",\"earthquake\",\"dragondance\",\"ironhead\"],\"baseAbility\":\"multiscale\",\"item\":\"heavydutyboots\",\"pokeball\":\"pokeball\",\"ability\":\"multiscale\",\"commanding\":false,\"reviving\":false,\"teraType\":\"Steel\",\"terastallized\":\"\"},{\"ident\":\"p2: Spidops\",\"details\":\"Spidops, L96, F\",\"condition\":\"271/271\",\"active\":false,\"stats\":{\"atk\":206,\"def\":231,\"spa\":154,\"spd\":220,\"spe\":122},\"moves\":[\"stickyweb\",\"uturn\",\"knockoff\",\"toxicspikes\"],\"baseAbility\":\"stakeout\",\"item\":\"heavydutyboots\",\"pokeball\":\"pokeball\",\"ability\":\"stakeout\",\"commanding\":false,\"reviving\":false,\"teraType\":\"Ghost\",\"terastallized\":\"\"},{\"ident\":\"p2: Ho-Oh\",\"details\":\"Ho-Oh, L71\",\"condition\":\"268/268\",\"active\":false,\"stats\":{\"atk\":226,\"def\":169,\"spa\":198,\"spd\":260,\"spe\":169},\"moves\":[\"bravebird\",\"earthquake\",\"recover\",\"sacredfire\"],\"baseAbility\":\"regenerator\",\"item\":\"heavydutyboots\",\"pokeball\":\"pokeball\",\"ability\":\"regenerator\",\"commanding\":false,\"reviving\":false,\"teraType\":\"Steel\",\"terastallized\":\"\"},{\"ident\":\"p2: Sandaconda\",\"details\":\"Sandaconda, L84, M\",\"condition\":\"258/258\",\"active\":false,\"stats\":{\"atk\":228,\"def\":258,\"spa\":157,\"spd\":166,\"spe\":167},\"moves\":[\"coil\",\"earthquake\",\"rockblast\",\"scaleshot\"],\"baseAbility\":\"shedskin\",\"item\":\"loadeddice\",\"pokeball\":\"pokeball\",\"ability\":\"shedskin\",\"commanding\":false,\"reviving\":false,\"teraType\":\"Dragon\",\"terastallized\":\"\"}]},\"rqid\":19}\n|\n|t:|1783391889\n|switch|p1a: Enamorus|Enamorus-Therian, L83, F|100/100\n|turn|7\n|request|{\"active\":[{\"moves\":[{\"move\":\"Tera Blast\",\"id\":\"terablast\",\"pp\":15,\"maxpp\":16,\"target\":\"normal\",\"disabled\":false},{\"move\":\"Calm Mind\",\"id\":\"calmmind\",\"pp\":30,\"maxpp\":32,\"target\":\"self\",\"disabled\":false},{\"move\":\"Alluring Voice\",\"id\":\"alluringvoice\",\"pp\":15,\"maxpp\":16,\"target\":\"normal\",\"disabled\":false},{\"move\":\"Recover\",\"id\":\"recover\",\"pp\":8,\"maxpp\":8,\"target\":\"self\",\"disabled\":false}]}],\"side\":{\"name\":\"p0y0622852\",\"id\":\"p2\",\"pokemon\":[{\"ident\":\"p2: Alcremie\",\"details\":\"Alcremie-Mint-Cream, L90, F\",\"condition\":\"235/263\",\"active\":true,\"stats\":{\"atk\":113,\"def\":186,\"spa\":249,\"spd\":269,\"spe\":167},\"moves\":[\"terablast\",\"calmmind\",\"alluringvoice\",\"recover\"],\"baseAbility\":\"aromaveil\",\"item\":\"leftovers\",\"pokeball\":\"pokeball\",\"ability\":\"aromaveil\",\"commanding\":false,\"reviving\":false,\"teraType\":\"Ground\",\"terastallized\":\"Ground\"},{\"ident\":\"p2: Bruxish\",\"details\":\"Bruxish, L85, F\",\"condition\":\"0 fnt\",\"active\":false,\"stats\":{\"atk\":227,\"def\":168,\"spa\":168,\"spd\":168,\"spe\":205},\"moves\":[\"crunch\",\"icefang\",\"psychicfangs\",\"wavecrash\"],\"baseAbility\":\"strongjaw\",\"item\":\"choiceband\",\"pokeball\":\"pokeball\",\"ability\":\"strongjaw\",\"commanding\":false,\"reviving\":false,\"teraType\":\"Dark\",\"terastallized\":\"\"},{\"ident\":\"p2: Dragonite\",\"details\":\"Dragonite, L74, M\",\"condition\":\"257/257\",\"active\":false,\"stats\":{\"atk\":241,\"def\":184,\"spa\":191,\"spd\":191,\"spe\":161},\"moves\":[\"outrage\",\"earthquake\",\"dragondance\",\"ironhead\"],\"baseAbility\":\"multiscale\",\"item\":\"heavydutyboots\",\"pokeball\":\"pokeball\",\"ability\":\"multiscale\",\"commanding\":false,\"reviving\":false,\"teraType\":\"Steel\",\"terastallized\":\"\"},{\"ident\":\"p2: Spidops\",\"details\":\"Spidops, L96, F\",\"condition\":\"271/271\",\"active\":false,\"stats\":{\"atk\":206,\"def\":231,\"spa\":154,\"spd\":220,\"spe\":122},\"moves\":[\"stickyweb\",\"uturn\",\"knockoff\",\"toxicspikes\"],\"baseAbility\":\"stakeout\",\"item\":\"heavydutyboots\",\"pokeball\":\"pokeball\",\"ability\":\"stakeout\",\"commanding\":false,\"reviving\":false,\"teraType\":\"Ghost\",\"terastallized\":\"\"},{\"ident\":\"p2: Ho-Oh\",\"details\":\"Ho-Oh, L71\",\"condition\":\"268/268\",\"active\":false,\"stats\":{\"atk\":226,\"def\":169,\"spa\":198,\"spd\":260,\"spe\":169},\"moves\":[\"bravebird\",\"earthquake\",\"recover\",\"sacredfire\"],\"baseAbility\":\"regenerator\",\"item\":\"heavydutyboots\",\"pokeball\":\"pokeball\",\"ability\":\"regenerator\",\"commanding\":false,\"reviving\":false,\"teraType\":\"Steel\",\"terastallized\":\"\"},{\"ident\":\"p2: Sandaconda\",\"details\":\"Sandaconda, L84, M\",\"condition\":\"258/258\",\"active\":false,\"stats\":{\"atk\":228,\"def\":258,\"spa\":157,\"spd\":166,\"spe\":167},\"moves\":[\"coil\",\"earthquake\",\"rockblast\",\"scaleshot\"],\"baseAbility\":\"shedskin\",\"item\":\"loadeddice\",\"pokeball\":\"pokeball\",\"ability\":\"shedskin\",\"commanding\":false,\"reviving\":false,\"teraType\":\"Dragon\",\"terastallized\":\"\"}]},\"rqid\":21}\n|inactive|Time left: 300 sec this turn | 300 sec total\n|\n|t:|1783391890\n|switch|p1a: Bastiodon|Bastiodon, L89, F|100/100\n|move|p2a: Alcremie|Alluring Voice|p1a: Bastiodon\n|-immune|p1a: Bastiodon|[from] ability: Soundproof\n|\n|-heal|p2a: Alcremie|251/263|[from] item: Leftovers\n|-damage|p2a: Alcremie|219/263|[from] Leech Seed|[of] p1a: Bastiodon\n|upkeep\n|turn|8\n|request|{\"active\":[{\"moves\":[{\"move\":\"Tera Blast\",\"id\":\"terablast\",\"pp\":15,\"maxpp\":16,\"target\":\"normal\",\"disabled\":false},{\"move\":\"Calm Mind\",\"id\":\"calmmind\",\"pp\":30,\"maxpp\":32,\"target\":\"self\",\"disabled\":false},{\"move\":\"Alluring Voice\",\"id\":\"alluringvoice\",\"pp\":14,\"maxpp\":16,\"target\":\"normal\",\"disabled\":false},{\"move\":\"Recover\",\"id\":\"recover\",\"pp\":8,\"maxpp\":8,\"target\":\"self\",\"disabled\":false}]}],\"side\":{\"name\":\"p0y0622852\",\"id\":\"p2\",\"pokemon\":[{\"ident\":\"p2: Alcremie\",\"details\":\"Alcremie-Mint-Cream, L90, F\",\"condition\":\"219/263\",\"active\":true,\"stats\":{\"atk\":113,\"def\":186,\"spa\":249,\"spd\":269,\"spe\":167},\"moves\":[\"terablast\",\"calmmind\",\"alluringvoice\",\"recover\"],\"baseAbility\":\"aromaveil\",\"item\":\"leftovers\",\"pokeball\":\"pokeball\",\"ability\":\"aromaveil\",\"commanding\":false,\"reviving\":false,\"teraType\":\"Ground\",\"terastallized\":\"Ground\"},{\"ident\":\"p2: Bruxish\",\"details\":\"Bruxish, L85, F\",\"condition\":\"0 fnt\",\"active\":false,\"stats\":{\"atk\":227,\"def\":168,\"spa\":168,\"spd\":168,\"spe\":205},\"moves\":[\"crunch\",\"icefang\",\"psychicfangs\",\"wavecrash\"],\"baseAbility\":\"strongjaw\",\"item\":\"choiceband\",\"pokeball\":\"pokeball\",\"ability\":\"strongjaw\",\"commanding\":false,\"reviving\":false,\"teraType\":\"Dark\",\"terastallized\":\"\"},{\"ident\":\"p2: Dragonite\",\"details\":\"Dragonite, L74, M\",\"condition\":\"257/257\",\"active\":false,\"stats\":{\"atk\":241,\"def\":184,\"spa\":191,\"spd\":191,\"spe\":161},\"moves\":[\"outrage\",\"earthquake\",\"dragondance\",\"ironhead\"],\"baseAbility\":\"multiscale\",\"item\":\"heavydutyboots\",\"pokeball\":\"pokeball\",\"ability\":\"multiscale\",\"commanding\":false,\"reviving\":false,\"teraType\":\"Steel\",\"terastallized\":\"\"},{\"ident\":\"p2: Spidops\",\"details\":\"Spidops, L96, F\",\"condition\":\"271/271\",\"active\":false,\"stats\":{\"atk\":206,\"def\":231,\"spa\":154,\"spd\":220,\"spe\":122},\"moves\":[\"stickyweb\",\"uturn\",\"knockoff\",\"toxicspikes\"],\"baseAbility\":\"stakeout\",\"item\":\"heavydutyboots\",\"pokeball\":\"pokeball\",\"ability\":\"stakeout\",\"commanding\":false,\"reviving\":false,\"teraType\":\"Ghost\",\"terastallized\":\"\"},{\"ident\":\"p2: Ho-Oh\",\"details\":\"Ho-Oh, L71\",\"condition\":\"268/268\",\"active\":false,\"stats\":{\"atk\":226,\"def\":169,\"spa\":198,\"spd\":260,\"spe\":169},\"moves\":[\"bravebird\",\"earthquake\",\"recover\",\"sacredfire\"],\"baseAbility\":\"regenerator\",\"item\":\"heavydutyboots\",\"pokeball\":\"pokeball\",\"ability\":\"regenerator\",\"commanding\":false,\"reviving\":false,\"teraType\":\"Steel\",\"terastallized\":\"\"},{\"ident\":\"p2: Sandaconda\",\"details\":\"Sandaconda, L84, M\",\"condition\":\"258/258\",\"active\":false,\"stats\":{\"atk\":228,\"def\":258,\"spa\":157,\"spd\":166,\"spe\":167},\"moves\":[\"coil\",\"earthquake\",\"rockblast\",\"scaleshot\"],\"baseAbility\":\"shedskin\",\"item\":\"loadeddice\",\"pokeball\":\"pokeball\",\"ability\":\"shedskin\",\"commanding\":false,\"reviving\":false,\"teraType\":\"Dragon\",\"terastallized\":\"\"}]},\"rqid\":23}\n|inactive|Time left: 300 sec this turn | 300 sec total\n|\n|t:|1783391890\n|switch|p1a: Enamorus|Enamorus-Therian, L83, F|100/100\n|move|p2a: Alcremie|Tera Blast|p1a: Enamorus|[anim] Tera Blast Ground\n|-immune|p1a: Enamorus\n|\n|-heal|p2a: Alcremie|235/263|[from] item: Leftovers\n|-damage|p2a: Alcremie|203/263|[from] Leech Seed|[of] p1a: Enamorus\n|upkeep\n|turn|9\n|request|{\"active\":[{\"moves\":[{\"move\":\"Tera Blast\",\"id\":\"terablast\",\"pp\":14,\"maxpp\":16,\"target\":\"normal\",\"disabled\":false},{\"move\":\"Calm Mind\",\"id\":\"calmmind\",\"pp\":30,\"maxpp\":32,\"target\":\"self\",\"disabled\":false},{\"move\":\"Alluring Voice\",\"id\":\"alluringvoice\",\"pp\":14,\"maxpp\":16,\"target\":\"normal\",\"disabled\":false},{\"move\":\"Recover\",\"id\":\"recover\",\"pp\":8,\"maxpp\":8,\"target\":\"self\",\"disabled\":false}]}],\"side\":{\"name\":\"p0y0622852\",\"id\":\"p2\",\"pokemon\":[{\"ident\":\"p2: Alcremie\",\"details\":\"Alcremie-Mint-Cream, L90, F\",\"condition\":\"203/263\",\"active\":true,\"stats\":{\"atk\":113,\"def\":186,\"spa\":249,\"spd\":269,\"spe\":167},\"moves\":[\"terablast\",\"calmmind\",\"alluringvoice\",\"recover\"],\"baseAbility\":\"aromaveil\",\"item\":\"leftovers\",\"pokeball\":\"pokeball\",\"ability\":\"aromaveil\",\"commanding\":false,\"reviving\":false,\"teraType\":\"Ground\",\"terastallized\":\"Ground\"},{\"ident\":\"p2: Bruxish\",\"details\":\"Bruxish, L85, F\",\"condition\":\"0 fnt\",\"active\":false,\"stats\":{\"atk\":227,\"def\":168,\"spa\":168,\"spd\":168,\"spe\":205},\"moves\":[\"crunch\",\"icefang\",\"psychicfangs\",\"wavecrash\"],\"baseAbility\":\"strongjaw\",\"item\":\"choiceband\",\"pokeball\":\"pokeball\",\"ability\":\"strongjaw\",\"commanding\":false,\"reviving\":false,\"teraType\":\"Dark\",\"terastallized\":\"\"},{\"ident\":\"p2: Dragonite\",\"details\":\"Dragonite, L74, M\",\"condition\":\"257/257\",\"active\":false,\"stats\":{\"atk\":241,\"def\":184,\"spa\":191,\"spd\":191,\"spe\":161},\"moves\":[\"outrage\",\"earthquake\",\"dragondance\",\"ironhead\"],\"baseAbility\":\"multiscale\",\"item\":\"heavydutyboots\",\"pokeball\":\"pokeball\",\"ability\":\"multiscale\",\"commanding\":false,\"reviving\":false,\"teraType\":\"Steel\",\"terastallized\":\"\"},{\"ident\":\"p2: Spidops\",\"details\":\"Spidops, L96, F\",\"condition\":\"271/271\",\"active\":false,\"stats\":{\"atk\":206,\"def\":231,\"spa\":154,\"spd\":220,\"spe\":122},\"moves\":[\"stickyweb\",\"uturn\",\"knockoff\",\"toxicspikes\"],\"baseAbility\":\"stakeout\",\"item\":\"heavydutyboots\",\"pokeball\":\"pokeball\",\"ability\":\"stakeout\",\"commanding\":false,\"reviving\":false,\"teraType\":\"Ghost\",\"terastallized\":\"\"},{\"ident\":\"p2: Ho-Oh\",\"details\":\"Ho-Oh, L71\",\"condition\":\"268/268\",\"active\":false,\"stats\":{\"atk\":226,\"def\":169,\"spa\":198,\"spd\":260,\"spe\":169},\"moves\":[\"bravebird\",\"earthquake\",\"recover\",\"sacredfire\"],\"baseAbility\":\"regenerator\",\"item\":\"heavydutyboots\",\"pokeball\":\"pokeball\",\"ability\":\"regenerator\",\"commanding\":false,\"reviving\":false,\"teraType\":\"Steel\",\"terastallized\":\"\"},{\"ident\":\"p2: Sandaconda\",\"details\":\"Sandaconda, L84, M\",\"condition\":\"258/258\",\"active\":false,\"stats\":{\"atk\":228,\"def\":258,\"spa\":157,\"spd\":166,\"spe\":167},\"moves\":[\"coil\",\"earthquake\",\"rockblast\",\"scaleshot\"],\"baseAbility\":\"shedskin\",\"item\":\"loadeddice\",\"pokeball\":\"pokeball\",\"ability\":\"shedskin\",\"commanding\":false,\"reviving\":false,\"teraType\":\"Dragon\",\"terastallized\":\"\"}]},\"rqid\":25}\n|inactive|Time left: 300 sec this turn | 300 sec total\n|\n|t:|1783391890\n|switch|p1a: Bastiodon|Bastiodon, L89, F|100/100\n|move|p2a: Alcremie|Alluring Voice|p1a: Bastiodon\n|-immune|p1a: Bastiodon|[from] ability: Soundproof\n|\n|-heal|p2a: Alcremie|219/263|[from] item: Leftovers\n|-damage|p2a: Alcremie|187/263|[from] Leech Seed|[of] p1a: Bastiodon\n|upkeep\n|turn|10\n|request|{\"active\":[{\"moves\":[{\"move\":\"Tera Blast\",\"id\":\"terablast\",\"pp\":14,\"maxpp\":16,\"target\":\"normal\",\"disabled\":false},{\"move\":\"Calm Mind\",\"id\":\"calmmind\",\"pp\":30,\"maxpp\":32,\"target\":\"self\",\"disabled\":false},{\"move\":\"Alluring Voice\",\"id\":\"alluringvoice\",\"pp\":13,\"maxpp\":16,\"target\":\"normal\",\"disabled\":false},{\"move\":\"Recover\",\"id\":\"recover\",\"pp\":8,\"maxpp\":8,\"target\":\"self\",\"disabled\":false}]}],\"side\":{\"name\":\"p0y0622852\",\"id\":\"p2\",\"pokemon\":[{\"ident\":\"p2: Alcremie\",\"details\":\"Alcremie-Mint-Cream, L90, F\",\"condition\":\"187/263\",\"active\":true,\"stats\":{\"atk\":113,\"def\":186,\"spa\":249,\"spd\":269,\"spe\":167},\"moves\":[\"terablast\",\"calmmind\",\"alluringvoice\",\"recover\"],\"baseAbility\":\"aromaveil\",\"item\":\"leftovers\",\"pokeball\":\"pokeball\",\"ability\":\"aromaveil\",\"commanding\":false,\"reviving\":false,\"teraType\":\"Ground\",\"terastallized\":\"Ground\"},{\"ident\":\"p2: Bruxish\",\"details\":\"Bruxish, L85, F\",\"condition\":\"0 fnt\",\"active\":false,\"stats\":{\"atk\":227,\"def\":168,\"spa\":168,\"spd\":168,\"spe\":205},\"moves\":[\"crunch\",\"icefang\",\"psychicfangs\",\"wavecrash\"],\"baseAbility\":\"strongjaw\",\"item\":\"choiceband\",\"pokeball\":\"pokeball\",\"ability\":\"strongjaw\",\"commanding\":false,\"reviving\":false,\"teraType\":\"Dark\",\"terastallized\":\"\"},{\"ident\":\"p2: Dragonite\",\"details\":\"Dragonite, L74, M\",\"condition\":\"257/257\",\"active\":false,\"stats\":{\"atk\":241,\"def\":184,\"spa\":191,\"spd\":191,\"spe\":161},\"moves\":[\"outrage\",\"earthquake\",\"dragondance\",\"ironhead\"],\"baseAbility\":\"multiscale\",\"item\":\"heavydutyboots\",\"pokeball\":\"pokeball\",\"ability\":\"multiscale\",\"commanding\":false,\"reviving\":false,\"teraType\":\"Steel\",\"terastallized\":\"\"},{\"ident\":\"p2: Spidops\",\"details\":\"Spidops, L96, F\",\"condition\":\"271/271\",\"active\":false,\"stats\":{\"atk\":206,\"def\":231,\"spa\":154,\"spd\":220,\"spe\":122},\"moves\":[\"stickyweb\",\"uturn\",\"knockoff\",\"toxicspikes\"],\"baseAbility\":\"stakeout\",\"item\":\"heavydutyboots\",\"pokeball\":\"pokeball\",\"ability\":\"stakeout\",\"commanding\":false,\"reviving\":false,\"teraType\":\"Ghost\",\"terastallized\":\"\"},{\"ident\":\"p2: Ho-Oh\",\"details\":\"Ho-Oh, L71\",\"condition\":\"268/268\",\"active\":false,\"stats\":{\"atk\":226,\"def\":169,\"spa\":198,\"spd\":260,\"spe\":169},\"moves\":[\"bravebird\",\"earthquake\",\"recover\",\"sacredfire\"],\"baseAbility\":\"regenerator\",\"item\":\"heavydutyboots\",\"pokeball\":\"pokeball\",\"ability\":\"regenerator\",\"commanding\":false,\"reviving\":false,\"teraType\":\"Steel\",\"terastallized\":\"\"},{\"ident\":\"p2: Sandaconda\",\"details\":\"Sandaconda, L84, M\",\"condition\":\"258/258\",\"active\":false,\"stats\":{\"atk\":228,\"def\":258,\"spa\":157,\"spd\":166,\"spe\":167},\"moves\":[\"coil\",\"earthquake\",\"rockblast\",\"scaleshot\"],\"baseAbility\":\"shedskin\",\"item\":\"loadeddice\",\"pokeball\":\"pokeball\",\"ability\":\"shedskin\",\"commanding\":false,\"reviving\":false,\"teraType\":\"Dragon\",\"terastallized\":\"\"}]},\"rqid\":27}\n|inactive|Time left: 300 sec this turn | 300 sec total\n|\n|t:|1783391890\n|switch|p1a: Enamorus|Enamorus-Therian, L83, F|100/100\n|move|p2a: Alcremie|Tera Blast|p1a: Enamorus|[anim] Tera Blast Ground\n|-immune|p1a: Enamorus\n|\n|-heal|p2a: Alcremie|203/263|[from] item: Leftovers\n|-damage|p2a: Alcremie|171/263|[from] Leech Seed|[of] p1a: Enamorus\n|upkeep\n|turn|11\n|request|{\"active\":[{\"moves\":[{\"move\":\"Tera Blast\",\"id\":\"terablast\",\"pp\":13,\"maxpp\":16,\"target\":\"normal\",\"disabled\":false},{\"move\":\"Calm Mind\",\"id\":\"calmmind\",\"pp\":30,\"maxpp\":32,\"target\":\"self\",\"disabled\":false},{\"move\":\"Alluring Voice\",\"id\":\"alluringvoice\",\"pp\":13,\"maxpp\":16,\"target\":\"normal\",\"disabled\":false},{\"move\":\"Recover\",\"id\":\"recover\",\"pp\":8,\"maxpp\":8,\"target\":\"self\",\"disabled\":false}]}],\"side\":{\"name\":\"p0y0622852\",\"id\":\"p2\",\"pokemon\":[{\"ident\":\"p2: Alcremie\",\"details\":\"Alcremie-Mint-Cream, L90, F\",\"condition\":\"171/263\",\"active\":true,\"stats\":{\"atk\":113,\"def\":186,\"spa\":249,\"spd\":269,\"spe\":167},\"moves\":[\"terablast\",\"calmmind\",\"alluringvoice\",\"recover\"],\"baseAbility\":\"aromaveil\",\"item\":\"leftovers\",\"pokeball\":\"pokeball\",\"ability\":\"aromaveil\",\"commanding\":false,\"reviving\":false,\"teraType\":\"Ground\",\"terastallized\":\"Ground\"},{\"ident\":\"p2: Bruxish\",\"details\":\"Bruxish, L85, F\",\"condition\":\"0 fnt\",\"active\":false,\"stats\":{\"atk\":227,\"def\":168,\"spa\":168,\"spd\":168,\"spe\":205},\"moves\":[\"crunch\",\"icefang\",\"psychicfangs\",\"wavecrash\"],\"baseAbility\":\"strongjaw\",\"item\":\"choiceband\",\"pokeball\":\"pokeball\",\"ability\":\"strongjaw\",\"commanding\":false,\"reviving\":false,\"teraType\":\"Dark\",\"terastallized\":\"\"},{\"ident\":\"p2: Dragonite\",\"details\":\"Dragonite, L74, M\",\"condition\":\"257/257\",\"active\":false,\"stats\":{\"atk\":241,\"def\":184,\"spa\":191,\"spd\":191,\"spe\":161},\"moves\":[\"outrage\",\"earthquake\",\"dragondance\",\"ironhead\"],\"baseAbility\":\"multiscale\",\"item\":\"heavydutyboots\",\"pokeball\":\"pokeball\",\"ability\":\"multiscale\",\"commanding\":false,\"reviving\":false,\"teraType\":\"Steel\",\"terastallized\":\"\"},{\"ident\":\"p2: Spidops\",\"details\":\"Spidops, L96, F\",\"condition\":\"271/271\",\"active\":false,\"stats\":{\"atk\":206,\"def\":231,\"spa\":154,\"spd\":220,\"spe\":122},\"moves\":[\"stickyweb\",\"uturn\",\"knockoff\",\"toxicspikes\"],\"baseAbility\":\"stakeout\",\"item\":\"heavydutyboots\",\"pokeball\":\"pokeball\",\"ability\":\"stakeout\",\"commanding\":false,\"reviving\":false,\"teraType\":\"Ghost\",\"terastallized\":\"\"},{\"ident\":\"p2: Ho-Oh\",\"details\":\"Ho-Oh, L71\",\"condition\":\"268/268\",\"active\":false,\"stats\":{\"atk\":226,\"def\":169,\"spa\":198,\"spd\":260,\"spe\":169},\"moves\":[\"bravebird\",\"earthquake\",\"recover\",\"sacredfire\"],\"baseAbility\":\"regenerator\",\"item\":\"heavydutyboots\",\"pokeball\":\"pokeball\",\"ability\":\"regenerator\",\"commanding\":false,\"reviving\":false,\"teraType\":\"Steel\",\"terastallized\":\"\"},{\"ident\":\"p2: Sandaconda\",\"details\":\"Sandaconda, L84, M\",\"condition\":\"258/258\",\"active\":false,\"stats\":{\"atk\":228,\"def\":258,\"spa\":157,\"spd\":166,\"spe\":167},\"moves\":[\"coil\",\"earthquake\",\"rockblast\",\"scaleshot\"],\"baseAbility\":\"shedskin\",\"item\":\"loadeddice\",\"pokeball\":\"pokeball\",\"ability\":\"shedskin\",\"commanding\":false,\"reviving\":false,\"teraType\":\"Dragon\",\"terastallized\":\"\"}]},\"rqid\":29}\n|inactive|Time left: 300 sec this turn | 300 sec total\n|\n|t:|1783391891\n|switch|p1a: Bastiodon|Bastiodon, L89, F|100/100\n|move|p2a: Alcremie|Alluring Voice|p1a: Bastiodon\n|-immune|p1a: Bastiodon|[from] ability: Soundproof\n|\n|-heal|p2a: Alcremie|187/263|[from] item: Leftovers\n|-damage|p2a: Alcremie|155/263|[from] Leech Seed|[of] p1a: Bastiodon\n|upkeep\n|turn|12\n|request|{\"active\":[{\"moves\":[{\"move\":\"Tera Blast\",\"id\":\"terablast\",\"pp\":13,\"maxpp\":16,\"target\":\"normal\",\"disabled\":false},{\"move\":\"Calm Mind\",\"id\":\"calmmind\",\"pp\":30,\"maxpp\":32,\"target\":\"self\",\"disabled\":false},{\"move\":\"Alluring Voice\",\"id\":\"alluringvoice\",\"pp\":12,\"maxpp\":16,\"target\":\"normal\",\"disabled\":false},{\"move\":\"Recover\",\"id\":\"recover\",\"pp\":8,\"maxpp\":8,\"target\":\"self\",\"disabled\":false}]}],\"side\":{\"name\":\"p0y0622852\",\"id\":\"p2\",\"pokemon\":[{\"ident\":\"p2: Alcremie\",\"details\":\"Alcremie-Mint-Cream, L90, F\",\"condition\":\"155/263\",\"active\":true,\"stats\":{\"atk\":113,\"def\":186,\"spa\":249,\"spd\":269,\"spe\":167},\"moves\":[\"terablast\",\"calmmind\",\"alluringvoice\",\"recover\"],\"baseAbility\":\"aromaveil\",\"item\":\"leftovers\",\"pokeball\":\"pokeball\",\"ability\":\"aromaveil\",\"commanding\":false,\"reviving\":false,\"teraType\":\"Ground\",\"terastallized\":\"Ground\"},{\"ident\":\"p2: Bruxish\",\"details\":\"Bruxish, L85, F\",\"condition\":\"0 fnt\",\"active\":false,\"stats\":{\"atk\":227,\"def\":168,\"spa\":168,\"spd\":168,\"spe\":205},\"moves\":[\"crunch\",\"icefang\",\"psychicfangs\",\"wavecrash\"],\"baseAbility\":\"strongjaw\",\"item\":\"choiceband\",\"pokeball\":\"pokeball\",\"ability\":\"strongjaw\",\"commanding\":false,\"reviving\":false,\"teraType\":\"Dark\",\"terastallized\":\"\"},{\"ident\":\"p2: Dragonite\",\"details\":\"Dragonite, L74, M\",\"condition\":\"257/257\",\"active\":false,\"stats\":{\"atk\":241,\"def\":184,\"spa\":191,\"spd\":191,\"spe\":161},\"moves\":[\"outrage\",\"earthquake\",\"dragondance\",\"ironhead\"],\"baseAbility\":\"multiscale\",\"item\":\"heavydutyboots\",\"pokeball\":\"pokeball\",\"ability\":\"multiscale\",\"commanding\":false,\"reviving\":false,\"teraType\":\"Steel\",\"terastallized\":\"\"},{\"ident\":\"p2: Spidops\",\"details\":\"Spidops, L96, F\",\"condition\":\"271/271\",\"active\":false,\"stats\":{\"atk\":206,\"def\":231,\"spa\":154,\"spd\":220,\"spe\":122},\"moves\":[\"stickyweb\",\"uturn\",\"knockoff\",\"toxicspikes\"],\"baseAbility\":\"stakeout\",\"item\":\"heavydutyboots\",\"pokeball\":\"pokeball\",\"ability\":\"stakeout\",\"commanding\":false,\"reviving\":false,\"teraType\":\"Ghost\",\"terastallized\":\"\"},{\"ident\":\"p2: Ho-Oh\",\"details\":\"Ho-Oh, L71\",\"condition\":\"268/268\",\"active\":false,\"stats\":{\"atk\":226,\"def\":169,\"spa\":198,\"spd\":260,\"spe\":169},\"moves\":[\"bravebird\",\"earthquake\",\"recover\",\"sacredfire\"],\"baseAbility\":\"regenerator\",\"item\":\"heavydutyboots\",\"pokeball\":\"pokeball\",\"ability\":\"regenerator\",\"commanding\":false,\"reviving\":false,\"teraType\":\"Steel\",\"terastallized\":\"\"},{\"ident\":\"p2: Sandaconda\",\"details\":\"Sandaconda, L84, M\",\"condition\":\"258/258\",\"active\":false,\"stats\":{\"atk\":228,\"def\":258,\"spa\":157,\"spd\":166,\"spe\":167},\"moves\":[\"coil\",\"earthquake\",\"rockblast\",\"scaleshot\"],\"baseAbility\":\"shedskin\",\"item\":\"loadeddice\",\"pokeball\":\"pokeball\",\"ability\":\"shedskin\",\"commanding\":false,\"reviving\":false,\"teraType\":\"Dragon\",\"terastallized\":\"\"}]},\"rqid\":31}\n|inactive|Time left: 300 sec this turn | 300 sec total\n|\n|t:|1783391891\n|switch|p1a: Enamorus|Enamorus-Therian, L83, F|100/100\n|move|p2a: Alcremie|Calm Mind|p2a: Alcremie\n|-boost|p2a: Alcremie|spa|1\n|-boost|p2a: Alcremie|spd|1\n|\n|-heal|p2a: Alcremie|171/263|[from] item: Leftovers\n|-damage|p2a: Alcremie|139/263|[from] Leech Seed|[of] p1a: Enamorus\n|upkeep\n|turn|13\n|request|{\"active\":[{\"moves\":[{\"move\":\"Tera Blast\",\"id\":\"terablast\",\"pp\":13,\"maxpp\":16,\"target\":\"normal\",\"disabled\":false},{\"move\":\"Calm Mind\",\"id\":\"calmmind\",\"pp\":29,\"maxpp\":32,\"target\":\"self\",\"disabled\":false},{\"move\":\"Alluring Voice\",\"id\":\"alluringvoice\",\"pp\":12,\"maxpp\":16,\"target\":\"normal\",\"disabled\":false},{\"move\":\"Recover\",\"id\":\"recover\",\"pp\":8,\"maxpp\":8,\"target\":\"self\",\"disabled\":false}]}],\"side\":{\"name\":\"p0y0622852\",\"id\":\"p2\",\"pokemon\":[{\"ident\":\"p2: Alcremie\",\"details\":\"Alcremie-Mint-Cream, L90, F\",\"condition\":\"139/263\",\"active\":true,\"stats\":{\"atk\":113,\"def\":186,\"spa\":249,\"spd\":269,\"spe\":167},\"moves\":[\"terablast\",\"calmmind\",\"alluringvoice\",\"recover\"],\"baseAbility\":\"aromaveil\",\"item\":\"leftovers\",\"pokeball\":\"pokeball\",\"ability\":\"aromaveil\",\"commanding\":false,\"reviving\":false,\"teraType\":\"Ground\",\"terastallized\":\"Ground\"},{\"ident\":\"p2: Bruxish\",\"details\":\"Bruxish, L85, F\",\"condition\":\"0 fnt\",\"active\":false,\"stats\":{\"atk\":227,\"def\":168,\"spa\":168,\"spd\":168,\"spe\":205},\"moves\":[\"crunch\",\"icefang\",\"psychicfangs\",\"wavecrash\"],\"baseAbility\":\"strongjaw\",\"item\":\"choiceband\",\"pokeball\":\"pokeball\",\"ability\":\"strongjaw\",\"commanding\":false,\"reviving\":false,\"teraType\":\"Dark\",\"terastallized\":\"\"},{\"ident\":\"p2: Dragonite\",\"details\":\"Dragonite, L74, M\",\"condition\":\"257/257\",\"active\":false,\"stats\":{\"atk\":241,\"def\":184,\"spa\":191,\"spd\":191,\"spe\":161},\"moves\":[\"outrage\",\"earthquake\",\"dragondance\",\"ironhead\"],\"baseAbility\":\"multiscale\",\"item\":\"heavydutyboots\",\"pokeball\":\"pokeball\",\"ability\":\"multiscale\",\"commanding\":false,\"reviving\":false,\"teraType\":\"Steel\",\"terastallized\":\"\"},{\"ident\":\"p2: Spidops\",\"details\":\"Spidops, L96, F\",\"condition\":\"271/271\",\"active\":false,\"stats\":{\"atk\":206,\"def\":231,\"spa\":154,\"spd\":220,\"spe\":122},\"moves\":[\"stickyweb\",\"uturn\",\"knockoff\",\"toxicspikes\"],\"baseAbility\":\"stakeout\",\"item\":\"heavydutyboots\",\"pokeball\":\"pokeball\",\"ability\":\"stakeout\",\"commanding\":false,\"reviving\":false,\"teraType\":\"Ghost\",\"terastallized\":\"\"},{\"ident\":\"p2: Ho-Oh\",\"details\":\"Ho-Oh, L71\",\"condition\":\"268/268\",\"active\":false,\"stats\":{\"atk\":226,\"def\":169,\"spa\":198,\"spd\":260,\"spe\":169},\"moves\":[\"bravebird\",\"earthquake\",\"recover\",\"sacredfire\"],\"baseAbility\":\"regenerator\",\"item\":\"heavydutyboots\",\"pokeball\":\"pokeball\",\"ability\":\"regenerator\",\"commanding\":false,\"reviving\":false,\"teraType\":\"Steel\",\"terastallized\":\"\"},{\"ident\":\"p2: Sandaconda\",\"details\":\"Sandaconda, L84, M\",\"condition\":\"258/258\",\"active\":false,\"stats\":{\"atk\":228,\"def\":258,\"spa\":157,\"spd\":166,\"spe\":167},\"moves\":[\"coil\",\"earthquake\",\"rockblast\",\"scaleshot\"],\"baseAbility\":\"shedskin\",\"item\":\"loadeddice\",\"pokeball\":\"pokeball\",\"ability\":\"shedskin\",\"commanding\":false,\"reviving\":false,\"teraType\":\"Dragon\",\"terastallized\":\"\"}]},\"rqid\":33}\n|inactive|Time left: 300 sec this turn | 300 sec total\n|\n|t:|1783391891\n|switch|p1a: Bastiodon|Bastiodon, L89, F|100/100\n|move|p2a: Alcremie|Alluring Voice|p1a: Bastiodon\n|-immune|p1a: Bastiodon|[from] ability: Soundproof\n|\n|-heal|p2a: Alcremie|155/263|[from] item: Leftovers\n|-damage|p2a: Alcremie|123/263|[from] Leech Seed|[of] p1a: Bastiodon\n|upkeep\n|turn|14\n|request|{\"active\":[{\"moves\":[{\"move\":\"Tera Blast\",\"id\":\"terablast\",\"pp\":13,\"maxpp\":16,\"target\":\"normal\",\"disabled\":false},{\"move\":\"Calm Mind\",\"id\":\"calmmind\",\"pp\":29,\"maxpp\":32,\"target\":\"self\",\"disabled\":false},{\"move\":\"Alluring Voice\",\"id\":\"alluringvoice\",\"pp\":11,\"maxpp\":16,\"target\":\"normal\",\"disabled\":false},{\"move\":\"Recover\",\"id\":\"recover\",\"pp\":8,\"maxpp\":8,\"target\":\"self\",\"disabled\":false}]}],\"side\":{\"name\":\"p0y0622852\",\"id\":\"p2\",\"pokemon\":[{\"ident\":\"p2: Alcremie\",\"details\":\"Alcremie-Mint-Cream, L90, F\",\"condition\":\"123/263\",\"active\":true,\"stats\":{\"atk\":113,\"def\":186,\"spa\":249,\"spd\":269,\"spe\":167},\"moves\":[\"terablast\",\"calmmind\",\"alluringvoice\",\"recover\"],\"baseAbility\":\"aromaveil\",\"item\":\"leftovers\",\"pokeball\":\"pokeball\",\"ability\":\"aromaveil\",\"commanding\":false,\"reviving\":false,\"teraType\":\"Ground\",\"terastallized\":\"Ground\"},{\"ident\":\"p2: Bruxish\",\"details\":\"Bruxish, L85, F\",\"condition\":\"0 fnt\",\"active\":false,\"stats\":{\"atk\":227,\"def\":168,\"spa\":168,\"spd\":168,\"spe\":205},\"moves\":[\"crunch\",\"icefang\",\"psychicfangs\",\"wavecrash\"],\"baseAbility\":\"strongjaw\",\"item\":\"choiceband\",\"pokeball\":\"pokeball\",\"ability\":\"strongjaw\",\"commanding\":false,\"reviving\":false,\"teraType\":\"Dark\",\"terastallized\":\"\"},{\"ident\":\"p2: Dragonite\",\"details\":\"Dragonite, L74, M\",\"condition\":\"257/257\",\"active\":false,\"stats\":{\"atk\":241,\"def\":184,\"spa\":191,\"spd\":191,\"spe\":161},\"moves\":[\"outrage\",\"earthquake\",\"dragondance\",\"ironhead\"],\"baseAbility\":\"multiscale\",\"item\":\"heavydutyboots\",\"pokeball\":\"pokeball\",\"ability\":\"multiscale\",\"commanding\":false,\"reviving\":false,\"teraType\":\"Steel\",\"terastallized\":\"\"},{\"ident\":\"p2: Spidops\",\"details\":\"Spidops, L96, F\",\"condition\":\"271/271\",\"active\":false,\"stats\":{\"atk\":206,\"def\":231,\"spa\":154,\"spd\":220,\"spe\":122},\"moves\":[\"stickyweb\",\"uturn\",\"knockoff\",\"toxicspikes\"],\"baseAbility\":\"stakeout\",\"item\":\"heavydutyboots\",\"pokeball\":\"pokeball\",\"ability\":\"stakeout\",\"commanding\":false,\"reviving\":false,\"teraType\":\"Ghost\",\"terastallized\":\"\"},{\"ident\":\"p2: Ho-Oh\",\"details\":\"Ho-Oh, L71\",\"condition\":\"268/268\",\"active\":false,\"stats\":{\"atk\":226,\"def\":169,\"spa\":198,\"spd\":260,\"spe\":169},\"moves\":[\"bravebird\",\"earthquake\",\"recover\",\"sacredfire\"],\"baseAbility\":\"regenerator\",\"item\":\"heavydutyboots\",\"pokeball\":\"pokeball\",\"ability\":\"regenerator\",\"commanding\":false,\"reviving\":false,\"teraType\":\"Steel\",\"terastallized\":\"\"},{\"ident\":\"p2: Sandaconda\",\"details\":\"Sandaconda, L84, M\",\"condition\":\"258/258\",\"active\":false,\"stats\":{\"atk\":228,\"def\":258,\"spa\":157,\"spd\":166,\"spe\":167},\"moves\":[\"coil\",\"earthquake\",\"rockblast\",\"scaleshot\"],\"baseAbility\":\"shedskin\",\"item\":\"loadeddice\",\"pokeball\":\"pokeball\",\"ability\":\"shedskin\",\"commanding\":false,\"reviving\":false,\"teraType\":\"Dragon\",\"terastallized\":\"\"}]},\"rqid\":35}\n|inactive|Time left: 300 sec this turn | 300 sec total\n|\n|t:|1783391891\n|switch|p1a: Enamorus|Enamorus-Therian, L83, F|100/100\n|move|p2a: Alcremie|Recover|p2a: Alcremie\n|-heal|p2a: Alcremie|255/263\n|\n|-heal|p2a: Alcremie|263/263|[from] item: Leftovers\n|-damage|p2a: Alcremie|231/263|[from] Leech Seed|[of] p1a: Enamorus\n|upkeep\n|turn|15\n|request|{\"active\":[{\"moves\":[{\"move\":\"Tera Blast\",\"id\":\"terablast\",\"pp\":13,\"maxpp\":16,\"target\":\"normal\",\"disabled\":false},{\"move\":\"Calm Mind\",\"id\":\"calmmind\",\"pp\":29,\"maxpp\":32,\"target\":\"self\",\"disabled\":false},{\"move\":\"Alluring Voice\",\"id\":\"alluringvoice\",\"pp\":11,\"maxpp\":16,\"target\":\"normal\",\"disabled\":false},{\"move\":\"Recover\",\"id\":\"recover\",\"pp\":7,\"maxpp\":8,\"target\":\"self\",\"disabled\":false}]}],\"side\":{\"name\":\"p0y0622852\",\"id\":\"p2\",\"pokemon\":[{\"ident\":\"p2: Alcremie\",\"details\":\"Alcremie-Mint-Cream, L90, F\",\"condition\":\"231/263\",\"active\":true,\"stats\":{\"atk\":113,\"def\":186,\"spa\":249,\"spd\":269,\"spe\":167},\"moves\":[\"terablast\",\"calmmind\",\"alluringvoice\",\"recover\"],\"baseAbility\":\"aromaveil\",\"item\":\"leftovers\",\"pokeball\":\"pokeball\",\"ability\":\"aromaveil\",\"commanding\":false,\"reviving\":false,\"teraType\":\"Ground\",\"terastallized\":\"Ground\"},{\"ident\":\"p2: Bruxish\",\"details\":\"Bruxish, L85, F\",\"condition\":\"0 fnt\",\"active\":false,\"stats\":{\"atk\":227,\"def\":168,\"spa\":168,\"spd\":168,\"spe\":205},\"moves\":[\"crunch\",\"icefang\",\"psychicfangs\",\"wavecrash\"],\"baseAbility\":\"strongjaw\",\"item\":\"choiceband\",\"pokeball\":\"pokeball\",\"ability\":\"strongjaw\",\"commanding\":false,\"reviving\":false,\"teraType\":\"Dark\",\"terastallized\":\"\"},{\"ident\":\"p2: Dragonite\",\"details\":\"Dragonite, L74, M\",\"condition\":\"257/257\",\"active\":false,\"stats\":{\"atk\":241,\"def\":184,\"spa\":191,\"spd\":191,\"spe\":161},\"moves\":[\"outrage\",\"earthquake\",\"dragondance\",\"ironhead\"],\"baseAbility\":\"multiscale\",\"item\":\"heavydutyboots\",\"pokeball\":\"pokeball\",\"ability\":\"multiscale\",\"commanding\":false,\"reviving\":false,\"teraType\":\"Steel\",\"terastallized\":\"\"},{\"ident\":\"p2: Spidops\",\"details\":\"Spidops, L96, F\",\"condition\":\"271/271\",\"active\":false,\"stats\":{\"atk\":206,\"def\":231,\"spa\":154,\"spd\":220,\"spe\":122},\"moves\":[\"stickyweb\",\"uturn\",\"knockoff\",\"toxicspikes\"],\"baseAbility\":\"stakeout\",\"item\":\"heavydutyboots\",\"pokeball\":\"pokeball\",\"ability\":\"stakeout\",\"commanding\":false,\"reviving\":false,\"teraType\":\"Ghost\",\"terastallized\":\"\"},{\"ident\":\"p2: Ho-Oh\",\"details\":\"Ho-Oh, L71\",\"condition\":\"268/268\",\"active\":false,\"stats\":{\"atk\":226,\"def\":169,\"spa\":198,\"spd\":260,\"spe\":169},\"moves\":[\"bravebird\",\"earthquake\",\"recover\",\"sacredfire\"],\"baseAbility\":\"regenerator\",\"item\":\"heavydutyboots\",\"pokeball\":\"pokeball\",\"ability\":\"regenerator\",\"commanding\":false,\"reviving\":false,\"teraType\":\"Steel\",\"terastallized\":\"\"},{\"ident\":\"p2: Sandaconda\",\"details\":\"Sandaconda, L84, M\",\"condition\":\"258/258\",\"active\":false,\"stats\":{\"atk\":228,\"def\":258,\"spa\":157,\"spd\":166,\"spe\":167},\"moves\":[\"coil\",\"earthquake\",\"rockblast\",\"scaleshot\"],\"baseAbility\":\"shedskin\",\"item\":\"loadeddice\",\"pokeball\":\"pokeball\",\"ability\":\"shedskin\",\"commanding\":false,\"reviving\":false,\"teraType\":\"Dragon\",\"terastallized\":\"\"}]},\"rqid\":37}\n|inactive|Time left: 300 sec this turn | 300 sec total\n|\n|t:|1783391891\n|switch|p1a: Bastiodon|Bastiodon, L89, F|100/100\n|move|p2a: Alcremie|Alluring Voice|p1a: Bastiodon\n|-immune|p1a: Bastiodon|[from] ability: Soundproof\n|\n|-heal|p2a: Alcremie|247/263|[from] item: Leftovers\n|-damage|p2a: Alcremie|215/263|[from] Leech Seed|[of] p1a: Bastiodon\n|upkeep\n|turn|16\n|request|{\"active\":[{\"moves\":[{\"move\":\"Tera Blast\",\"id\":\"terablast\",\"pp\":13,\"maxpp\":16,\"target\":\"normal\",\"disabled\":false},{\"move\":\"Calm Mind\",\"id\":\"calmmind\",\"pp\":29,\"maxpp\":32,\"target\":\"self\",\"disabled\":false},{\"move\":\"Alluring Voice\",\"id\":\"alluringvoice\",\"pp\":10,\"maxpp\":16,\"target\":\"normal\",\"disabled\":false},{\"move\":\"Recover\",\"id\":\"recover\",\"pp\":7,\"maxpp\":8,\"target\":\"self\",\"disabled\":false}]}],\"side\":{\"name\":\"p0y0622852\",\"id\":\"p2\",\"pokemon\":[{\"ident\":\"p2: Alcremie\",\"details\":\"Alcremie-Mint-Cream, L90, F\",\"condition\":\"215/263\",\"active\":true,\"stats\":{\"atk\":113,\"def\":186,\"spa\":249,\"spd\":269,\"spe\":167},\"moves\":[\"terablast\",\"calmmind\",\"alluringvoice\",\"recover\"],\"baseAbility\":\"aromaveil\",\"item\":\"leftovers\",\"pokeball\":\"pokeball\",\"ability\":\"aromaveil\",\"commanding\":false,\"reviving\":false,\"teraType\":\"Ground\",\"terastallized\":\"Ground\"},{\"ident\":\"p2: Bruxish\",\"details\":\"Bruxish, L85, F\",\"condition\":\"0 fnt\",\"active\":false,\"stats\":{\"atk\":227,\"def\":168,\"spa\":168,\"spd\":168,\"spe\":205},\"moves\":[\"crunch\",\"icefang\",\"psychicfangs\",\"wavecrash\"],\"baseAbility\":\"strongjaw\",\"item\":\"choiceband\",\"pokeball\":\"pokeball\",\"ability\":\"strongjaw\",\"commanding\":false,\"reviving\":false,\"teraType\":\"Dark\",\"terastallized\":\"\"},{\"ident\":\"p2: Dragonite\",\"details\":\"Dragonite, L74, M\",\"condition\":\"257/257\",\"active\":false,\"stats\":{\"atk\":241,\"def\":184,\"spa\":191,\"spd\":191,\"spe\":161},\"moves\":[\"outrage\",\"earthquake\",\"dragondance\",\"ironhead\"],\"baseAbility\":\"multiscale\",\"item\":\"heavydutyboots\",\"pokeball\":\"pokeball\",\"ability\":\"multiscale\",\"commanding\":false,\"reviving\":false,\"teraType\":\"Steel\",\"terastallized\":\"\"},{\"ident\":\"p2: Spidops\",\"details\":\"Spidops, L96, F\",\"condition\":\"271/271\",\"active\":false,\"stats\":{\"atk\":206,\"def\":231,\"spa\":154,\"spd\":220,\"spe\":122},\"moves\":[\"stickyweb\",\"uturn\",\"knockoff\",\"toxicspikes\"],\"baseAbility\":\"stakeout\",\"item\":\"heavydutyboots\",\"pokeball\":\"pokeball\",\"ability\":\"stakeout\",\"commanding\":false,\"reviving\":false,\"teraType\":\"Ghost\",\"terastallized\":\"\"},{\"ident\":\"p2: Ho-Oh\",\"details\":\"Ho-Oh, L71\",\"condition\":\"268/268\",\"active\":false,\"stats\":{\"atk\":226,\"def\":169,\"spa\":198,\"spd\":260,\"spe\":169},\"moves\":[\"bravebird\",\"earthquake\",\"recover\",\"sacredfire\"],\"baseAbility\":\"regenerator\",\"item\":\"heavydutyboots\",\"pokeball\":\"pokeball\",\"ability\":\"regenerator\",\"commanding\":false,\"reviving\":false,\"teraType\":\"Steel\",\"terastallized\":\"\"},{\"ident\":\"p2: Sandaconda\",\"details\":\"Sandaconda, L84, M\",\"condition\":\"258/258\",\"active\":false,\"stats\":{\"atk\":228,\"def\":258,\"spa\":157,\"spd\":166,\"spe\":167},\"moves\":[\"coil\",\"earthquake\",\"rockblast\",\"scaleshot\"],\"baseAbility\":\"shedskin\",\"item\":\"loadeddice\",\"pokeball\":\"pokeball\",\"ability\":\"shedskin\",\"commanding\":false,\"reviving\":false,\"teraType\":\"Dragon\",\"terastallized\":\"\"}]},\"rqid\":39}\n|inactive|Time left: 300 sec this turn | 300 sec total\n|\n|t:|1783391892\n|switch|p1a: Enamorus|Enamorus-Therian, L83, F|100/100\n|move|p2a: Alcremie|Alluring Voice|p1a: Enamorus\n|-damage|p1a: Enamorus|12/100\n|\n|-heal|p2a: Alcremie|231/263|[from] item: Leftovers\n|-damage|p2a: Alcremie|199/263|[from] Leech Seed|[of] p1a: Enamorus\n|-heal|p1a: Enamorus|24/100|[silent]\n|upkeep\n|turn|17\n|request|{\"active\":[{\"moves\":[{\"move\":\"Tera Blast\",\"id\":\"terablast\",\"pp\":13,\"maxpp\":16,\"target\":\"normal\",\"disabled\":false},{\"move\":\"Calm Mind\",\"id\":\"calmmind\",\"pp\":29,\"maxpp\":32,\"target\":\"self\",\"disabled\":false},{\"move\":\"Alluring Voice\",\"id\":\"alluringvoice\",\"pp\":9,\"maxpp\":16,\"target\":\"normal\",\"disabled\":false},{\"move\":\"Recover\",\"id\":\"recover\",\"pp\":7,\"maxpp\":8,\"target\":\"self\",\"disabled\":false}]}],\"side\":{\"name\":\"p0y0622852\",\"id\":\"p2\",\"pokemon\":[{\"ident\":\"p2: Alcremie\",\"details\":\"Alcremie-Mint-Cream, L90, F\",\"condition\":\"199/263\",\"active\":true,\"stats\":{\"atk\":113,\"def\":186,\"spa\":249,\"spd\":269,\"spe\":167},\"moves\":[\"terablast\",\"calmmind\",\"alluringvoice\",\"recover\"],\"baseAbility\":\"aromaveil\",\"item\":\"leftovers\",\"pokeball\":\"pokeball\",\"ability\":\"aromaveil\",\"commanding\":false,\"reviving\":false,\"teraType\":\"Ground\",\"terastallized\":\"Ground\"},{\"ident\":\"p2: Bruxish\",\"details\":\"Bruxish, L85, F\",\"condition\":\"0 fnt\",\"active\":false,\"stats\":{\"atk\":227,\"def\":168,\"spa\":168,\"spd\":168,\"spe\":205},\"moves\":[\"crunch\",\"icefang\",\"psychicfangs\",\"wavecrash\"],\"baseAbility\":\"strongjaw\",\"item\":\"choiceband\",\"pokeball\":\"pokeball\",\"ability\":\"strongjaw\",\"commanding\":false,\"reviving\":false,\"teraType\":\"Dark\",\"terastallized\":\"\"},{\"ident\":\"p2: Dragonite\",\"details\":\"Dragonite, L74, M\",\"condition\":\"257/257\",\"active\":false,\"stats\":{\"atk\":241,\"def\":184,\"spa\":191,\"spd\":191,\"spe\":161},\"moves\":[\"outrage\",\"earthquake\",\"dragondance\",\"ironhead\"],\"baseAbility\":\"multiscale\",\"item\":\"heavydutyboots\",\"pokeball\":\"pokeball\",\"ability\":\"multiscale\",\"commanding\":false,\"reviving\":false,\"teraType\":\"Steel\",\"terastallized\":\"\"},{\"ident\":\"p2: Spidops\",\"details\":\"Spidops, L96, F\",\"condition\":\"271/271\",\"active\":false,\"stats\":{\"atk\":206,\"def\":231,\"spa\":154,\"spd\":220,\"spe\":122},\"moves\":[\"stickyweb\",\"uturn\",\"knockoff\",\"toxicspikes\"],\"baseAbility\":\"stakeout\",\"item\":\"heavydutyboots\",\"pokeball\":\"pokeball\",\"ability\":\"stakeout\",\"commanding\":false,\"reviving\":false,\"teraType\":\"Ghost\",\"terastallized\":\"\"},{\"ident\":\"p2: Ho-Oh\",\"details\":\"Ho-Oh, L71\",\"condition\":\"268/268\",\"active\":false,\"stats\":{\"atk\":226,\"def\":169,\"spa\":198,\"spd\":260,\"spe\":169},\"moves\":[\"bravebird\",\"earthquake\",\"recover\",\"sacredfire\"],\"baseAbility\":\"regenerator\",\"item\":\"heavydutyboots\",\"pokeball\":\"pokeball\",\"ability\":\"regenerator\",\"commanding\":false,\"reviving\":false,\"teraType\":\"Steel\",\"terastallized\":\"\"},{\"ident\":\"p2: Sandaconda\",\"details\":\"Sandaconda, L84, M\",\"condition\":\"258/258\",\"active\":false,\"stats\":{\"atk\":228,\"def\":258,\"spa\":157,\"spd\":166,\"spe\":167},\"moves\":[\"coil\",\"earthquake\",\"rockblast\",\"scaleshot\"],\"baseAbility\":\"shedskin\",\"item\":\"loadeddice\",\"pokeball\":\"pokeball\",\"ability\":\"shedskin\",\"commanding\":false,\"reviving\":false,\"teraType\":\"Dragon\",\"terastallized\":\"\"}]},\"rqid\":41}\n|inactive|Time left: 300 sec this turn | 300 sec total\n|\n|t:|1783391892\n|switch|p1a: Bastiodon|Bastiodon, L89, F|100/100\n|move|p2a: Alcremie|Alluring Voice|p1a: Bastiodon\n|-immune|p1a: Bastiodon|[from] ability: Soundproof\n|\n|-heal|p2a: Alcremie|215/263|[from] item: Leftovers\n|-damage|p2a: Alcremie|183/263|[from] Leech Seed|[of] p1a: Bastiodon\n|upkeep\n|turn|18\n|request|{\"active\":[{\"moves\":[{\"move\":\"Tera Blast\",\"id\":\"terablast\",\"pp\":13,\"maxpp\":16,\"target\":\"normal\",\"disabled\":false},{\"move\":\"Calm Mind\",\"id\":\"calmmind\",\"pp\":29,\"maxpp\":32,\"target\":\"self\",\"disabled\":false},{\"move\":\"Alluring Voice\",\"id\":\"alluringvoice\",\"pp\":8,\"maxpp\":16,\"target\":\"normal\",\"disabled\":false},{\"move\":\"Recover\",\"id\":\"recover\",\"pp\":7,\"maxpp\":8,\"target\":\"self\",\"disabled\":false}]}],\"side\":{\"name\":\"p0y0622852\",\"id\":\"p2\",\"pokemon\":[{\"ident\":\"p2: Alcremie\",\"details\":\"Alcremie-Mint-Cream, L90, F\",\"condition\":\"183/263\",\"active\":true,\"stats\":{\"atk\":113,\"def\":186,\"spa\":249,\"spd\":269,\"spe\":167},\"moves\":[\"terablast\",\"calmmind\",\"alluringvoice\",\"recover\"],\"baseAbility\":\"aromaveil\",\"item\":\"leftovers\",\"pokeball\":\"pokeball\",\"ability\":\"aromaveil\",\"commanding\":false,\"reviving\":false,\"teraType\":\"Ground\",\"terastallized\":\"Ground\"},{\"ident\":\"p2: Bruxish\",\"details\":\"Bruxish, L85, F\",\"condition\":\"0 fnt\",\"active\":false,\"stats\":{\"atk\":227,\"def\":168,\"spa\":168,\"spd\":168,\"spe\":205},\"moves\":[\"crunch\",\"icefang\",\"psychicfangs\",\"wavecrash\"],\"baseAbility\":\"strongjaw\",\"item\":\"choiceband\",\"pokeball\":\"pokeball\",\"ability\":\"strongjaw\",\"commanding\":false,\"reviving\":false,\"teraType\":\"Dark\",\"terastallized\":\"\"},{\"ident\":\"p2: Dragonite\",\"details\":\"Dragonite, L74, M\",\"condition\":\"257/257\",\"active\":false,\"stats\":{\"atk\":241,\"def\":184,\"spa\":191,\"spd\":191,\"spe\":161},\"moves\":[\"outrage\",\"earthquake\",\"dragondance\",\"ironhead\"],\"baseAbility\":\"multiscale\",\"item\":\"heavydutyboots\",\"pokeball\":\"pokeball\",\"ability\":\"multiscale\",\"commanding\":false,\"reviving\":false,\"teraType\":\"Steel\",\"terastallized\":\"\"},{\"ident\":\"p2: Spidops\",\"details\":\"Spidops, L96, F\",\"condition\":\"271/271\",\"active\":false,\"stats\":{\"atk\":206,\"def\":231,\"spa\":154,\"spd\":220,\"spe\":122},\"moves\":[\"stickyweb\",\"uturn\",\"knockoff\",\"toxicspikes\"],\"baseAbility\":\"stakeout\",\"item\":\"heavydutyboots\",\"pokeball\":\"pokeball\",\"ability\":\"stakeout\",\"commanding\":false,\"reviving\":false,\"teraType\":\"Ghost\",\"terastallized\":\"\"},{\"ident\":\"p2: Ho-Oh\",\"details\":\"Ho-Oh, L71\",\"condition\":\"268/268\",\"active\":false,\"stats\":{\"atk\":226,\"def\":169,\"spa\":198,\"spd\":260,\"spe\":169},\"moves\":[\"bravebird\",\"earthquake\",\"recover\",\"sacredfire\"],\"baseAbility\":\"regenerator\",\"item\":\"heavydutyboots\",\"pokeball\":\"pokeball\",\"ability\":\"regenerator\",\"commanding\":false,\"reviving\":false,\"teraType\":\"Steel\",\"terastallized\":\"\"},{\"ident\":\"p2: Sandaconda\",\"details\":\"Sandaconda, L84, M\",\"condition\":\"258/258\",\"active\":false,\"stats\":{\"atk\":228,\"def\":258,\"spa\":157,\"spd\":166,\"spe\":167},\"moves\":[\"coil\",\"earthquake\",\"rockblast\",\"scaleshot\"],\"baseAbility\":\"shedskin\",\"item\":\"loadeddice\",\"pokeball\":\"pokeball\",\"ability\":\"shedskin\",\"commanding\":false,\"reviving\":false,\"teraType\":\"Dragon\",\"terastallized\":\"\"}]},\"rqid\":43}\n|inactive|Time left: 300 sec this turn | 300 sec total\n|\n|t:|1783391892\n|switch|p1a: Enamorus|Enamorus-Therian, L83, F|24/100\n|move|p2a: Alcremie|Tera Blast|p1a: Enamorus|[anim] Tera Blast Ground\n|-immune|p1a: Enamorus\n|\n|-heal|p2a: Alcremie|199/263|[from] item: Leftovers\n|-damage|p2a: Alcremie|167/263|[from] Leech Seed|[of] p1a: Enamorus\n|-heal|p1a: Enamorus|37/100|[silent]\n|upkeep\n|turn|19\n|request|{\"active\":[{\"moves\":[{\"move\":\"Tera Blast\",\"id\":\"terablast\",\"pp\":12,\"maxpp\":16,\"target\":\"normal\",\"disabled\":false},{\"move\":\"Calm Mind\",\"id\":\"calmmind\",\"pp\":29,\"maxpp\":32,\"target\":\"self\",\"disabled\":false},{\"move\":\"Alluring Voice\",\"id\":\"alluringvoice\",\"pp\":8,\"maxpp\":16,\"target\":\"normal\",\"disabled\":false},{\"move\":\"Recover\",\"id\":\"recover\",\"pp\":7,\"maxpp\":8,\"target\":\"self\",\"disabled\":false}]}],\"side\":{\"name\":\"p0y0622852\",\"id\":\"p2\",\"pokemon\":[{\"ident\":\"p2: Alcremie\",\"details\":\"Alcremie-Mint-Cream, L90, F\",\"condition\":\"167/263\",\"active\":true,\"stats\":{\"atk\":113,\"def\":186,\"spa\":249,\"spd\":269,\"spe\":167},\"moves\":[\"terablast\",\"calmmind\",\"alluringvoice\",\"recover\"],\"baseAbility\":\"aromaveil\",\"item\":\"leftovers\",\"pokeball\":\"pokeball\",\"ability\":\"aromaveil\",\"commanding\":false,\"reviving\":false,\"teraType\":\"Ground\",\"terastallized\":\"Ground\"},{\"ident\":\"p2: Bruxish\",\"details\":\"Bruxish, L85, F\",\"condition\":\"0 fnt\",\"active\":false,\"stats\":{\"atk\":227,\"def\":168,\"spa\":168,\"spd\":168,\"spe\":205},\"moves\":[\"crunch\",\"icefang\",\"psychicfangs\",\"wavecrash\"],\"baseAbility\":\"strongjaw\",\"item\":\"choiceband\",\"pokeball\":\"pokeball\",\"ability\":\"strongjaw\",\"commanding\":false,\"reviving\":false,\"teraType\":\"Dark\",\"terastallized\":\"\"},{\"ident\":\"p2: Dragonite\",\"details\":\"Dragonite, L74, M\",\"condition\":\"257/257\",\"active\":false,\"stats\":{\"atk\":241,\"def\":184,\"spa\":191,\"spd\":191,\"spe\":161},\"moves\":[\"outrage\",\"earthquake\",\"dragondance\",\"ironhead\"],\"baseAbility\":\"multiscale\",\"item\":\"heavydutyboots\",\"pokeball\":\"pokeball\",\"ability\":\"multiscale\",\"commanding\":false,\"reviving\":false,\"teraType\":\"Steel\",\"terastallized\":\"\"},{\"ident\":\"p2: Spidops\",\"details\":\"Spidops, L96, F\",\"condition\":\"271/271\",\"active\":false,\"stats\":{\"atk\":206,\"def\":231,\"spa\":154,\"spd\":220,\"spe\":122},\"moves\":[\"stickyweb\",\"uturn\",\"knockoff\",\"toxicspikes\"],\"baseAbility\":\"stakeout\",\"item\":\"heavydutyboots\",\"pokeball\":\"pokeball\",\"ability\":\"stakeout\",\"commanding\":false,\"reviving\":false,\"teraType\":\"Ghost\",\"terastallized\":\"\"},{\"ident\":\"p2: Ho-Oh\",\"details\":\"Ho-Oh, L71\",\"condition\":\"268/268\",\"active\":false,\"stats\":{\"atk\":226,\"def\":169,\"spa\":198,\"spd\":260,\"spe\":169},\"moves\":[\"bravebird\",\"earthquake\",\"recover\",\"sacredfire\"],\"baseAbility\":\"regenerator\",\"item\":\"heavydutyboots\",\"pokeball\":\"pokeball\",\"ability\":\"regenerator\",\"commanding\":false,\"reviving\":false,\"teraType\":\"Steel\",\"terastallized\":\"\"},{\"ident\":\"p2: Sandaconda\",\"details\":\"Sandaconda, L84, M\",\"condition\":\"258/258\",\"active\":false,\"stats\":{\"atk\":228,\"def\":258,\"spa\":157,\"spd\":166,\"spe\":167},\"moves\":[\"coil\",\"earthquake\",\"rockblast\",\"scaleshot\"],\"baseAbility\":\"shedskin\",\"item\":\"loadeddice\",\"pokeball\":\"pokeball\",\"ability\":\"shedskin\",\"commanding\":false,\"reviving\":false,\"teraType\":\"Dragon\",\"terastallized\":\"\"}]},\"rqid\":45}\n|inactive|Time left: 300 sec this turn | 300 sec total\n|\n|t:|1783391892\n|switch|p1a: Bastiodon|Bastiodon, L89, F|100/100\n|move|p2a: Alcremie|Alluring Voice|p1a: Bastiodon\n|-immune|p1a: Bastiodon|[from] ability: Soundproof\n|\n|-heal|p2a: Alcremie|183/263|[from] item: Leftovers\n|-damage|p2a: Alcremie|151/263|[from] Leech Seed|[of] p1a: Bastiodon\n|upkeep\n|turn|20\n|request|{\"active\":[{\"moves\":[{\"move\":\"Tera Blast\",\"id\":\"terablast\",\"pp\":12,\"maxpp\":16,\"target\":\"normal\",\"disabled\":false},{\"move\":\"Calm Mind\",\"id\":\"calmmind\",\"pp\":29,\"maxpp\":32,\"target\":\"self\",\"disabled\":false},{\"move\":\"Alluring Voice\",\"id\":\"alluringvoice\",\"pp\":7,\"maxpp\":16,\"target\":\"normal\",\"disabled\":false},{\"move\":\"Recover\",\"id\":\"recover\",\"pp\":7,\"maxpp\":8,\"target\":\"self\",\"disabled\":false}]}],\"side\":{\"name\":\"p0y0622852\",\"id\":\"p2\",\"pokemon\":[{\"ident\":\"p2: Alcremie\",\"details\":\"Alcremie-Mint-Cream, L90, F\",\"condition\":\"151/263\",\"active\":true,\"stats\":{\"atk\":113,\"def\":186,\"spa\":249,\"spd\":269,\"spe\":167},\"moves\":[\"terablast\",\"calmmind\",\"alluringvoice\",\"recover\"],\"baseAbility\":\"aromaveil\",\"item\":\"leftovers\",\"pokeball\":\"pokeball\",\"ability\":\"aromaveil\",\"commanding\":false,\"reviving\":false,\"teraType\":\"Ground\",\"terastallized\":\"Ground\"},{\"ident\":\"p2: Bruxish\",\"details\":\"Bruxish, L85, F\",\"condition\":\"0 fnt\",\"active\":false,\"stats\":{\"atk\":227,\"def\":168,\"spa\":168,\"spd\":168,\"spe\":205},\"moves\":[\"crunch\",\"icefang\",\"psychicfangs\",\"wavecrash\"],\"baseAbility\":\"strongjaw\",\"item\":\"choiceband\",\"pokeball\":\"pokeball\",\"ability\":\"strongjaw\",\"commanding\":false,\"reviving\":false,\"teraType\":\"Dark\",\"terastallized\":\"\"},{\"ident\":\"p2: Dragonite\",\"details\":\"Dragonite, L74, M\",\"condition\":\"257/257\",\"active\":false,\"stats\":{\"atk\":241,\"def\":184,\"spa\":191,\"spd\":191,\"spe\":161},\"moves\":[\"outrage\",\"earthquake\",\"dragondance\",\"ironhead\"],\"baseAbility\":\"multiscale\",\"item\":\"heavydutyboots\",\"pokeball\":\"pokeball\",\"ability\":\"multiscale\",\"commanding\":false,\"reviving\":false,\"teraType\":\"Steel\",\"terastallized\":\"\"},{\"ident\":\"p2: Spidops\",\"details\":\"Spidops, L96, F\",\"condition\":\"271/271\",\"active\":false,\"stats\":{\"atk\":206,\"def\":231,\"spa\":154,\"spd\":220,\"spe\":122},\"moves\":[\"stickyweb\",\"uturn\",\"knockoff\",\"toxicspikes\"],\"baseAbility\":\"stakeout\",\"item\":\"heavydutyboots\",\"pokeball\":\"pokeball\",\"ability\":\"stakeout\",\"commanding\":false,\"reviving\":false,\"teraType\":\"Ghost\",\"terastallized\":\"\"},{\"ident\":\"p2: Ho-Oh\",\"details\":\"Ho-Oh, L71\",\"condition\":\"268/268\",\"active\":false,\"stats\":{\"atk\":226,\"def\":169,\"spa\":198,\"spd\":260,\"spe\":169},\"moves\":[\"bravebird\",\"earthquake\",\"recover\",\"sacredfire\"],\"baseAbility\":\"regenerator\",\"item\":\"heavydutyboots\",\"pokeball\":\"pokeball\",\"ability\":\"regenerator\",\"commanding\":false,\"reviving\":false,\"teraType\":\"Steel\",\"terastallized\":\"\"},{\"ident\":\"p2: Sandaconda\",\"details\":\"Sandaconda, L84, M\",\"condition\":\"258/258\",\"active\":false,\"stats\":{\"atk\":228,\"def\":258,\"spa\":157,\"spd\":166,\"spe\":167},\"moves\":[\"coil\",\"earthquake\",\"rockblast\",\"scaleshot\"],\"baseAbility\":\"shedskin\",\"item\":\"loadeddice\",\"pokeball\":\"pokeball\",\"ability\":\"shedskin\",\"commanding\":false,\"reviving\":false,\"teraType\":\"Dragon\",\"terastallized\":\"\"}]},\"rqid\":47}\n|inactive|Time left: 300 sec this turn | 300 sec total\n|\n|t:|1783391893\n|switch|p1a: Enamorus|Enamorus-Therian, L83, F|37/100\n|move|p2a: Alcremie|Tera Blast|p1a: Enamorus|[anim] Tera Blast Ground\n|-immune|p1a: Enamorus\n|\n|-heal|p2a: Alcremie|167/263|[from] item: Leftovers\n|-damage|p2a: Alcremie|135/263|[from] Leech Seed|[of] p1a: Enamorus\n|-heal|p1a: Enamorus|49/100|[silent]\n|upkeep\n|turn|21\n|request|{\"active\":[{\"moves\":[{\"move\":\"Tera Blast\",\"id\":\"terablast\",\"pp\":11,\"maxpp\":16,\"target\":\"normal\",\"disabled\":false},{\"move\":\"Calm Mind\",\"id\":\"calmmind\",\"pp\":29,\"maxpp\":32,\"target\":\"self\",\"disabled\":false},{\"move\":\"Alluring Voice\",\"id\":\"alluringvoice\",\"pp\":7,\"maxpp\":16,\"target\":\"normal\",\"disabled\":false},{\"move\":\"Recover\",\"id\":\"recover\",\"pp\":7,\"maxpp\":8,\"target\":\"self\",\"disabled\":false}]}],\"side\":{\"name\":\"p0y0622852\",\"id\":\"p2\",\"pokemon\":[{\"ident\":\"p2: Alcremie\",\"details\":\"Alcremie-Mint-Cream, L90, F\",\"condition\":\"135/263\",\"active\":true,\"stats\":{\"atk\":113,\"def\":186,\"spa\":249,\"spd\":269,\"spe\":167},\"moves\":[\"terablast\",\"calmmind\",\"alluringvoice\",\"recover\"],\"baseAbility\":\"aromaveil\",\"item\":\"leftovers\",\"pokeball\":\"pokeball\",\"ability\":\"aromaveil\",\"commanding\":false,\"reviving\":false,\"teraType\":\"Ground\",\"terastallized\":\"Ground\"},{\"ident\":\"p2: Bruxish\",\"details\":\"Bruxish, L85, F\",\"condition\":\"0 fnt\",\"active\":false,\"stats\":{\"atk\":227,\"def\":168,\"spa\":168,\"spd\":168,\"spe\":205},\"moves\":[\"crunch\",\"icefang\",\"psychicfangs\",\"wavecrash\"],\"baseAbility\":\"strongjaw\",\"item\":\"choiceband\",\"pokeball\":\"pokeball\",\"ability\":\"strongjaw\",\"commanding\":false,\"reviving\":false,\"teraType\":\"Dark\",\"terastallized\":\"\"},{\"ident\":\"p2: Dragonite\",\"details\":\"Dragonite, L74, M\",\"condition\":\"257/257\",\"active\":false,\"stats\":{\"atk\":241,\"def\":184,\"spa\":191,\"spd\":191,\"spe\":161},\"moves\":[\"outrage\",\"earthquake\",\"dragondance\",\"ironhead\"],\"baseAbility\":\"multiscale\",\"item\":\"heavydutyboots\",\"pokeball\":\"pokeball\",\"ability\":\"multiscale\",\"commanding\":false,\"reviving\":false,\"teraType\":\"Steel\",\"terastallized\":\"\"},{\"ident\":\"p2: Spidops\",\"details\":\"Spidops, L96, F\",\"condition\":\"271/271\",\"active\":false,\"stats\":{\"atk\":206,\"def\":231,\"spa\":154,\"spd\":220,\"spe\":122},\"moves\":[\"stickyweb\",\"uturn\",\"knockoff\",\"toxicspikes\"],\"baseAbility\":\"stakeout\",\"item\":\"heavydutyboots\",\"pokeball\":\"pokeball\",\"ability\":\"stakeout\",\"commanding\":false,\"reviving\":false,\"teraType\":\"Ghost\",\"terastallized\":\"\"},{\"ident\":\"p2: Ho-Oh\",\"details\":\"Ho-Oh, L71\",\"condition\":\"268/268\",\"active\":false,\"stats\":{\"atk\":226,\"def\":169,\"spa\":198,\"spd\":260,\"spe\":169},\"moves\":[\"bravebird\",\"earthquake\",\"recover\",\"sacredfire\"],\"baseAbility\":\"regenerator\",\"item\":\"heavydutyboots\",\"pokeball\":\"pokeball\",\"ability\":\"regenerator\",\"commanding\":false,\"reviving\":false,\"teraType\":\"Steel\",\"terastallized\":\"\"},{\"ident\":\"p2: Sandaconda\",\"details\":\"Sandaconda, L84, M\",\"condition\":\"258/258\",\"active\":false,\"stats\":{\"atk\":228,\"def\":258,\"spa\":157,\"spd\":166,\"spe\":167},\"moves\":[\"coil\",\"earthquake\",\"rockblast\",\"scaleshot\"],\"baseAbility\":\"shedskin\",\"item\":\"loadeddice\",\"pokeball\":\"pokeball\",\"ability\":\"shedskin\",\"commanding\":false,\"reviving\":false,\"teraType\":\"Dragon\",\"terastallized\":\"\"}]},\"rqid\":49}\n|inactive|Time left: 300 sec this turn | 300 sec total\n|\n|t:|1783391893\n|switch|p1a: Bastiodon|Bastiodon, L89, F|100/100\n|move|p2a: Alcremie|Recover|p2a: Alcremie\n|-heal|p2a: Alcremie|263/263\n|\n|-damage|p2a: Alcremie|231/263|[from] Leech Seed|[of] p1a: Bastiodon\n|upkeep\n|turn|22\n|request|{\"active\":[{\"moves\":[{\"move\":\"Tera Blast\",\"id\":\"terablast\",\"pp\":11,\"maxpp\":16,\"target\":\"normal\",\"disabled\":false},{\"move\":\"Calm Mind\",\"id\":\"calmmind\",\"pp\":29,\"maxpp\":32,\"target\":\"self\",\"disabled\":false},{\"move\":\"Alluring Voice\",\"id\":\"alluringvoice\",\"pp\":7,\"maxpp\":16,\"target\":\"normal\",\"disabled\":false},{\"move\":\"Recover\",\"id\":\"recover\",\"pp\":6,\"maxpp\":8,\"target\":\"self\",\"disabled\":false}]}],\"side\":{\"name\":\"p0y0622852\",\"id\":\"p2\",\"pokemon\":[{\"ident\":\"p2: Alcremie\",\"details\":\"Alcremie-Mint-Cream, L90, F\",\"condition\":\"231/263\",\"active\":true,\"stats\":{\"atk\":113,\"def\":186,\"spa\":249,\"spd\":269,\"spe\":167},\"moves\":[\"terablast\",\"calmmind\",\"alluringvoice\",\"recover\"],\"baseAbility\":\"aromaveil\",\"item\":\"leftovers\",\"pokeball\":\"pokeball\",\"ability\":\"aromaveil\",\"commanding\":false,\"reviving\":false,\"teraType\":\"Ground\",\"terastallized\":\"Ground\"},{\"ident\":\"p2: Bruxish\",\"details\":\"Bruxish, L85, F\",\"condition\":\"0 fnt\",\"active\":false,\"stats\":{\"atk\":227,\"def\":168,\"spa\":168,\"spd\":168,\"spe\":205},\"moves\":[\"crunch\",\"icefang\",\"psychicfangs\",\"wavecrash\"],\"baseAbility\":\"strongjaw\",\"item\":\"choiceband\",\"pokeball\":\"pokeball\",\"ability\":\"strongjaw\",\"commanding\":false,\"reviving\":false,\"teraType\":\"Dark\",\"terastallized\":\"\"},{\"ident\":\"p2: Dragonite\",\"details\":\"Dragonite, L74, M\",\"condition\":\"257/257\",\"active\":false,\"stats\":{\"atk\":241,\"def\":184,\"spa\":191,\"spd\":191,\"spe\":161},\"moves\":[\"outrage\",\"earthquake\",\"dragondance\",\"ironhead\"],\"baseAbility\":\"multiscale\",\"item\":\"heavydutyboots\",\"pokeball\":\"pokeball\",\"ability\":\"multiscale\",\"commanding\":false,\"reviving\":false,\"teraType\":\"Steel\",\"terastallized\":\"\"},{\"ident\":\"p2: Spidops\",\"details\":\"Spidops, L96, F\",\"condition\":\"271/271\",\"active\":false,\"stats\":{\"atk\":206,\"def\":231,\"spa\":154,\"spd\":220,\"spe\":122},\"moves\":[\"stickyweb\",\"uturn\",\"knockoff\",\"toxicspikes\"],\"baseAbility\":\"stakeout\",\"item\":\"heavydutyboots\",\"pokeball\":\"pokeball\",\"ability\":\"stakeout\",\"commanding\":false,\"reviving\":false,\"teraType\":\"Ghost\",\"terastallized\":\"\"},{\"ident\":\"p2: Ho-Oh\",\"details\":\"Ho-Oh, L71\",\"condition\":\"268/268\",\"active\":false,\"stats\":{\"atk\":226,\"def\":169,\"spa\":198,\"spd\":260,\"spe\":169},\"moves\":[\"bravebird\",\"earthquake\",\"recover\",\"sacredfire\"],\"baseAbility\":\"regenerator\",\"item\":\"heavydutyboots\",\"pokeball\":\"pokeball\",\"ability\":\"regenerator\",\"commanding\":false,\"reviving\":false,\"teraType\":\"Steel\",\"terastallized\":\"\"},{\"ident\":\"p2: Sandaconda\",\"details\":\"Sandaconda, L84, M\",\"condition\":\"258/258\",\"active\":false,\"stats\":{\"atk\":228,\"def\":258,\"spa\":157,\"spd\":166,\"spe\":167},\"moves\":[\"coil\",\"earthquake\",\"rockblast\",\"scaleshot\"],\"baseAbility\":\"shedskin\",\"item\":\"loadeddice\",\"pokeball\":\"pokeball\",\"ability\":\"shedskin\",\"commanding\":false,\"reviving\":false,\"teraType\":\"Dragon\",\"terastallized\":\"\"}]},\"rqid\":51}\n|inactive|Time left: 300 sec this turn | 300 sec total\n|\n|t:|1783391893\n|switch|p1a: Enamorus|Enamorus-Therian, L83, F|49/100\n|move|p2a: Alcremie|Tera Blast|p1a: Enamorus|[anim] Tera Blast Ground\n|-immune|p1a: Enamorus\n|\n|-heal|p2a: Alcremie|247/263|[from] item: Leftovers\n|-damage|p2a: Alcremie|215/263|[from] Leech Seed|[of] p1a: Enamorus\n|-heal|p1a: Enamorus|62/100|[silent]\n|upkeep\n|turn|23\n|request|{\"active\":[{\"moves\":[{\"move\":\"Tera Blast\",\"id\":\"terablast\",\"pp\":10,\"maxpp\":16,\"target\":\"normal\",\"disabled\":false},{\"move\":\"Calm Mind\",\"id\":\"calmmind\",\"pp\":29,\"maxpp\":32,\"target\":\"self\",\"disabled\":false},{\"move\":\"Alluring Voice\",\"id\":\"alluringvoice\",\"pp\":7,\"maxpp\":16,\"target\":\"normal\",\"disabled\":false},{\"move\":\"Recover\",\"id\":\"recover\",\"pp\":6,\"maxpp\":8,\"target\":\"self\",\"disabled\":false}]}],\"side\":{\"name\":\"p0y0622852\",\"id\":\"p2\",\"pokemon\":[{\"ident\":\"p2: Alcremie\",\"details\":\"Alcremie-Mint-Cream, L90, F\",\"condition\":\"215/263\",\"active\":true,\"stats\":{\"atk\":113,\"def\":186,\"spa\":249,\"spd\":269,\"spe\":167},\"moves\":[\"terablast\",\"calmmind\",\"alluringvoice\",\"recover\"],\"baseAbility\":\"aromaveil\",\"item\":\"leftovers\",\"pokeball\":\"pokeball\",\"ability\":\"aromaveil\",\"commanding\":false,\"reviving\":false,\"teraType\":\"Ground\",\"terastallized\":\"Ground\"},{\"ident\":\"p2: Bruxish\",\"details\":\"Bruxish, L85, F\",\"condition\":\"0 fnt\",\"active\":false,\"stats\":{\"atk\":227,\"def\":168,\"spa\":168,\"spd\":168,\"spe\":205},\"moves\":[\"crunch\",\"icefang\",\"psychicfangs\",\"wavecrash\"],\"baseAbility\":\"strongjaw\",\"item\":\"choiceband\",\"pokeball\":\"pokeball\",\"ability\":\"strongjaw\",\"commanding\":false,\"reviving\":false,\"teraType\":\"Dark\",\"terastallized\":\"\"},{\"ident\":\"p2: Dragonite\",\"details\":\"Dragonite, L74, M\",\"condition\":\"257/257\",\"active\":false,\"stats\":{\"atk\":241,\"def\":184,\"spa\":191,\"spd\":191,\"spe\":161},\"moves\":[\"outrage\",\"earthquake\",\"dragondance\",\"ironhead\"],\"baseAbility\":\"multiscale\",\"item\":\"heavydutyboots\",\"pokeball\":\"pokeball\",\"ability\":\"multiscale\",\"commanding\":false,\"reviving\":false,\"teraType\":\"Steel\",\"terastallized\":\"\"},{\"ident\":\"p2: Spidops\",\"details\":\"Spidops, L96, F\",\"condition\":\"271/271\",\"active\":false,\"stats\":{\"atk\":206,\"def\":231,\"spa\":154,\"spd\":220,\"spe\":122},\"moves\":[\"stickyweb\",\"uturn\",\"knockoff\",\"toxicspikes\"],\"baseAbility\":\"stakeout\",\"item\":\"heavydutyboots\",\"pokeball\":\"pokeball\",\"ability\":\"stakeout\",\"commanding\":false,\"reviving\":false,\"teraType\":\"Ghost\",\"terastallized\":\"\"},{\"ident\":\"p2: Ho-Oh\",\"details\":\"Ho-Oh, L71\",\"condition\":\"268/268\",\"active\":false,\"stats\":{\"atk\":226,\"def\":169,\"spa\":198,\"spd\":260,\"spe\":169},\"moves\":[\"bravebird\",\"earthquake\",\"recover\",\"sacredfire\"],\"baseAbility\":\"regenerator\",\"item\":\"heavydutyboots\",\"pokeball\":\"pokeball\",\"ability\":\"regenerator\",\"commanding\":false,\"reviving\":false,\"teraType\":\"Steel\",\"terastallized\":\"\"},{\"ident\":\"p2: Sandaconda\",\"details\":\"Sandaconda, L84, M\",\"condition\":\"258/258\",\"active\":false,\"stats\":{\"atk\":228,\"def\":258,\"spa\":157,\"spd\":166,\"spe\":167},\"moves\":[\"coil\",\"earthquake\",\"rockblast\",\"scaleshot\"],\"baseAbility\":\"shedskin\",\"item\":\"loadeddice\",\"pokeball\":\"pokeball\",\"ability\":\"shedskin\",\"commanding\":false,\"reviving\":false,\"teraType\":\"Dragon\",\"terastallized\":\"\"}]},\"rqid\":53}\n|inactive|Time left: 300 sec this turn | 300 sec total\n|\n|t:|1783391893\n|switch|p1a: Bastiodon|Bastiodon, L89, F|100/100\n|move|p2a: Alcremie|Alluring Voice|p1a: Bastiodon\n|-immune|p1a: Bastiodon|[from] ability: Soundproof\n|\n|-heal|p2a: Alcremie|231/263|[from] item: Leftovers\n|-damage|p2a: Alcremie|199/263|[from] Leech Seed|[of] p1a: Bastiodon\n|upkeep\n|turn|24\n|request|{\"active\":[{\"moves\":[{\"move\":\"Tera Blast\",\"id\":\"terablast\",\"pp\":10,\"maxpp\":16,\"target\":\"normal\",\"disabled\":false},{\"move\":\"Calm Mind\",\"id\":\"calmmind\",\"pp\":29,\"maxpp\":32,\"target\":\"self\",\"disabled\":false},{\"move\":\"Alluring Voice\",\"id\":\"alluringvoice\",\"pp\":6,\"maxpp\":16,\"target\":\"normal\",\"disabled\":false},{\"move\":\"Recover\",\"id\":\"recover\",\"pp\":6,\"maxpp\":8,\"target\":\"self\",\"disabled\":false}]}],\"side\":{\"name\":\"p0y0622852\",\"id\":\"p2\",\"pokemon\":[{\"ident\":\"p2: Alcremie\",\"details\":\"Alcremie-Mint-Cream, L90, F\",\"condition\":\"199/263\",\"active\":true,\"stats\":{\"atk\":113,\"def\":186,\"spa\":249,\"spd\":269,\"spe\":167},\"moves\":[\"terablast\",\"calmmind\",\"alluringvoice\",\"recover\"],\"baseAbility\":\"aromaveil\",\"item\":\"leftovers\",\"pokeball\":\"pokeball\",\"ability\":\"aromaveil\",\"commanding\":false,\"reviving\":false,\"teraType\":\"Ground\",\"terastallized\":\"Ground\"},{\"ident\":\"p2: Bruxish\",\"details\":\"Bruxish, L85, F\",\"condition\":\"0 fnt\",\"active\":false,\"stats\":{\"atk\":227,\"def\":168,\"spa\":168,\"spd\":168,\"spe\":205},\"moves\":[\"crunch\",\"icefang\",\"psychicfangs\",\"wavecrash\"],\"baseAbility\":\"strongjaw\",\"item\":\"choiceband\",\"pokeball\":\"pokeball\",\"ability\":\"strongjaw\",\"commanding\":false,\"reviving\":false,\"teraType\":\"Dark\",\"terastallized\":\"\"},{\"ident\":\"p2: Dragonite\",\"details\":\"Dragonite, L74, M\",\"condition\":\"257/257\",\"active\":false,\"stats\":{\"atk\":241,\"def\":184,\"spa\":191,\"spd\":191,\"spe\":161},\"moves\":[\"outrage\",\"earthquake\",\"dragondance\",\"ironhead\"],\"baseAbility\":\"multiscale\",\"item\":\"heavydutyboots\",\"pokeball\":\"pokeball\",\"ability\":\"multiscale\",\"commanding\":false,\"reviving\":false,\"teraType\":\"Steel\",\"terastallized\":\"\"},{\"ident\":\"p2: Spidops\",\"details\":\"Spidops, L96, F\",\"condition\":\"271/271\",\"active\":false,\"stats\":{\"atk\":206,\"def\":231,\"spa\":154,\"spd\":220,\"spe\":122},\"moves\":[\"stickyweb\",\"uturn\",\"knockoff\",\"toxicspikes\"],\"baseAbility\":\"stakeout\",\"item\":\"heavydutyboots\",\"pokeball\":\"pokeball\",\"ability\":\"stakeout\",\"commanding\":false,\"reviving\":false,\"teraType\":\"Ghost\",\"terastallized\":\"\"},{\"ident\":\"p2: Ho-Oh\",\"details\":\"Ho-Oh, L71\",\"condition\":\"268/268\",\"active\":false,\"stats\":{\"atk\":226,\"def\":169,\"spa\":198,\"spd\":260,\"spe\":169},\"moves\":[\"bravebird\",\"earthquake\",\"recover\",\"sacredfire\"],\"baseAbility\":\"regenerator\",\"item\":\"heavydutyboots\",\"pokeball\":\"pokeball\",\"ability\":\"regenerator\",\"commanding\":false,\"reviving\":false,\"teraType\":\"Steel\",\"terastallized\":\"\"},{\"ident\":\"p2: Sandaconda\",\"details\":\"Sandaconda, L84, M\",\"condition\":\"258/258\",\"active\":false,\"stats\":{\"atk\":228,\"def\":258,\"spa\":157,\"spd\":166,\"spe\":167},\"moves\":[\"coil\",\"earthquake\",\"rockblast\",\"scaleshot\"],\"baseAbility\":\"shedskin\",\"item\":\"loadeddice\",\"pokeball\":\"pokeball\",\"ability\":\"shedskin\",\"commanding\":false,\"reviving\":false,\"teraType\":\"Dragon\",\"terastallized\":\"\"}]},\"rqid\":55}\n|inactive|Time left: 300 sec this turn | 300 sec total\n|\n|t:|1783391894\n|switch|p1a: Enamorus|Enamorus-Therian, L83, F|62/100\n|move|p2a: Alcremie|Tera Blast|p1a: Enamorus|[anim] Tera Blast Ground\n|-immune|p1a: Enamorus\n|\n|-heal|p2a: Alcremie|215/263|[from] item: Leftovers\n|-damage|p2a: Alcremie|183/263|[from] Leech Seed|[of] p1a: Enamorus\n|-heal|p1a: Enamorus|74/100|[silent]\n|upkeep\n|turn|25\n|request|{\"active\":[{\"moves\":[{\"move\":\"Tera Blast\",\"id\":\"terablast\",\"pp\":9,\"maxpp\":16,\"target\":\"normal\",\"disabled\":false},{\"move\":\"Calm Mind\",\"id\":\"calmmind\",\"pp\":29,\"maxpp\":32,\"target\":\"self\",\"disabled\":false},{\"move\":\"Alluring Voice\",\"id\":\"alluringvoice\",\"pp\":6,\"maxpp\":16,\"target\":\"normal\",\"disabled\":false},{\"move\":\"Recover\",\"id\":\"recover\",\"pp\":6,\"maxpp\":8,\"target\":\"self\",\"disabled\":false}]}],\"side\":{\"name\":\"p0y0622852\",\"id\":\"p2\",\"pokemon\":[{\"ident\":\"p2: Alcremie\",\"details\":\"Alcremie-Mint-Cream, L90, F\",\"condition\":\"183/263\",\"active\":true,\"stats\":{\"atk\":113,\"def\":186,\"spa\":249,\"spd\":269,\"spe\":167},\"moves\":[\"terablast\",\"calmmind\",\"alluringvoice\",\"recover\"],\"baseAbility\":\"aromaveil\",\"item\":\"leftovers\",\"pokeball\":\"pokeball\",\"ability\":\"aromaveil\",\"commanding\":false,\"reviving\":false,\"teraType\":\"Ground\",\"terastallized\":\"Ground\"},{\"ident\":\"p2: Bruxish\",\"details\":\"Bruxish, L85, F\",\"condition\":\"0 fnt\",\"active\":false,\"stats\":{\"atk\":227,\"def\":168,\"spa\":168,\"spd\":168,\"spe\":205},\"moves\":[\"crunch\",\"icefang\",\"psychicfangs\",\"wavecrash\"],\"baseAbility\":\"strongjaw\",\"item\":\"choiceband\",\"pokeball\":\"pokeball\",\"ability\":\"strongjaw\",\"commanding\":false,\"reviving\":false,\"teraType\":\"Dark\",\"terastallized\":\"\"},{\"ident\":\"p2: Dragonite\",\"details\":\"Dragonite, L74, M\",\"condition\":\"257/257\",\"active\":false,\"stats\":{\"atk\":241,\"def\":184,\"spa\":191,\"spd\":191,\"spe\":161},\"moves\":[\"outrage\",\"earthquake\",\"dragondance\",\"ironhead\"],\"baseAbility\":\"multiscale\",\"item\":\"heavydutyboots\",\"pokeball\":\"pokeball\",\"ability\":\"multiscale\",\"commanding\":false,\"reviving\":false,\"teraType\":\"Steel\",\"terastallized\":\"\"},{\"ident\":\"p2: Spidops\",\"details\":\"Spidops, L96, F\",\"condition\":\"271/271\",\"active\":false,\"stats\":{\"atk\":206,\"def\":231,\"spa\":154,\"spd\":220,\"spe\":122},\"moves\":[\"stickyweb\",\"uturn\",\"knockoff\",\"toxicspikes\"],\"baseAbility\":\"stakeout\",\"item\":\"heavydutyboots\",\"pokeball\":\"pokeball\",\"ability\":\"stakeout\",\"commanding\":false,\"reviving\":false,\"teraType\":\"Ghost\",\"terastallized\":\"\"},{\"ident\":\"p2: Ho-Oh\",\"details\":\"Ho-Oh, L71\",\"condition\":\"268/268\",\"active\":false,\"stats\":{\"atk\":226,\"def\":169,\"spa\":198,\"spd\":260,\"spe\":169},\"moves\":[\"bravebird\",\"earthquake\",\"recover\",\"sacredfire\"],\"baseAbility\":\"regenerator\",\"item\":\"heavydutyboots\",\"pokeball\":\"pokeball\",\"ability\":\"regenerator\",\"commanding\":false,\"reviving\":false,\"teraType\":\"Steel\",\"terastallized\":\"\"},{\"ident\":\"p2: Sandaconda\",\"details\":\"Sandaconda, L84, M\",\"condition\":\"258/258\",\"active\":false,\"stats\":{\"atk\":228,\"def\":258,\"spa\":157,\"spd\":166,\"spe\":167},\"moves\":[\"coil\",\"earthquake\",\"rockblast\",\"scaleshot\"],\"baseAbility\":\"shedskin\",\"item\":\"loadeddice\",\"pokeball\":\"pokeball\",\"ability\":\"shedskin\",\"commanding\":false,\"reviving\":false,\"teraType\":\"Dragon\",\"terastallized\":\"\"}]},\"rqid\":57}\n|inactive|Time left: 300 sec this turn | 300 sec total\n|\n|t:|1783391894\n|switch|p1a: Bastiodon|Bastiodon, L89, F|100/100\n|move|p2a: Alcremie|Alluring Voice|p1a: Bastiodon\n|-immune|p1a: Bastiodon|[from] ability: Soundproof\n|\n|-heal|p2a: Alcremie|199/263|[from] item: Leftovers\n|-damage|p2a: Alcremie|167/263|[from] Leech Seed|[of] p1a: Bastiodon\n|upkeep\n|turn|26\n|request|{\"active\":[{\"moves\":[{\"move\":\"Tera Blast\",\"id\":\"terablast\",\"pp\":9,\"maxpp\":16,\"target\":\"normal\",\"disabled\":false},{\"move\":\"Calm Mind\",\"id\":\"calmmind\",\"pp\":29,\"maxpp\":32,\"target\":\"self\",\"disabled\":false},{\"move\":\"Alluring Voice\",\"id\":\"alluringvoice\",\"pp\":5,\"maxpp\":16,\"target\":\"normal\",\"disabled\":false},{\"move\":\"Recover\",\"id\":\"recover\",\"pp\":6,\"maxpp\":8,\"target\":\"self\",\"disabled\":false}]}],\"side\":{\"name\":\"p0y0622852\",\"id\":\"p2\",\"pokemon\":[{\"ident\":\"p2: Alcremie\",\"details\":\"Alcremie-Mint-Cream, L90, F\",\"condition\":\"167/263\",\"active\":true,\"stats\":{\"atk\":113,\"def\":186,\"spa\":249,\"spd\":269,\"spe\":167},\"moves\":[\"terablast\",\"calmmind\",\"alluringvoice\",\"recover\"],\"baseAbility\":\"aromaveil\",\"item\":\"leftovers\",\"pokeball\":\"pokeball\",\"ability\":\"aromaveil\",\"commanding\":false,\"reviving\":false,\"teraType\":\"Ground\",\"terastallized\":\"Ground\"},{\"ident\":\"p2: Bruxish\",\"details\":\"Bruxish, L85, F\",\"condition\":\"0 fnt\",\"active\":false,\"stats\":{\"atk\":227,\"def\":168,\"spa\":168,\"spd\":168,\"spe\":205},\"moves\":[\"crunch\",\"icefang\",\"psychicfangs\",\"wavecrash\"],\"baseAbility\":\"strongjaw\",\"item\":\"choiceband\",\"pokeball\":\"pokeball\",\"ability\":\"strongjaw\",\"commanding\":false,\"reviving\":false,\"teraType\":\"Dark\",\"terastallized\":\"\"},{\"ident\":\"p2: Dragonite\",\"details\":\"Dragonite, L74, M\",\"condition\":\"257/257\",\"active\":false,\"stats\":{\"atk\":241,\"def\":184,\"spa\":191,\"spd\":191,\"spe\":161},\"moves\":[\"outrage\",\"earthquake\",\"dragondance\",\"ironhead\"],\"baseAbility\":\"multiscale\",\"item\":\"heavydutyboots\",\"pokeball\":\"pokeball\",\"ability\":\"multiscale\",\"commanding\":false,\"reviving\":false,\"teraType\":\"Steel\",\"terastallized\":\"\"},{\"ident\":\"p2: Spidops\",\"details\":\"Spidops, L96, F\",\"condition\":\"271/271\",\"active\":false,\"stats\":{\"atk\":206,\"def\":231,\"spa\":154,\"spd\":220,\"spe\":122},\"moves\":[\"stickyweb\",\"uturn\",\"knockoff\",\"toxicspikes\"],\"baseAbility\":\"stakeout\",\"item\":\"heavydutyboots\",\"pokeball\":\"pokeball\",\"ability\":\"stakeout\",\"commanding\":false,\"reviving\":false,\"teraType\":\"Ghost\",\"terastallized\":\"\"},{\"ident\":\"p2: Ho-Oh\",\"details\":\"Ho-Oh, L71\",\"condition\":\"268/268\",\"active\":false,\"stats\":{\"atk\":226,\"def\":169,\"spa\":198,\"spd\":260,\"spe\":169},\"moves\":[\"bravebird\",\"earthquake\",\"recover\",\"sacredfire\"],\"baseAbility\":\"regenerator\",\"item\":\"heavydutyboots\",\"pokeball\":\"pokeball\",\"ability\":\"regenerator\",\"commanding\":false,\"reviving\":false,\"teraType\":\"Steel\",\"terastallized\":\"\"},{\"ident\":\"p2: Sandaconda\",\"details\":\"Sandaconda, L84, M\",\"condition\":\"258/258\",\"active\":false,\"stats\":{\"atk\":228,\"def\":258,\"spa\":157,\"spd\":166,\"spe\":167},\"moves\":[\"coil\",\"earthquake\",\"rockblast\",\"scaleshot\"],\"baseAbility\":\"shedskin\",\"item\":\"loadeddice\",\"pokeball\":\"pokeball\",\"ability\":\"shedskin\",\"commanding\":false,\"reviving\":false,\"teraType\":\"Dragon\",\"terastallized\":\"\"}]},\"rqid\":59}\n|inactive|Time left: 300 sec this turn | 300 sec total\n|\n|t:|1783391894\n|switch|p1a: Enamorus|Enamorus-Therian, L83, F|74/100\n|move|p2a: Alcremie|Tera Blast|p1a: Enamorus|[anim] Tera Blast Ground\n|-immune|p1a: Enamorus\n|\n|-heal|p2a: Alcremie|183/263|[from] item: Leftovers\n|-damage|p2a: Alcremie|151/263|[from] Leech Seed|[of] p1a: Enamorus\n|-heal|p1a: Enamorus|86/100|[silent]\n|upkeep\n|turn|27\n|request|{\"active\":[{\"moves\":[{\"move\":\"Tera Blast\",\"id\":\"terablast\",\"pp\":8,\"maxpp\":16,\"target\":\"normal\",\"disabled\":false},{\"move\":\"Calm Mind\",\"id\":\"calmmind\",\"pp\":29,\"maxpp\":32,\"target\":\"self\",\"disabled\":false},{\"move\":\"Alluring Voice\",\"id\":\"alluringvoice\",\"pp\":5,\"maxpp\":16,\"target\":\"normal\",\"disabled\":false},{\"move\":\"Recover\",\"id\":\"recover\",\"pp\":6,\"maxpp\":8,\"target\":\"self\",\"disabled\":false}]}],\"side\":{\"name\":\"p0y0622852\",\"id\":\"p2\",\"pokemon\":[{\"ident\":\"p2: Alcremie\",\"details\":\"Alcremie-Mint-Cream, L90, F\",\"condition\":\"151/263\",\"active\":true,\"stats\":{\"atk\":113,\"def\":186,\"spa\":249,\"spd\":269,\"spe\":167},\"moves\":[\"terablast\",\"calmmind\",\"alluringvoice\",\"recover\"],\"baseAbility\":\"aromaveil\",\"item\":\"leftovers\",\"pokeball\":\"pokeball\",\"ability\":\"aromaveil\",\"commanding\":false,\"reviving\":false,\"teraType\":\"Ground\",\"terastallized\":\"Ground\"},{\"ident\":\"p2: Bruxish\",\"details\":\"Bruxish, L85, F\",\"condition\":\"0 fnt\",\"active\":false,\"stats\":{\"atk\":227,\"def\":168,\"spa\":168,\"spd\":168,\"spe\":205},\"moves\":[\"crunch\",\"icefang\",\"psychicfangs\",\"wavecrash\"],\"baseAbility\":\"strongjaw\",\"item\":\"choiceband\",\"pokeball\":\"pokeball\",\"ability\":\"strongjaw\",\"commanding\":false,\"reviving\":false,\"teraType\":\"Dark\",\"terastallized\":\"\"},{\"ident\":\"p2: Dragonite\",\"details\":\"Dragonite, L74, M\",\"condition\":\"257/257\",\"active\":false,\"stats\":{\"atk\":241,\"def\":184,\"spa\":191,\"spd\":191,\"spe\":161},\"moves\":[\"outrage\",\"earthquake\",\"dragondance\",\"ironhead\"],\"baseAbility\":\"multiscale\",\"item\":\"heavydutyboots\",\"pokeball\":\"pokeball\",\"ability\":\"multiscale\",\"commanding\":false,\"reviving\":false,\"teraType\":\"Steel\",\"terastallized\":\"\"},{\"ident\":\"p2: Spidops\",\"details\":\"Spidops, L96, F\",\"condition\":\"271/271\",\"active\":false,\"stats\":{\"atk\":206,\"def\":231,\"spa\":154,\"spd\":220,\"spe\":122},\"moves\":[\"stickyweb\",\"uturn\",\"knockoff\",\"toxicspikes\"],\"baseAbility\":\"stakeout\",\"item\":\"heavydutyboots\",\"pokeball\":\"pokeball\",\"ability\":\"stakeout\",\"commanding\":false,\"reviving\":false,\"teraType\":\"Ghost\",\"terastallized\":\"\"},{\"ident\":\"p2: Ho-Oh\",\"details\":\"Ho-Oh, L71\",\"condition\":\"268/268\",\"active\":false,\"stats\":{\"atk\":226,\"def\":169,\"spa\":198,\"spd\":260,\"spe\":169},\"moves\":[\"bravebird\",\"earthquake\",\"recover\",\"sacredfire\"],\"baseAbility\":\"regenerator\",\"item\":\"heavydutyboots\",\"pokeball\":\"pokeball\",\"ability\":\"regenerator\",\"commanding\":false,\"reviving\":false,\"teraType\":\"Steel\",\"terastallized\":\"\"},{\"ident\":\"p2: Sandaconda\",\"details\":\"Sandaconda, L84, M\",\"condition\":\"258/258\",\"active\":false,\"stats\":{\"atk\":228,\"def\":258,\"spa\":157,\"spd\":166,\"spe\":167},\"moves\":[\"coil\",\"earthquake\",\"rockblast\",\"scaleshot\"],\"baseAbility\":\"shedskin\",\"item\":\"loadeddice\",\"pokeball\":\"pokeball\",\"ability\":\"shedskin\",\"commanding\":false,\"reviving\":false,\"teraType\":\"Dragon\",\"terastallized\":\"\"}]},\"rqid\":61}\n|inactive|Time left: 300 sec this turn | 300 sec total\n|\n|t:|1783391894\n|switch|p1a: Bastiodon|Bastiodon, L89, F|100/100\n|move|p2a: Alcremie|Alluring Voice|p1a: Bastiodon\n|-immune|p1a: Bastiodon|[from] ability: Soundproof\n|\n|-heal|p2a: Alcremie|167/263|[from] item: Leftovers\n|-damage|p2a: Alcremie|135/263|[from] Leech Seed|[of] p1a: Bastiodon\n|upkeep\n|turn|28\n|request|{\"active\":[{\"moves\":[{\"move\":\"Tera Blast\",\"id\":\"terablast\",\"pp\":8,\"maxpp\":16,\"target\":\"normal\",\"disabled\":false},{\"move\":\"Calm Mind\",\"id\":\"calmmind\",\"pp\":29,\"maxpp\":32,\"target\":\"self\",\"disabled\":false},{\"move\":\"Alluring Voice\",\"id\":\"alluringvoice\",\"pp\":4,\"maxpp\":16,\"target\":\"normal\",\"disabled\":false},{\"move\":\"Recover\",\"id\":\"recover\",\"pp\":6,\"maxpp\":8,\"target\":\"self\",\"disabled\":false}]}],\"side\":{\"name\":\"p0y0622852\",\"id\":\"p2\",\"pokemon\":[{\"ident\":\"p2: Alcremie\",\"details\":\"Alcremie-Mint-Cream, L90, F\",\"condition\":\"135/263\",\"active\":true,\"stats\":{\"atk\":113,\"def\":186,\"spa\":249,\"spd\":269,\"spe\":167},\"moves\":[\"terablast\",\"calmmind\",\"alluringvoice\",\"recover\"],\"baseAbility\":\"aromaveil\",\"item\":\"leftovers\",\"pokeball\":\"pokeball\",\"ability\":\"aromaveil\",\"commanding\":false,\"reviving\":false,\"teraType\":\"Ground\",\"terastallized\":\"Ground\"},{\"ident\":\"p2: Bruxish\",\"details\":\"Bruxish, L85, F\",\"condition\":\"0 fnt\",\"active\":false,\"stats\":{\"atk\":227,\"def\":168,\"spa\":168,\"spd\":168,\"spe\":205},\"moves\":[\"crunch\",\"icefang\",\"psychicfangs\",\"wavecrash\"],\"baseAbility\":\"strongjaw\",\"item\":\"choiceband\",\"pokeball\":\"pokeball\",\"ability\":\"strongjaw\",\"commanding\":false,\"reviving\":false,\"teraType\":\"Dark\",\"terastallized\":\"\"},{\"ident\":\"p2: Dragonite\",\"details\":\"Dragonite, L74, M\",\"condition\":\"257/257\",\"active\":false,\"stats\":{\"atk\":241,\"def\":184,\"spa\":191,\"spd\":191,\"spe\":161},\"moves\":[\"outrage\",\"earthquake\",\"dragondance\",\"ironhead\"],\"baseAbility\":\"multiscale\",\"item\":\"heavydutyboots\",\"pokeball\":\"pokeball\",\"ability\":\"multiscale\",\"commanding\":false,\"reviving\":false,\"teraType\":\"Steel\",\"terastallized\":\"\"},{\"ident\":\"p2: Spidops\",\"details\":\"Spidops, L96, F\",\"condition\":\"271/271\",\"active\":false,\"stats\":{\"atk\":206,\"def\":231,\"spa\":154,\"spd\":220,\"spe\":122},\"moves\":[\"stickyweb\",\"uturn\",\"knockoff\",\"toxicspikes\"],\"baseAbility\":\"stakeout\",\"item\":\"heavydutyboots\",\"pokeball\":\"pokeball\",\"ability\":\"stakeout\",\"commanding\":false,\"reviving\":false,\"teraType\":\"Ghost\",\"terastallized\":\"\"},{\"ident\":\"p2: Ho-Oh\",\"details\":\"Ho-Oh, L71\",\"condition\":\"268/268\",\"active\":false,\"stats\":{\"atk\":226,\"def\":169,\"spa\":198,\"spd\":260,\"spe\":169},\"moves\":[\"bravebird\",\"earthquake\",\"recover\",\"sacredfire\"],\"baseAbility\":\"regenerator\",\"item\":\"heavydutyboots\",\"pokeball\":\"pokeball\",\"ability\":\"regenerator\",\"commanding\":false,\"reviving\":false,\"teraType\":\"Steel\",\"terastallized\":\"\"},{\"ident\":\"p2: Sandaconda\",\"details\":\"Sandaconda, L84, M\",\"condition\":\"258/258\",\"active\":false,\"stats\":{\"atk\":228,\"def\":258,\"spa\":157,\"spd\":166,\"spe\":167},\"moves\":[\"coil\",\"earthquake\",\"rockblast\",\"scaleshot\"],\"baseAbility\":\"shedskin\",\"item\":\"loadeddice\",\"pokeball\":\"pokeball\",\"ability\":\"shedskin\",\"commanding\":false,\"reviving\":false,\"teraType\":\"Dragon\",\"terastallized\":\"\"}]},\"rqid\":63}\n|inactive|Time left: 300 sec this turn | 300 sec total\n|\n|t:|1783391895\n|switch|p1a: Enamorus|Enamorus-Therian, L83, F|86/100\n|move|p2a: Alcremie|Recover|p2a: Alcremie\n|-heal|p2a: Alcremie|263/263\n|\n|-damage|p2a: Alcremie|231/263|[from] Leech Seed|[of] p1a: Enamorus\n|-heal|p1a: Enamorus|99/100|[silent]\n|upkeep\n|turn|29\n|request|{\"active\":[{\"moves\":[{\"move\":\"Tera Blast\",\"id\":\"terablast\",\"pp\":8,\"maxpp\":16,\"target\":\"normal\",\"disabled\":false},{\"move\":\"Calm Mind\",\"id\":\"calmmind\",\"pp\":29,\"maxpp\":32,\"target\":\"self\",\"disabled\":false},{\"move\":\"Alluring Voice\",\"id\":\"alluringvoice\",\"pp\":4,\"maxpp\":16,\"target\":\"normal\",\"disabled\":false},{\"move\":\"Recover\",\"id\":\"recover\",\"pp\":5,\"maxpp\":8,\"target\":\"self\",\"disabled\":false}]}],\"side\":{\"name\":\"p0y0622852\",\"id\":\"p2\",\"pokemon\":[{\"ident\":\"p2: Alcremie\",\"details\":\"Alcremie-Mint-Cream, L90, F\",\"condition\":\"231/263\",\"active\":true,\"stats\":{\"atk\":113,\"def\":186,\"spa\":249,\"spd\":269,\"spe\":167},\"moves\":[\"terablast\",\"calmmind\",\"alluringvoice\",\"recover\"],\"baseAbility\":\"aromaveil\",\"item\":\"leftovers\",\"pokeball\":\"pokeball\",\"ability\":\"aromaveil\",\"commanding\":false,\"reviving\":false,\"teraType\":\"Ground\",\"terastallized\":\"Ground\"},{\"ident\":\"p2: Bruxish\",\"details\":\"Bruxish, L85, F\",\"condition\":\"0 fnt\",\"active\":false,\"stats\":{\"atk\":227,\"def\":168,\"spa\":168,\"spd\":168,\"spe\":205},\"moves\":[\"crunch\",\"icefang\",\"psychicfangs\",\"wavecrash\"],\"baseAbility\":\"strongjaw\",\"item\":\"choiceband\",\"pokeball\":\"pokeball\",\"ability\":\"strongjaw\",\"commanding\":false,\"reviving\":false,\"teraType\":\"Dark\",\"terastallized\":\"\"},{\"ident\":\"p2: Dragonite\",\"details\":\"Dragonite, L74, M\",\"condition\":\"257/257\",\"active\":false,\"stats\":{\"atk\":241,\"def\":184,\"spa\":191,\"spd\":191,\"spe\":161},\"moves\":[\"outrage\",\"earthquake\",\"dragondance\",\"ironhead\"],\"baseAbility\":\"multiscale\",\"item\":\"heavydutyboots\",\"pokeball\":\"pokeball\",\"ability\":\"multiscale\",\"commanding\":false,\"reviving\":false,\"teraType\":\"Steel\",\"terastallized\":\"\"},{\"ident\":\"p2: Spidops\",\"details\":\"Spidops, L96, F\",\"condition\":\"271/271\",\"active\":false,\"stats\":{\"atk\":206,\"def\":231,\"spa\":154,\"spd\":220,\"spe\":122},\"moves\":[\"stickyweb\",\"uturn\",\"knockoff\",\"toxicspikes\"],\"baseAbility\":\"stakeout\",\"item\":\"heavydutyboots\",\"pokeball\":\"pokeball\",\"ability\":\"stakeout\",\"commanding\":false,\"reviving\":false,\"teraType\":\"Ghost\",\"terastallized\":\"\"},{\"ident\":\"p2: Ho-Oh\",\"details\":\"Ho-Oh, L71\",\"condition\":\"268/268\",\"active\":false,\"stats\":{\"atk\":226,\"def\":169,\"spa\":198,\"spd\":260,\"spe\":169},\"moves\":[\"bravebird\",\"earthquake\",\"recover\",\"sacredfire\"],\"baseAbility\":\"regenerator\",\"item\":\"heavydutyboots\",\"pokeball\":\"pokeball\",\"ability\":\"regenerator\",\"commanding\":false,\"reviving\":false,\"teraType\":\"Steel\",\"terastallized\":\"\"},{\"ident\":\"p2: Sandaconda\",\"details\":\"Sandaconda, L84, M\",\"condition\":\"258/258\",\"active\":false,\"stats\":{\"atk\":228,\"def\":258,\"spa\":157,\"spd\":166,\"spe\":167},\"moves\":[\"coil\",\"earthquake\",\"rockblast\",\"scaleshot\"],\"baseAbility\":\"shedskin\",\"item\":\"loadeddice\",\"pokeball\":\"pokeball\",\"ability\":\"shedskin\",\"commanding\":false,\"reviving\":false,\"teraType\":\"Dragon\",\"terastallized\":\"\"}]},\"rqid\":65}\n|inactive|Time left: 300 sec this turn | 300 sec total\n|\n|t:|1783391895\n|switch|p1a: Bastiodon|Bastiodon, L89, F|100/100\n|move|p2a: Alcremie|Alluring Voice|p1a: Bastiodon\n|-immune|p1a: Bastiodon|[from] ability: Soundproof\n|\n|-heal|p2a: Alcremie|247/263|[from] item: Leftovers\n|-damage|p2a: Alcremie|215/263|[from] Leech Seed|[of] p1a: Bastiodon\n|upkeep\n|turn|30\n|request|{\"active\":[{\"moves\":[{\"move\":\"Tera Blast\",\"id\":\"terablast\",\"pp\":8,\"maxpp\":16,\"target\":\"normal\",\"disabled\":false},{\"move\":\"Calm Mind\",\"id\":\"calmmind\",\"pp\":29,\"maxpp\":32,\"target\":\"self\",\"disabled\":false},{\"move\":\"Alluring Voice\",\"id\":\"alluringvoice\",\"pp\":3,\"maxpp\":16,\"target\":\"normal\",\"disabled\":false},{\"move\":\"Recover\",\"id\":\"recover\",\"pp\":5,\"maxpp\":8,\"target\":\"self\",\"disabled\":false}]}],\"side\":{\"name\":\"p0y0622852\",\"id\":\"p2\",\"pokemon\":[{\"ident\":\"p2: Alcremie\",\"details\":\"Alcremie-Mint-Cream, L90, F\",\"condition\":\"215/263\",\"active\":true,\"stats\":{\"atk\":113,\"def\":186,\"spa\":249,\"spd\":269,\"spe\":167},\"moves\":[\"terablast\",\"calmmind\",\"alluringvoice\",\"recover\"],\"baseAbility\":\"aromaveil\",\"item\":\"leftovers\",\"pokeball\":\"pokeball\",\"ability\":\"aromaveil\",\"commanding\":false,\"reviving\":false,\"teraType\":\"Ground\",\"terastallized\":\"Ground\"},{\"ident\":\"p2: Bruxish\",\"details\":\"Bruxish, L85, F\",\"condition\":\"0 fnt\",\"active\":false,\"stats\":{\"atk\":227,\"def\":168,\"spa\":168,\"spd\":168,\"spe\":205},\"moves\":[\"crunch\",\"icefang\",\"psychicfangs\",\"wavecrash\"],\"baseAbility\":\"strongjaw\",\"item\":\"choiceband\",\"pokeball\":\"pokeball\",\"ability\":\"strongjaw\",\"commanding\":false,\"reviving\":false,\"teraType\":\"Dark\",\"terastallized\":\"\"},{\"ident\":\"p2: Dragonite\",\"details\":\"Dragonite, L74, M\",\"condition\":\"257/257\",\"active\":false,\"stats\":{\"atk\":241,\"def\":184,\"spa\":191,\"spd\":191,\"spe\":161},\"moves\":[\"outrage\",\"earthquake\",\"dragondance\",\"ironhead\"],\"baseAbility\":\"multiscale\",\"item\":\"heavydutyboots\",\"pokeball\":\"pokeball\",\"ability\":\"multiscale\",\"commanding\":false,\"reviving\":false,\"teraType\":\"Steel\",\"terastallized\":\"\"},{\"ident\":\"p2: Spidops\",\"details\":\"Spidops, L96, F\",\"condition\":\"271/271\",\"active\":false,\"stats\":{\"atk\":206,\"def\":231,\"spa\":154,\"spd\":220,\"spe\":122},\"moves\":[\"stickyweb\",\"uturn\",\"knockoff\",\"toxicspikes\"],\"baseAbility\":\"stakeout\",\"item\":\"heavydutyboots\",\"pokeball\":\"pokeball\",\"ability\":\"stakeout\",\"commanding\":false,\"reviving\":false,\"teraType\":\"Ghost\",\"terastallized\":\"\"},{\"ident\":\"p2: Ho-Oh\",\"details\":\"Ho-Oh, L71\",\"condition\":\"268/268\",\"active\":false,\"stats\":{\"atk\":226,\"def\":169,\"spa\":198,\"spd\":260,\"spe\":169},\"moves\":[\"bravebird\",\"earthquake\",\"recover\",\"sacredfire\"],\"baseAbility\":\"regenerator\",\"item\":\"heavydutyboots\",\"pokeball\":\"pokeball\",\"ability\":\"regenerator\",\"commanding\":false,\"reviving\":false,\"teraType\":\"Steel\",\"terastallized\":\"\"},{\"ident\":\"p2: Sandaconda\",\"details\":\"Sandaconda, L84, M\",\"condition\":\"258/258\",\"active\":false,\"stats\":{\"atk\":228,\"def\":258,\"spa\":157,\"spd\":166,\"spe\":167},\"moves\":[\"coil\",\"earthquake\",\"rockblast\",\"scaleshot\"],\"baseAbility\":\"shedskin\",\"item\":\"loadeddice\",\"pokeball\":\"pokeball\",\"ability\":\"shedskin\",\"commanding\":false,\"reviving\":false,\"teraType\":\"Dragon\",\"terastallized\":\"\"}]},\"rqid\":67}\n|inactive|Time left: 300 sec this turn | 300 sec total\n|\n|t:|1783391895\n|switch|p1a: Enamorus|Enamorus-Therian, L83, F|99/100\n|move|p2a: Alcremie|Tera Blast|p1a: Enamorus|[anim] Tera Blast Ground\n|-immune|p1a: Enamorus\n|\n|-heal|p2a: Alcremie|231/263|[from] item: Leftovers\n|-damage|p2a: Alcremie|199/263|[from] Leech Seed|[of] p1a: Enamorus\n|-heal|p1a: Enamorus|100/100|[silent]\n|upkeep\n|turn|31\n|request|{\"active\":[{\"moves\":[{\"move\":\"Tera Blast\",\"id\":\"terablast\",\"pp\":7,\"maxpp\":16,\"target\":\"normal\",\"disabled\":false},{\"move\":\"Calm Mind\",\"id\":\"calmmind\",\"pp\":29,\"maxpp\":32,\"target\":\"self\",\"disabled\":false},{\"move\":\"Alluring Voice\",\"id\":\"alluringvoice\",\"pp\":3,\"maxpp\":16,\"target\":\"normal\",\"disabled\":false},{\"move\":\"Recover\",\"id\":\"recover\",\"pp\":5,\"maxpp\":8,\"target\":\"self\",\"disabled\":false}]}],\"side\":{\"name\":\"p0y0622852\",\"id\":\"p2\",\"pokemon\":[{\"ident\":\"p2: Alcremie\",\"details\":\"Alcremie-Mint-Cream, L90, F\",\"condition\":\"199/263\",\"active\":true,\"stats\":{\"atk\":113,\"def\":186,\"spa\":249,\"spd\":269,\"spe\":167},\"moves\":[\"terablast\",\"calmmind\",\"alluringvoice\",\"recover\"],\"baseAbility\":\"aromaveil\",\"item\":\"leftovers\",\"pokeball\":\"pokeball\",\"ability\":\"aromaveil\",\"commanding\":false,\"reviving\":false,\"teraType\":\"Ground\",\"terastallized\":\"Ground\"},{\"ident\":\"p2: Bruxish\",\"details\":\"Bruxish, L85, F\",\"condition\":\"0 fnt\",\"active\":false,\"stats\":{\"atk\":227,\"def\":168,\"spa\":168,\"spd\":168,\"spe\":205},\"moves\":[\"crunch\",\"icefang\",\"psychicfangs\",\"wavecrash\"],\"baseAbility\":\"strongjaw\",\"item\":\"choiceband\",\"pokeball\":\"pokeball\",\"ability\":\"strongjaw\",\"commanding\":false,\"reviving\":false,\"teraType\":\"Dark\",\"terastallized\":\"\"},{\"ident\":\"p2: Dragonite\",\"details\":\"Dragonite, L74, M\",\"condition\":\"257/257\",\"active\":false,\"stats\":{\"atk\":241,\"def\":184,\"spa\":191,\"spd\":191,\"spe\":161},\"moves\":[\"outrage\",\"earthquake\",\"dragondance\",\"ironhead\"],\"baseAbility\":\"multiscale\",\"item\":\"heavydutyboots\",\"pokeball\":\"pokeball\",\"ability\":\"multiscale\",\"commanding\":false,\"reviving\":false,\"teraType\":\"Steel\",\"terastallized\":\"\"},{\"ident\":\"p2: Spidops\",\"details\":\"Spidops, L96, F\",\"condition\":\"271/271\",\"active\":false,\"stats\":{\"atk\":206,\"def\":231,\"spa\":154,\"spd\":220,\"spe\":122},\"moves\":[\"stickyweb\",\"uturn\",\"knockoff\",\"toxicspikes\"],\"baseAbility\":\"stakeout\",\"item\":\"heavydutyboots\",\"pokeball\":\"pokeball\",\"ability\":\"stakeout\",\"commanding\":false,\"reviving\":false,\"teraType\":\"Ghost\",\"terastallized\":\"\"},{\"ident\":\"p2: Ho-Oh\",\"details\":\"Ho-Oh, L71\",\"condition\":\"268/268\",\"active\":false,\"stats\":{\"atk\":226,\"def\":169,\"spa\":198,\"spd\":260,\"spe\":169},\"moves\":[\"bravebird\",\"earthquake\",\"recover\",\"sacredfire\"],\"baseAbility\":\"regenerator\",\"item\":\"heavydutyboots\",\"pokeball\":\"pokeball\",\"ability\":\"regenerator\",\"commanding\":false,\"reviving\":false,\"teraType\":\"Steel\",\"terastallized\":\"\"},{\"ident\":\"p2: Sandaconda\",\"details\":\"Sandaconda, L84, M\",\"condition\":\"258/258\",\"active\":false,\"stats\":{\"atk\":228,\"def\":258,\"spa\":157,\"spd\":166,\"spe\":167},\"moves\":[\"coil\",\"earthquake\",\"rockblast\",\"scaleshot\"],\"baseAbility\":\"shedskin\",\"item\":\"loadeddice\",\"pokeball\":\"pokeball\",\"ability\":\"shedskin\",\"commanding\":false,\"reviving\":false,\"teraType\":\"Dragon\",\"terastallized\":\"\"}]},\"rqid\":69}\n|inactive|Time left: 300 sec this turn | 300 sec total\n|\n|t:|1783391895\n|switch|p1a: Bastiodon|Bastiodon, L89, F|100/100\n|move|p2a: Alcremie|Alluring Voice|p1a: Bastiodon\n|-immune|p1a: Bastiodon|[from] ability: Soundproof\n|\n|-heal|p2a: Alcremie|215/263|[from] item: Leftovers\n|-damage|p2a: Alcremie|183/263|[from] Leech Seed|[of] p1a: Bastiodon\n|upkeep\n|turn|32\n|request|{\"active\":[{\"moves\":[{\"move\":\"Tera Blast\",\"id\":\"terablast\",\"pp\":7,\"maxpp\":16,\"target\":\"normal\",\"disabled\":false},{\"move\":\"Calm Mind\",\"id\":\"calmmind\",\"pp\":29,\"maxpp\":32,\"target\":\"self\",\"disabled\":false},{\"move\":\"Alluring Voice\",\"id\":\"alluringvoice\",\"pp\":2,\"maxpp\":16,\"target\":\"normal\",\"disabled\":false},{\"move\":\"Recover\",\"id\":\"recover\",\"pp\":5,\"maxpp\":8,\"target\":\"self\",\"disabled\":false}]}],\"side\":{\"name\":\"p0y0622852\",\"id\":\"p2\",\"pokemon\":[{\"ident\":\"p2: Alcremie\",\"details\":\"Alcremie-Mint-Cream, L90, F\",\"condition\":\"183/263\",\"active\":true,\"stats\":{\"atk\":113,\"def\":186,\"spa\":249,\"spd\":269,\"spe\":167},\"moves\":[\"terablast\",\"calmmind\",\"alluringvoice\",\"recover\"],\"baseAbility\":\"aromaveil\",\"item\":\"leftovers\",\"pokeball\":\"pokeball\",\"ability\":\"aromaveil\",\"commanding\":false,\"reviving\":false,\"teraType\":\"Ground\",\"terastallized\":\"Ground\"},{\"ident\":\"p2: Bruxish\",\"details\":\"Bruxish, L85, F\",\"condition\":\"0 fnt\",\"active\":false,\"stats\":{\"atk\":227,\"def\":168,\"spa\":168,\"spd\":168,\"spe\":205},\"moves\":[\"crunch\",\"icefang\",\"psychicfangs\",\"wavecrash\"],\"baseAbility\":\"strongjaw\",\"item\":\"choiceband\",\"pokeball\":\"pokeball\",\"ability\":\"strongjaw\",\"commanding\":false,\"reviving\":false,\"teraType\":\"Dark\",\"terastallized\":\"\"},{\"ident\":\"p2: Dragonite\",\"details\":\"Dragonite, L74, M\",\"condition\":\"257/257\",\"active\":false,\"stats\":{\"atk\":241,\"def\":184,\"spa\":191,\"spd\":191,\"spe\":161},\"moves\":[\"outrage\",\"earthquake\",\"dragondance\",\"ironhead\"],\"baseAbility\":\"multiscale\",\"item\":\"heavydutyboots\",\"pokeball\":\"pokeball\",\"ability\":\"multiscale\",\"commanding\":false,\"reviving\":false,\"teraType\":\"Steel\",\"terastallized\":\"\"},{\"ident\":\"p2: Spidops\",\"details\":\"Spidops, L96, F\",\"condition\":\"271/271\",\"active\":false,\"stats\":{\"atk\":206,\"def\":231,\"spa\":154,\"spd\":220,\"spe\":122},\"moves\":[\"stickyweb\",\"uturn\",\"knockoff\",\"toxicspikes\"],\"baseAbility\":\"stakeout\",\"item\":\"heavydutyboots\",\"pokeball\":\"pokeball\",\"ability\":\"stakeout\",\"commanding\":false,\"reviving\":false,\"teraType\":\"Ghost\",\"terastallized\":\"\"},{\"ident\":\"p2: Ho-Oh\",\"details\":\"Ho-Oh, L71\",\"condition\":\"268/268\",\"active\":false,\"stats\":{\"atk\":226,\"def\":169,\"spa\":198,\"spd\":260,\"spe\":169},\"moves\":[\"bravebird\",\"earthquake\",\"recover\",\"sacredfire\"],\"baseAbility\":\"regenerator\",\"item\":\"heavydutyboots\",\"pokeball\":\"pokeball\",\"ability\":\"regenerator\",\"commanding\":false,\"reviving\":false,\"teraType\":\"Steel\",\"terastallized\":\"\"},{\"ident\":\"p2: Sandaconda\",\"details\":\"Sandaconda, L84, M\",\"condition\":\"258/258\",\"active\":false,\"stats\":{\"atk\":228,\"def\":258,\"spa\":157,\"spd\":166,\"spe\":167},\"moves\":[\"coil\",\"earthquake\",\"rockblast\",\"scaleshot\"],\"baseAbility\":\"shedskin\",\"item\":\"loadeddice\",\"pokeball\":\"pokeball\",\"ability\":\"shedskin\",\"commanding\":false,\"reviving\":false,\"teraType\":\"Dragon\",\"terastallized\":\"\"}]},\"rqid\":71}\n|inactive|Time left: 300 sec this turn | 300 sec total\n|\n|t:|1783391896\n|switch|p1a: Enamorus|Enamorus-Therian, L83, F|100/100\n|move|p2a: Alcremie|Tera Blast|p1a: Enamorus|[anim] Tera Blast Ground\n|-immune|p1a: Enamorus\n|\n|-heal|p2a: Alcremie|199/263|[from] item: Leftovers\n|-damage|p2a: Alcremie|167/263|[from] Leech Seed|[of] p1a: Enamorus\n|upkeep\n|turn|33\n|request|{\"active\":[{\"moves\":[{\"move\":\"Tera Blast\",\"id\":\"terablast\",\"pp\":6,\"maxpp\":16,\"target\":\"normal\",\"disabled\":false},{\"move\":\"Calm Mind\",\"id\":\"calmmind\",\"pp\":29,\"maxpp\":32,\"target\":\"self\",\"disabled\":false},{\"move\":\"Alluring Voice\",\"id\":\"alluringvoice\",\"pp\":2,\"maxpp\":16,\"target\":\"normal\",\"disabled\":false},{\"move\":\"Recover\",\"id\":\"recover\",\"pp\":5,\"maxpp\":8,\"target\":\"self\",\"disabled\":false}]}],\"side\":{\"name\":\"p0y0622852\",\"id\":\"p2\",\"pokemon\":[{\"ident\":\"p2: Alcremie\",\"details\":\"Alcremie-Mint-Cream, L90, F\",\"condition\":\"167/263\",\"active\":true,\"stats\":{\"atk\":113,\"def\":186,\"spa\":249,\"spd\":269,\"spe\":167},\"moves\":[\"terablast\",\"calmmind\",\"alluringvoice\",\"recover\"],\"baseAbility\":\"aromaveil\",\"item\":\"leftovers\",\"pokeball\":\"pokeball\",\"ability\":\"aromaveil\",\"commanding\":false,\"reviving\":false,\"teraType\":\"Ground\",\"terastallized\":\"Ground\"},{\"ident\":\"p2: Bruxish\",\"details\":\"Bruxish, L85, F\",\"condition\":\"0 fnt\",\"active\":false,\"stats\":{\"atk\":227,\"def\":168,\"spa\":168,\"spd\":168,\"spe\":205},\"moves\":[\"crunch\",\"icefang\",\"psychicfangs\",\"wavecrash\"],\"baseAbility\":\"strongjaw\",\"item\":\"choiceband\",\"pokeball\":\"pokeball\",\"ability\":\"strongjaw\",\"commanding\":false,\"reviving\":false,\"teraType\":\"Dark\",\"terastallized\":\"\"},{\"ident\":\"p2: Dragonite\",\"details\":\"Dragonite, L74, M\",\"condition\":\"257/257\",\"active\":false,\"stats\":{\"atk\":241,\"def\":184,\"spa\":191,\"spd\":191,\"spe\":161},\"moves\":[\"outrage\",\"earthquake\",\"dragondance\",\"ironhead\"],\"baseAbility\":\"multiscale\",\"item\":\"heavydutyboots\",\"pokeball\":\"pokeball\",\"ability\":\"multiscale\",\"commanding\":false,\"reviving\":false,\"teraType\":\"Steel\",\"terastallized\":\"\"},{\"ident\":\"p2: Spidops\",\"details\":\"Spidops, L96, F\",\"condition\":\"271/271\",\"active\":false,\"stats\":{\"atk\":206,\"def\":231,\"spa\":154,\"spd\":220,\"spe\":122},\"moves\":[\"stickyweb\",\"uturn\",\"knockoff\",\"toxicspikes\"],\"baseAbility\":\"stakeout\",\"item\":\"heavydutyboots\",\"pokeball\":\"pokeball\",\"ability\":\"stakeout\",\"commanding\":false,\"reviving\":false,\"teraType\":\"Ghost\",\"terastallized\":\"\"},{\"ident\":\"p2: Ho-Oh\",\"details\":\"Ho-Oh, L71\",\"condition\":\"268/268\",\"active\":false,\"stats\":{\"atk\":226,\"def\":169,\"spa\":198,\"spd\":260,\"spe\":169},\"moves\":[\"bravebird\",\"earthquake\",\"recover\",\"sacredfire\"],\"baseAbility\":\"regenerator\",\"item\":\"heavydutyboots\",\"pokeball\":\"pokeball\",\"ability\":\"regenerator\",\"commanding\":false,\"reviving\":false,\"teraType\":\"Steel\",\"terastallized\":\"\"},{\"ident\":\"p2: Sandaconda\",\"details\":\"Sandaconda, L84, M\",\"condition\":\"258/258\",\"active\":false,\"stats\":{\"atk\":228,\"def\":258,\"spa\":157,\"spd\":166,\"spe\":167},\"moves\":[\"coil\",\"earthquake\",\"rockblast\",\"scaleshot\"],\"baseAbility\":\"shedskin\",\"item\":\"loadeddice\",\"pokeball\":\"pokeball\",\"ability\":\"shedskin\",\"commanding\":false,\"reviving\":false,\"teraType\":\"Dragon\",\"terastallized\":\"\"}]},\"rqid\":73}\n|inactive|Time left: 300 sec this turn | 300 sec total\n|\n|t:|1783391896\n|switch|p1a: Bastiodon|Bastiodon, L89, F|100/100\n|move|p2a: Alcremie|Alluring Voice|p1a: Bastiodon\n|-immune|p1a: Bastiodon|[from] ability: Soundproof\n|\n|-heal|p2a: Alcremie|183/263|[from] item: Leftovers\n|-damage|p2a: Alcremie|151/263|[from] Leech Seed|[of] p1a: Bastiodon\n|upkeep\n|turn|34\n|request|{\"active\":[{\"moves\":[{\"move\":\"Tera Blast\",\"id\":\"terablast\",\"pp\":6,\"maxpp\":16,\"target\":\"normal\",\"disabled\":false},{\"move\":\"Calm Mind\",\"id\":\"calmmind\",\"pp\":29,\"maxpp\":32,\"target\":\"self\",\"disabled\":false},{\"move\":\"Alluring Voice\",\"id\":\"alluringvoice\",\"pp\":1,\"maxpp\":16,\"target\":\"normal\",\"disabled\":false},{\"move\":\"Recover\",\"id\":\"recover\",\"pp\":5,\"maxpp\":8,\"target\":\"self\",\"disabled\":false}]}],\"side\":{\"name\":\"p0y0622852\",\"id\":\"p2\",\"pokemon\":[{\"ident\":\"p2: Alcremie\",\"details\":\"Alcremie-Mint-Cream, L90, F\",\"condition\":\"151/263\",\"active\":true,\"stats\":{\"atk\":113,\"def\":186,\"spa\":249,\"spd\":269,\"spe\":167},\"moves\":[\"terablast\",\"calmmind\",\"alluringvoice\",\"recover\"],\"baseAbility\":\"aromaveil\",\"item\":\"leftovers\",\"pokeball\":\"pokeball\",\"ability\":\"aromaveil\",\"commanding\":false,\"reviving\":false,\"teraType\":\"Ground\",\"terastallized\":\"Ground\"},{\"ident\":\"p2: Bruxish\",\"details\":\"Bruxish, L85, F\",\"condition\":\"0 fnt\",\"active\":false,\"stats\":{\"atk\":227,\"def\":168,\"spa\":168,\"spd\":168,\"spe\":205},\"moves\":[\"crunch\",\"icefang\",\"psychicfangs\",\"wavecrash\"],\"baseAbility\":\"strongjaw\",\"item\":\"choiceband\",\"pokeball\":\"pokeball\",\"ability\":\"strongjaw\",\"commanding\":false,\"reviving\":false,\"teraType\":\"Dark\",\"terastallized\":\"\"},{\"ident\":\"p2: Dragonite\",\"details\":\"Dragonite, L74, M\",\"condition\":\"257/257\",\"active\":false,\"stats\":{\"atk\":241,\"def\":184,\"spa\":191,\"spd\":191,\"spe\":161},\"moves\":[\"outrage\",\"earthquake\",\"dragondance\",\"ironhead\"],\"baseAbility\":\"multiscale\",\"item\":\"heavydutyboots\",\"pokeball\":\"pokeball\",\"ability\":\"multiscale\",\"commanding\":false,\"reviving\":false,\"teraType\":\"Steel\",\"terastallized\":\"\"},{\"ident\":\"p2: Spidops\",\"details\":\"Spidops, L96, F\",\"condition\":\"271/271\",\"active\":false,\"stats\":{\"atk\":206,\"def\":231,\"spa\":154,\"spd\":220,\"spe\":122},\"moves\":[\"stickyweb\",\"uturn\",\"knockoff\",\"toxicspikes\"],\"baseAbility\":\"stakeout\",\"item\":\"heavydutyboots\",\"pokeball\":\"pokeball\",\"ability\":\"stakeout\",\"commanding\":false,\"reviving\":false,\"teraType\":\"Ghost\",\"terastallized\":\"\"},{\"ident\":\"p2: Ho-Oh\",\"details\":\"Ho-Oh, L71\",\"condition\":\"268/268\",\"active\":false,\"stats\":{\"atk\":226,\"def\":169,\"spa\":198,\"spd\":260,\"spe\":169},\"moves\":[\"bravebird\",\"earthquake\",\"recover\",\"sacredfire\"],\"baseAbility\":\"regenerator\",\"item\":\"heavydutyboots\",\"pokeball\":\"pokeball\",\"ability\":\"regenerator\",\"commanding\":false,\"reviving\":false,\"teraType\":\"Steel\",\"terastallized\":\"\"},{\"ident\":\"p2: Sandaconda\",\"details\":\"Sandaconda, L84, M\",\"condition\":\"258/258\",\"active\":false,\"stats\":{\"atk\":228,\"def\":258,\"spa\":157,\"spd\":166,\"spe\":167},\"moves\":[\"coil\",\"earthquake\",\"rockblast\",\"scaleshot\"],\"baseAbility\":\"shedskin\",\"item\":\"loadeddice\",\"pokeball\":\"pokeball\",\"ability\":\"shedskin\",\"commanding\":false,\"reviving\":false,\"teraType\":\"Dragon\",\"terastallized\":\"\"}]},\"rqid\":75}\n|inactive|Time left: 300 sec this turn | 300 sec total\n|\n|t:|1783391896\n|switch|p1a: Enamorus|Enamorus-Therian, L83, F|100/100\n|move|p2a: Alcremie|Recover|p2a: Alcremie\n|-heal|p2a: Alcremie|263/263\n|\n|-damage|p2a: Alcremie|231/263|[from] Leech Seed|[of] p1a: Enamorus\n|upkeep\n|turn|35\n|request|{\"active\":[{\"moves\":[{\"move\":\"Tera Blast\",\"id\":\"terablast\",\"pp\":6,\"maxpp\":16,\"target\":\"normal\",\"disabled\":false},{\"move\":\"Calm Mind\",\"id\":\"calmmind\",\"pp\":29,\"maxpp\":32,\"target\":\"self\",\"disabled\":false},{\"move\":\"Alluring Voice\",\"id\":\"alluringvoice\",\"pp\":1,\"maxpp\":16,\"target\":\"normal\",\"disabled\":false},{\"move\":\"Recover\",\"id\":\"recover\",\"pp\":4,\"maxpp\":8,\"target\":\"self\",\"disabled\":false}]}],\"side\":{\"name\":\"p0y0622852\",\"id\":\"p2\",\"pokemon\":[{\"ident\":\"p2: Alcremie\",\"details\":\"Alcremie-Mint-Cream, L90, F\",\"condition\":\"231/263\",\"active\":true,\"stats\":{\"atk\":113,\"def\":186,\"spa\":249,\"spd\":269,\"spe\":167},\"moves\":[\"terablast\",\"calmmind\",\"alluringvoice\",\"recover\"],\"baseAbility\":\"aromaveil\",\"item\":\"leftovers\",\"pokeball\":\"pokeball\",\"ability\":\"aromaveil\",\"commanding\":false,\"reviving\":false,\"teraType\":\"Ground\",\"terastallized\":\"Ground\"},{\"ident\":\"p2: Bruxish\",\"details\":\"Bruxish, L85, F\",\"condition\":\"0 fnt\",\"active\":false,\"stats\":{\"atk\":227,\"def\":168,\"spa\":168,\"spd\":168,\"spe\":205},\"moves\":[\"crunch\",\"icefang\",\"psychicfangs\",\"wavecrash\"],\"baseAbility\":\"strongjaw\",\"item\":\"choiceband\",\"pokeball\":\"pokeball\",\"ability\":\"strongjaw\",\"commanding\":false,\"reviving\":false,\"teraType\":\"Dark\",\"terastallized\":\"\"},{\"ident\":\"p2: Dragonite\",\"details\":\"Dragonite, L74, M\",\"condition\":\"257/257\",\"active\":false,\"stats\":{\"atk\":241,\"def\":184,\"spa\":191,\"spd\":191,\"spe\":161},\"moves\":[\"outrage\",\"earthquake\",\"dragondance\",\"ironhead\"],\"baseAbility\":\"multiscale\",\"item\":\"heavydutyboots\",\"pokeball\":\"pokeball\",\"ability\":\"multiscale\",\"commanding\":false,\"reviving\":false,\"teraType\":\"Steel\",\"terastallized\":\"\"},{\"ident\":\"p2: Spidops\",\"details\":\"Spidops, L96, F\",\"condition\":\"271/271\",\"active\":false,\"stats\":{\"atk\":206,\"def\":231,\"spa\":154,\"spd\":220,\"spe\":122},\"moves\":[\"stickyweb\",\"uturn\",\"knockoff\",\"toxicspikes\"],\"baseAbility\":\"stakeout\",\"item\":\"heavydutyboots\",\"pokeball\":\"pokeball\",\"ability\":\"stakeout\",\"commanding\":false,\"reviving\":false,\"teraType\":\"Ghost\",\"terastallized\":\"\"},{\"ident\":\"p2: Ho-Oh\",\"details\":\"Ho-Oh, L71\",\"condition\":\"268/268\",\"active\":false,\"stats\":{\"atk\":226,\"def\":169,\"spa\":198,\"spd\":260,\"spe\":169},\"moves\":[\"bravebird\",\"earthquake\",\"recover\",\"sacredfire\"],\"baseAbility\":\"regenerator\",\"item\":\"heavydutyboots\",\"pokeball\":\"pokeball\",\"ability\":\"regenerator\",\"commanding\":false,\"reviving\":false,\"teraType\":\"Steel\",\"terastallized\":\"\"},{\"ident\":\"p2: Sandaconda\",\"details\":\"Sandaconda, L84, M\",\"condition\":\"258/258\",\"active\":false,\"stats\":{\"atk\":228,\"def\":258,\"spa\":157,\"spd\":166,\"spe\":167},\"moves\":[\"coil\",\"earthquake\",\"rockblast\",\"scaleshot\"],\"baseAbility\":\"shedskin\",\"item\":\"loadeddice\",\"pokeball\":\"pokeball\",\"ability\":\"shedskin\",\"commanding\":false,\"reviving\":false,\"teraType\":\"Dragon\",\"terastallized\":\"\"}]},\"rqid\":77}\n|inactive|Time left: 300 sec this turn | 300 sec total\n|\n|t:|1783391896\n|move|p2a: Alcremie|Calm Mind|p2a: Alcremie\n|-boost|p2a: Alcremie|spa|1\n|-boost|p2a: Alcremie|spd|1\n|move|p1a: Enamorus|Moonblast|p2a: Alcremie\n|-damage|p2a: Alcremie|201/263\n|-unboost|p2a: Alcremie|spa|1\n|\n|-heal|p2a: Alcremie|217/263|[from] item: Leftovers\n|-damage|p2a: Alcremie|185/263|[from] Leech Seed|[of] p1a: Enamorus\n|upkeep\n|turn|36\n|request|{\"active\":[{\"moves\":[{\"move\":\"Tera Blast\",\"id\":\"terablast\",\"pp\":6,\"maxpp\":16,\"target\":\"normal\",\"disabled\":false},{\"move\":\"Calm Mind\",\"id\":\"calmmind\",\"pp\":28,\"maxpp\":32,\"target\":\"self\",\"disabled\":false},{\"move\":\"Alluring Voice\",\"id\":\"alluringvoice\",\"pp\":1,\"maxpp\":16,\"target\":\"normal\",\"disabled\":false},{\"move\":\"Recover\",\"id\":\"recover\",\"pp\":4,\"maxpp\":8,\"target\":\"self\",\"disabled\":false}]}],\"side\":{\"name\":\"p0y0622852\",\"id\":\"p2\",\"pokemon\":[{\"ident\":\"p2: Alcremie\",\"details\":\"Alcremie-Mint-Cream, L90, F\",\"condition\":\"185/263\",\"active\":true,\"stats\":{\"atk\":113,\"def\":186,\"spa\":249,\"spd\":269,\"spe\":167},\"moves\":[\"terablast\",\"calmmind\",\"alluringvoice\",\"recover\"],\"baseAbility\":\"aromaveil\",\"item\":\"leftovers\",\"pokeball\":\"pokeball\",\"ability\":\"aromaveil\",\"commanding\":false,\"reviving\":false,\"teraType\":\"Ground\",\"terastallized\":\"Ground\"},{\"ident\":\"p2: Bruxish\",\"details\":\"Bruxish, L85, F\",\"condition\":\"0 fnt\",\"active\":false,\"stats\":{\"atk\":227,\"def\":168,\"spa\":168,\"spd\":168,\"spe\":205},\"moves\":[\"crunch\",\"icefang\",\"psychicfangs\",\"wavecrash\"],\"baseAbility\":\"strongjaw\",\"item\":\"choiceband\",\"pokeball\":\"pokeball\",\"ability\":\"strongjaw\",\"commanding\":false,\"reviving\":false,\"teraType\":\"Dark\",\"terastallized\":\"\"},{\"ident\":\"p2: Dragonite\",\"details\":\"Dragonite, L74, M\",\"condition\":\"257/257\",\"active\":false,\"stats\":{\"atk\":241,\"def\":184,\"spa\":191,\"spd\":191,\"spe\":161},\"moves\":[\"outrage\",\"earthquake\",\"dragondance\",\"ironhead\"],\"baseAbility\":\"multiscale\",\"item\":\"heavydutyboots\",\"pokeball\":\"pokeball\",\"ability\":\"multiscale\",\"commanding\":false,\"reviving\":false,\"teraType\":\"Steel\",\"terastallized\":\"\"},{\"ident\":\"p2: Spidops\",\"details\":\"Spidops, L96, F\",\"condition\":\"271/271\",\"active\":false,\"stats\":{\"atk\":206,\"def\":231,\"spa\":154,\"spd\":220,\"spe\":122},\"moves\":[\"stickyweb\",\"uturn\",\"knockoff\",\"toxicspikes\"],\"baseAbility\":\"stakeout\",\"item\":\"heavydutyboots\",\"pokeball\":\"pokeball\",\"ability\":\"stakeout\",\"commanding\":false,\"reviving\":false,\"teraType\":\"Ghost\",\"terastallized\":\"\"},{\"ident\":\"p2: Ho-Oh\",\"details\":\"Ho-Oh, L71\",\"condition\":\"268/268\",\"active\":false,\"stats\":{\"atk\":226,\"def\":169,\"spa\":198,\"spd\":260,\"spe\":169},\"moves\":[\"bravebird\",\"earthquake\",\"recover\",\"sacredfire\"],\"baseAbility\":\"regenerator\",\"item\":\"heavydutyboots\",\"pokeball\":\"pokeball\",\"ability\":\"regenerator\",\"commanding\":false,\"reviving\":false,\"teraType\":\"Steel\",\"terastallized\":\"\"},{\"ident\":\"p2: Sandaconda\",\"details\":\"Sandaconda, L84, M\",\"condition\":\"258/258\",\"active\":false,\"stats\":{\"atk\":228,\"def\":258,\"spa\":157,\"spd\":166,\"spe\":167},\"moves\":[\"coil\",\"earthquake\",\"rockblast\",\"scaleshot\"],\"baseAbility\":\"shedskin\",\"item\":\"loadeddice\",\"pokeball\":\"pokeball\",\"ability\":\"shedskin\",\"commanding\":false,\"reviving\":false,\"teraType\":\"Dragon\",\"terastallized\":\"\"}]},\"rqid\":79}\n|inactive|Time left: 300 sec this turn | 300 sec total\n|\n|t:|1783391897\n|move|p2a: Alcremie|Calm Mind|p2a: Alcremie\n|-boost|p2a: Alcremie|spa|1\n|-boost|p2a: Alcremie|spd|1\n|move|p1a: Enamorus|Superpower|p2a: Alcremie\n|-damage|p2a: Alcremie|82/263\n|-unboost|p1a: Enamorus|atk|1\n|-unboost|p1a: Enamorus|def|1\n|\n|-heal|p2a: Alcremie|98/263|[from] item: Leftovers\n|-damage|p2a: Alcremie|66/263|[from] Leech Seed|[of] p1a: Enamorus\n|upkeep\n|turn|37\n|request|{\"active\":[{\"moves\":[{\"move\":\"Tera Blast\",\"id\":\"terablast\",\"pp\":6,\"maxpp\":16,\"target\":\"normal\",\"disabled\":false},{\"move\":\"Calm Mind\",\"id\":\"calmmind\",\"pp\":27,\"maxpp\":32,\"target\":\"self\",\"disabled\":false},{\"move\":\"Alluring Voice\",\"id\":\"alluringvoice\",\"pp\":1,\"maxpp\":16,\"target\":\"normal\",\"disabled\":false},{\"move\":\"Recover\",\"id\":\"recover\",\"pp\":4,\"maxpp\":8,\"target\":\"self\",\"disabled\":false}]}],\"side\":{\"name\":\"p0y0622852\",\"id\":\"p2\",\"pokemon\":[{\"ident\":\"p2: Alcremie\",\"details\":\"Alcremie-Mint-Cream, L90, F\",\"condition\":\"66/263\",\"active\":true,\"stats\":{\"atk\":113,\"def\":186,\"spa\":249,\"spd\":269,\"spe\":167},\"moves\":[\"terablast\",\"calmmind\",\"alluringvoice\",\"recover\"],\"baseAbility\":\"aromaveil\",\"item\":\"leftovers\",\"pokeball\":\"pokeball\",\"ability\":\"aromaveil\",\"commanding\":false,\"reviving\":false,\"teraType\":\"Ground\",\"terastallized\":\"Ground\"},{\"ident\":\"p2: Bruxish\",\"details\":\"Bruxish, L85, F\",\"condition\":\"0 fnt\",\"active\":false,\"stats\":{\"atk\":227,\"def\":168,\"spa\":168,\"spd\":168,\"spe\":205},\"moves\":[\"crunch\",\"icefang\",\"psychicfangs\",\"wavecrash\"],\"baseAbility\":\"strongjaw\",\"item\":\"choiceband\",\"pokeball\":\"pokeball\",\"ability\":\"strongjaw\",\"commanding\":false,\"reviving\":false,\"teraType\":\"Dark\",\"terastallized\":\"\"},{\"ident\":\"p2: Dragonite\",\"details\":\"Dragonite, L74, M\",\"condition\":\"257/257\",\"active\":false,\"stats\":{\"atk\":241,\"def\":184,\"spa\":191,\"spd\":191,\"spe\":161},\"moves\":[\"outrage\",\"earthquake\",\"dragondance\",\"ironhead\"],\"baseAbility\":\"multiscale\",\"item\":\"heavydutyboots\",\"pokeball\":\"pokeball\",\"ability\":\"multiscale\",\"commanding\":false,\"reviving\":false,\"teraType\":\"Steel\",\"terastallized\":\"\"},{\"ident\":\"p2: Spidops\",\"details\":\"Spidops, L96, F\",\"condition\":\"271/271\",\"active\":false,\"stats\":{\"atk\":206,\"def\":231,\"spa\":154,\"spd\":220,\"spe\":122},\"moves\":[\"stickyweb\",\"uturn\",\"knockoff\",\"toxicspikes\"],\"baseAbility\":\"stakeout\",\"item\":\"heavydutyboots\",\"pokeball\":\"pokeball\",\"ability\":\"stakeout\",\"commanding\":false,\"reviving\":false,\"teraType\":\"Ghost\",\"terastallized\":\"\"},{\"ident\":\"p2: Ho-Oh\",\"details\":\"Ho-Oh, L71\",\"condition\":\"268/268\",\"active\":false,\"stats\":{\"atk\":226,\"def\":169,\"spa\":198,\"spd\":260,\"spe\":169},\"moves\":[\"bravebird\",\"earthquake\",\"recover\",\"sacredfire\"],\"baseAbility\":\"regenerator\",\"item\":\"heavydutyboots\",\"pokeball\":\"pokeball\",\"ability\":\"regenerator\",\"commanding\":false,\"reviving\":false,\"teraType\":\"Steel\",\"terastallized\":\"\"},{\"ident\":\"p2: Sandaconda\",\"details\":\"Sandaconda, L84, M\",\"condition\":\"258/258\",\"active\":false,\"stats\":{\"atk\":228,\"def\":258,\"spa\":157,\"spd\":166,\"spe\":167},\"moves\":[\"coil\",\"earthquake\",\"rockblast\",\"scaleshot\"],\"baseAbility\":\"shedskin\",\"item\":\"loadeddice\",\"pokeball\":\"pokeball\",\"ability\":\"shedskin\",\"commanding\":false,\"reviving\":false,\"teraType\":\"Dragon\",\"terastallized\":\"\"}]},\"rqid\":81}\n|inactive|Time left: 300 sec this turn | 300 sec total\n|\n|t:|1783391897\n|move|p2a: Alcremie|Recover|p2a: Alcremie\n|-heal|p2a: Alcremie|198/263\n|move|p1a: Enamorus|Superpower|p2a: Alcremie\n|-damage|p2a: Alcremie|134/263\n|-unboost|p1a: Enamorus|atk|1\n|-unboost|p1a: Enamorus|def|1\n|\n|-heal|p2a: Alcremie|150/263|[from] item: Leftovers\n|-damage|p2a: Alcremie|118/263|[from] Leech Seed|[of] p1a: Enamorus\n|upkeep\n|turn|38\n|request|{\"active\":[{\"moves\":[{\"move\":\"Tera Blast\",\"id\":\"terablast\",\"pp\":6,\"maxpp\":16,\"target\":\"normal\",\"disabled\":false},{\"move\":\"Calm Mind\",\"id\":\"calmmind\",\"pp\":27,\"maxpp\":32,\"target\":\"self\",\"disabled\":false},{\"move\":\"Alluring Voice\",\"id\":\"alluringvoice\",\"pp\":1,\"maxpp\":16,\"target\":\"normal\",\"disabled\":false},{\"move\":\"Recover\",\"id\":\"recover\",\"pp\":3,\"maxpp\":8,\"target\":\"self\",\"disabled\":false}]}],\"side\":{\"name\":\"p0y0622852\",\"id\":\"p2\",\"pokemon\":[{\"ident\":\"p2: Alcremie\",\"details\":\"Alcremie-Mint-Cream, L90, F\",\"condition\":\"118/263\",\"active\":true,\"stats\":{\"atk\":113,\"def\":186,\"spa\":249,\"spd\":269,\"spe\":167},\"moves\":[\"terablast\",\"calmmind\",\"alluringvoice\",\"recover\"],\"baseAbility\":\"aromaveil\",\"item\":\"leftovers\",\"pokeball\":\"pokeball\",\"ability\":\"aromaveil\",\"commanding\":false,\"reviving\":false,\"teraType\":\"Ground\",\"terastallized\":\"Ground\"},{\"ident\":\"p2: Bruxish\",\"details\":\"Bruxish, L85, F\",\"condition\":\"0 fnt\",\"active\":false,\"stats\":{\"atk\":227,\"def\":168,\"spa\":168,\"spd\":168,\"spe\":205},\"moves\":[\"crunch\",\"icefang\",\"psychicfangs\",\"wavecrash\"],\"baseAbility\":\"strongjaw\",\"item\":\"choiceband\",\"pokeball\":\"pokeball\",\"ability\":\"strongjaw\",\"commanding\":false,\"reviving\":false,\"teraType\":\"Dark\",\"terastallized\":\"\"},{\"ident\":\"p2: Dragonite\",\"details\":\"Dragonite, L74, M\",\"condition\":\"257/257\",\"active\":false,\"stats\":{\"atk\":241,\"def\":184,\"spa\":191,\"spd\":191,\"spe\":161},\"moves\":[\"outrage\",\"earthquake\",\"dragondance\",\"ironhead\"],\"baseAbility\":\"multiscale\",\"item\":\"heavydutyboots\",\"pokeball\":\"pokeball\",\"ability\":\"multiscale\",\"commanding\":false,\"reviving\":false,\"teraType\":\"Steel\",\"terastallized\":\"\"},{\"ident\":\"p2: Spidops\",\"details\":\"Spidops, L96, F\",\"condition\":\"271/271\",\"active\":false,\"stats\":{\"atk\":206,\"def\":231,\"spa\":154,\"spd\":220,\"spe\":122},\"moves\":[\"stickyweb\",\"uturn\",\"knockoff\",\"toxicspikes\"],\"baseAbility\":\"stakeout\",\"item\":\"heavydutyboots\",\"pokeball\":\"pokeball\",\"ability\":\"stakeout\",\"commanding\":false,\"reviving\":false,\"teraType\":\"Ghost\",\"terastallized\":\"\"},{\"ident\":\"p2: Ho-Oh\",\"details\":\"Ho-Oh, L71\",\"condition\":\"268/268\",\"active\":false,\"stats\":{\"atk\":226,\"def\":169,\"spa\":198,\"spd\":260,\"spe\":169},\"moves\":[\"bravebird\",\"earthquake\",\"recover\",\"sacredfire\"],\"baseAbility\":\"regenerator\",\"item\":\"heavydutyboots\",\"pokeball\":\"pokeball\",\"ability\":\"regenerator\",\"commanding\":false,\"reviving\":false,\"teraType\":\"Steel\",\"terastallized\":\"\"},{\"ident\":\"p2: Sandaconda\",\"details\":\"Sandaconda, L84, M\",\"condition\":\"258/258\",\"active\":false,\"stats\":{\"atk\":228,\"def\":258,\"spa\":157,\"spd\":166,\"spe\":167},\"moves\":[\"coil\",\"earthquake\",\"rockblast\",\"scaleshot\"],\"baseAbility\":\"shedskin\",\"item\":\"loadeddice\",\"pokeball\":\"pokeball\",\"ability\":\"shedskin\",\"commanding\":false,\"reviving\":false,\"teraType\":\"Dragon\",\"terastallized\":\"\"}]},\"rqid\":83}\n|inactive|Time left: 300 sec this turn | 300 sec total\n|\n|t:|1783391897\n|switch|p1a: Lanturn|Lanturn, L89, F|29/100\n|move|p2a: Alcremie|Recover|p2a: Alcremie\n|-heal|p2a: Alcremie|250/263\n|\n|-heal|p2a: Alcremie|263/263|[from] item: Leftovers\n|-damage|p2a: Alcremie|231/263|[from] Leech Seed|[of] p1a: Lanturn\n|-heal|p1a: Lanturn|37/100|[silent]\n|upkeep\n|turn|39\n|request|{\"active\":[{\"moves\":[{\"move\":\"Tera Blast\",\"id\":\"terablast\",\"pp\":6,\"maxpp\":16,\"target\":\"normal\",\"disabled\":false},{\"move\":\"Calm Mind\",\"id\":\"calmmind\",\"pp\":27,\"maxpp\":32,\"target\":\"self\",\"disabled\":false},{\"move\":\"Alluring Voice\",\"id\":\"alluringvoice\",\"pp\":1,\"maxpp\":16,\"target\":\"normal\",\"disabled\":false},{\"move\":\"Recover\",\"id\":\"recover\",\"pp\":2,\"maxpp\":8,\"target\":\"self\",\"disabled\":false}]}],\"side\":{\"name\":\"p0y0622852\",\"id\":\"p2\",\"pokemon\":[{\"ident\":\"p2: Alcremie\",\"details\":\"Alcremie-Mint-Cream, L90, F\",\"condition\":\"231/263\",\"active\":true,\"stats\":{\"atk\":113,\"def\":186,\"spa\":249,\"spd\":269,\"spe\":167},\"moves\":[\"terablast\",\"calmmind\",\"alluringvoice\",\"recover\"],\"baseAbility\":\"aromaveil\",\"item\":\"leftovers\",\"pokeball\":\"pokeball\",\"ability\":\"aromaveil\",\"commanding\":false,\"reviving\":false,\"teraType\":\"Ground\",\"terastallized\":\"Ground\"},{\"ident\":\"p2: Bruxish\",\"details\":\"Bruxish, L85, F\",\"condition\":\"0 fnt\",\"active\":false,\"stats\":{\"atk\":227,\"def\":168,\"spa\":168,\"spd\":168,\"spe\":205},\"moves\":[\"crunch\",\"icefang\",\"psychicfangs\",\"wavecrash\"],\"baseAbility\":\"strongjaw\",\"item\":\"choiceband\",\"pokeball\":\"pokeball\",\"ability\":\"strongjaw\",\"commanding\":false,\"reviving\":false,\"teraType\":\"Dark\",\"terastallized\":\"\"},{\"ident\":\"p2: Dragonite\",\"details\":\"Dragonite, L74, M\",\"condition\":\"257/257\",\"active\":false,\"stats\":{\"atk\":241,\"def\":184,\"spa\":191,\"spd\":191,\"spe\":161},\"moves\":[\"outrage\",\"earthquake\",\"dragondance\",\"ironhead\"],\"baseAbility\":\"multiscale\",\"item\":\"heavydutyboots\",\"pokeball\":\"pokeball\",\"ability\":\"multiscale\",\"commanding\":false,\"reviving\":false,\"teraType\":\"Steel\",\"terastallized\":\"\"},{\"ident\":\"p2: Spidops\",\"details\":\"Spidops, L96, F\",\"condition\":\"271/271\",\"active\":false,\"stats\":{\"atk\":206,\"def\":231,\"spa\":154,\"spd\":220,\"spe\":122},\"moves\":[\"stickyweb\",\"uturn\",\"knockoff\",\"toxicspikes\"],\"baseAbility\":\"stakeout\",\"item\":\"heavydutyboots\",\"pokeball\":\"pokeball\",\"ability\":\"stakeout\",\"commanding\":false,\"reviving\":false,\"teraType\":\"Ghost\",\"terastallized\":\"\"},{\"ident\":\"p2: Ho-Oh\",\"details\":\"Ho-Oh, L71\",\"condition\":\"268/268\",\"active\":false,\"stats\":{\"atk\":226,\"def\":169,\"spa\":198,\"spd\":260,\"spe\":169},\"moves\":[\"bravebird\",\"earthquake\",\"recover\",\"sacredfire\"],\"baseAbility\":\"regenerator\",\"item\":\"heavydutyboots\",\"pokeball\":\"pokeball\",\"ability\":\"regenerator\",\"commanding\":false,\"reviving\":false,\"teraType\":\"Steel\",\"terastallized\":\"\"},{\"ident\":\"p2: Sandaconda\",\"details\":\"Sandaconda, L84, M\",\"condition\":\"258/258\",\"active\":false,\"stats\":{\"atk\":228,\"def\":258,\"spa\":157,\"spd\":166,\"spe\":167},\"moves\":[\"coil\",\"earthquake\",\"rockblast\",\"scaleshot\"],\"baseAbility\":\"shedskin\",\"item\":\"loadeddice\",\"pokeball\":\"pokeball\",\"ability\":\"shedskin\",\"commanding\":false,\"reviving\":false,\"teraType\":\"Dragon\",\"terastallized\":\"\"}]},\"rqid\":85}\n|inactive|Time left: 300 sec this turn | 300 sec total\n|\n|t:|1783391897\n|switch|p1a: Enamorus|Enamorus-Therian, L83, F|100/100\n|move|p2a: Alcremie|Recover|p2a: Alcremie\n|-heal|p2a: Alcremie|263/263\n|\n|-damage|p2a: Alcremie|231/263|[from] Leech Seed|[of] p1a: Enamorus\n|upkeep\n|turn|40\n|request|{\"active\":[{\"moves\":[{\"move\":\"Tera Blast\",\"id\":\"terablast\",\"pp\":6,\"maxpp\":16,\"target\":\"normal\",\"disabled\":false},{\"move\":\"Calm Mind\",\"id\":\"calmmind\",\"pp\":27,\"maxpp\":32,\"target\":\"self\",\"disabled\":false},{\"move\":\"Alluring Voice\",\"id\":\"alluringvoice\",\"pp\":1,\"maxpp\":16,\"target\":\"normal\",\"disabled\":false},{\"move\":\"Recover\",\"id\":\"recover\",\"pp\":1,\"maxpp\":8,\"target\":\"self\",\"disabled\":false}]}],\"side\":{\"name\":\"p0y0622852\",\"id\":\"p2\",\"pokemon\":[{\"ident\":\"p2: Alcremie\",\"details\":\"Alcremie-Mint-Cream, L90, F\",\"condition\":\"231/263\",\"active\":true,\"stats\":{\"atk\":113,\"def\":186,\"spa\":249,\"spd\":269,\"spe\":167},\"moves\":[\"terablast\",\"calmmind\",\"alluringvoice\",\"recover\"],\"baseAbility\":\"aromaveil\",\"item\":\"leftovers\",\"pokeball\":\"pokeball\",\"ability\":\"aromaveil\",\"commanding\":false,\"reviving\":false,\"teraType\":\"Ground\",\"terastallized\":\"Ground\"},{\"ident\":\"p2: Bruxish\",\"details\":\"Bruxish, L85, F\",\"condition\":\"0 fnt\",\"active\":false,\"stats\":{\"atk\":227,\"def\":168,\"spa\":168,\"spd\":168,\"spe\":205},\"moves\":[\"crunch\",\"icefang\",\"psychicfangs\",\"wavecrash\"],\"baseAbility\":\"strongjaw\",\"item\":\"choiceband\",\"pokeball\":\"pokeball\",\"ability\":\"strongjaw\",\"commanding\":false,\"reviving\":false,\"teraType\":\"Dark\",\"terastallized\":\"\"},{\"ident\":\"p2: Dragonite\",\"details\":\"Dragonite, L74, M\",\"condition\":\"257/257\",\"active\":false,\"stats\":{\"atk\":241,\"def\":184,\"spa\":191,\"spd\":191,\"spe\":161},\"moves\":[\"outrage\",\"earthquake\",\"dragondance\",\"ironhead\"],\"baseAbility\":\"multiscale\",\"item\":\"heavydutyboots\",\"pokeball\":\"pokeball\",\"ability\":\"multiscale\",\"commanding\":false,\"reviving\":false,\"teraType\":\"Steel\",\"terastallized\":\"\"},{\"ident\":\"p2: Spidops\",\"details\":\"Spidops, L96, F\",\"condition\":\"271/271\",\"active\":false,\"stats\":{\"atk\":206,\"def\":231,\"spa\":154,\"spd\":220,\"spe\":122},\"moves\":[\"stickyweb\",\"uturn\",\"knockoff\",\"toxicspikes\"],\"baseAbility\":\"stakeout\",\"item\":\"heavydutyboots\",\"pokeball\":\"pokeball\",\"ability\":\"stakeout\",\"commanding\":false,\"reviving\":false,\"teraType\":\"Ghost\",\"terastallized\":\"\"},{\"ident\":\"p2: Ho-Oh\",\"details\":\"Ho-Oh, L71\",\"condition\":\"268/268\",\"active\":false,\"stats\":{\"atk\":226,\"def\":169,\"spa\":198,\"spd\":260,\"spe\":169},\"moves\":[\"bravebird\",\"earthquake\",\"recover\",\"sacredfire\"],\"baseAbility\":\"regenerator\",\"item\":\"heavydutyboots\",\"pokeball\":\"pokeball\",\"ability\":\"regenerator\",\"commanding\":false,\"reviving\":false,\"teraType\":\"Steel\",\"terastallized\":\"\"},{\"ident\":\"p2: Sandaconda\",\"details\":\"Sandaconda, L84, M\",\"condition\":\"258/258\",\"active\":false,\"stats\":{\"atk\":228,\"def\":258,\"spa\":157,\"spd\":166,\"spe\":167},\"moves\":[\"coil\",\"earthquake\",\"rockblast\",\"scaleshot\"],\"baseAbility\":\"shedskin\",\"item\":\"loadeddice\",\"pokeball\":\"pokeball\",\"ability\":\"shedskin\",\"commanding\":false,\"reviving\":false,\"teraType\":\"Dragon\",\"terastallized\":\"\"}]},\"rqid\":87}\n|inactive|Time left: 300 sec this turn | 300 sec total\n|\n|t:|1783391898\n|move|p2a: Alcremie|Alluring Voice|p1a: Enamorus\n|-damage|p1a: Enamorus|0 fnt\n|faint|p1a: Enamorus\n|\n|-heal|p2a: Alcremie|247/263|[from] item: Leftovers\n|upkeep\n|request|{\"wait\":true,\"side\":{\"name\":\"p0y0622852\",\"id\":\"p2\",\"pokemon\":[{\"ident\":\"p2: Alcremie\",\"details\":\"Alcremie-Mint-Cream, L90, F\",\"condition\":\"247/263\",\"active\":true,\"stats\":{\"atk\":113,\"def\":186,\"spa\":249,\"spd\":269,\"spe\":167},\"moves\":[\"terablast\",\"calmmind\",\"alluringvoice\",\"recover\"],\"baseAbility\":\"aromaveil\",\"item\":\"leftovers\",\"pokeball\":\"pokeball\",\"ability\":\"aromaveil\",\"commanding\":false,\"reviving\":false,\"teraType\":\"Ground\",\"terastallized\":\"Ground\"},{\"ident\":\"p2: Bruxish\",\"details\":\"Bruxish, L85, F\",\"condition\":\"0 fnt\",\"active\":false,\"stats\":{\"atk\":227,\"def\":168,\"spa\":168,\"spd\":168,\"spe\":205},\"moves\":[\"crunch\",\"icefang\",\"psychicfangs\",\"wavecrash\"],\"baseAbility\":\"strongjaw\",\"item\":\"choiceband\",\"pokeball\":\"pokeball\",\"ability\":\"strongjaw\",\"commanding\":false,\"reviving\":false,\"teraType\":\"Dark\",\"terastallized\":\"\"},{\"ident\":\"p2: Dragonite\",\"details\":\"Dragonite, L74, M\",\"condition\":\"257/257\",\"active\":false,\"stats\":{\"atk\":241,\"def\":184,\"spa\":191,\"spd\":191,\"spe\":161},\"moves\":[\"outrage\",\"earthquake\",\"dragondance\",\"ironhead\"],\"baseAbility\":\"multiscale\",\"item\":\"heavydutyboots\",\"pokeball\":\"pokeball\",\"ability\":\"multiscale\",\"commanding\":false,\"reviving\":false,\"teraType\":\"Steel\",\"terastallized\":\"\"},{\"ident\":\"p2: Spidops\",\"details\":\"Spidops, L96, F\",\"condition\":\"271/271\",\"active\":false,\"stats\":{\"atk\":206,\"def\":231,\"spa\":154,\"spd\":220,\"spe\":122},\"moves\":[\"stickyweb\",\"uturn\",\"knockoff\",\"toxicspikes\"],\"baseAbility\":\"stakeout\",\"item\":\"heavydutyboots\",\"pokeball\":\"pokeball\",\"ability\":\"stakeout\",\"commanding\":false,\"reviving\":false,\"teraType\":\"Ghost\",\"terastallized\":\"\"},{\"ident\":\"p2: Ho-Oh\",\"details\":\"Ho-Oh, L71\",\"condition\":\"268/268\",\"active\":false,\"stats\":{\"atk\":226,\"def\":169,\"spa\":198,\"spd\":260,\"spe\":169},\"moves\":[\"bravebird\",\"earthquake\",\"recover\",\"sacredfire\"],\"baseAbility\":\"regenerator\",\"item\":\"heavydutyboots\",\"pokeball\":\"pokeball\",\"ability\":\"regenerator\",\"commanding\":false,\"reviving\":false,\"teraType\":\"Steel\",\"terastallized\":\"\"},{\"ident\":\"p2: Sandaconda\",\"details\":\"Sandaconda, L84, M\",\"condition\":\"258/258\",\"active\":false,\"stats\":{\"atk\":228,\"def\":258,\"spa\":157,\"spd\":166,\"spe\":167},\"moves\":[\"coil\",\"earthquake\",\"rockblast\",\"scaleshot\"],\"baseAbility\":\"shedskin\",\"item\":\"loadeddice\",\"pokeball\":\"pokeball\",\"ability\":\"shedskin\",\"commanding\":false,\"reviving\":false,\"teraType\":\"Dragon\",\"terastallized\":\"\"}]},\"rqid\":89}\n|\n|t:|1783391898\n|switch|p1a: Lanturn|Lanturn, L89, F|37/100\n|turn|41\n|request|{\"active\":[{\"moves\":[{\"move\":\"Tera Blast\",\"id\":\"terablast\",\"pp\":6,\"maxpp\":16,\"target\":\"normal\",\"disabled\":false},{\"move\":\"Calm Mind\",\"id\":\"calmmind\",\"pp\":27,\"maxpp\":32,\"target\":\"self\",\"disabled\":false},{\"move\":\"Alluring Voice\",\"id\":\"alluringvoice\",\"pp\":0,\"maxpp\":16,\"target\":\"normal\",\"disabled\":true},{\"move\":\"Recover\",\"id\":\"recover\",\"pp\":1,\"maxpp\":8,\"target\":\"self\",\"disabled\":false}]}],\"side\":{\"name\":\"p0y0622852\",\"id\":\"p2\",\"pokemon\":[{\"ident\":\"p2: Alcremie\",\"details\":\"Alcremie-Mint-Cream, L90, F\",\"condition\":\"247/263\",\"active\":true,\"stats\":{\"atk\":113,\"def\":186,\"spa\":249,\"spd\":269,\"spe\":167},\"moves\":[\"terablast\",\"calmmind\",\"alluringvoice\",\"recover\"],\"baseAbility\":\"aromaveil\",\"item\":\"leftovers\",\"pokeball\":\"pokeball\",\"ability\":\"aromaveil\",\"commanding\":false,\"reviving\":false,\"teraType\":\"Ground\",\"terastallized\":\"Ground\"},{\"ident\":\"p2: Bruxish\",\"details\":\"Bruxish, L85, F\",\"condition\":\"0 fnt\",\"active\":false,\"stats\":{\"atk\":227,\"def\":168,\"spa\":168,\"spd\":168,\"spe\":205},\"moves\":[\"crunch\",\"icefang\",\"psychicfangs\",\"wavecrash\"],\"baseAbility\":\"strongjaw\",\"item\":\"choiceband\",\"pokeball\":\"pokeball\",\"ability\":\"strongjaw\",\"commanding\":false,\"reviving\":false,\"teraType\":\"Dark\",\"terastallized\":\"\"},{\"ident\":\"p2: Dragonite\",\"details\":\"Dragonite, L74, M\",\"condition\":\"257/257\",\"active\":false,\"stats\":{\"atk\":241,\"def\":184,\"spa\":191,\"spd\":191,\"spe\":161},\"moves\":[\"outrage\",\"earthquake\",\"dragondance\",\"ironhead\"],\"baseAbility\":\"multiscale\",\"item\":\"heavydutyboots\",\"pokeball\":\"pokeball\",\"ability\":\"multiscale\",\"commanding\":false,\"reviving\":false,\"teraType\":\"Steel\",\"terastallized\":\"\"},{\"ident\":\"p2: Spidops\",\"details\":\"Spidops, L96, F\",\"condition\":\"271/271\",\"active\":false,\"stats\":{\"atk\":206,\"def\":231,\"spa\":154,\"spd\":220,\"spe\":122},\"moves\":[\"stickyweb\",\"uturn\",\"knockoff\",\"toxicspikes\"],\"baseAbility\":\"stakeout\",\"item\":\"heavydutyboots\",\"pokeball\":\"pokeball\",\"ability\":\"stakeout\",\"commanding\":false,\"reviving\":false,\"teraType\":\"Ghost\",\"terastallized\":\"\"},{\"ident\":\"p2: Ho-Oh\",\"details\":\"Ho-Oh, L71\",\"condition\":\"268/268\",\"active\":false,\"stats\":{\"atk\":226,\"def\":169,\"spa\":198,\"spd\":260,\"spe\":169},\"moves\":[\"bravebird\",\"earthquake\",\"recover\",\"sacredfire\"],\"baseAbility\":\"regenerator\",\"item\":\"heavydutyboots\",\"pokeball\":\"pokeball\",\"ability\":\"regenerator\",\"commanding\":false,\"reviving\":false,\"teraType\":\"Steel\",\"terastallized\":\"\"},{\"ident\":\"p2: Sandaconda\",\"details\":\"Sandaconda, L84, M\",\"condition\":\"258/258\",\"active\":false,\"stats\":{\"atk\":228,\"def\":258,\"spa\":157,\"spd\":166,\"spe\":167},\"moves\":[\"coil\",\"earthquake\",\"rockblast\",\"scaleshot\"],\"baseAbility\":\"shedskin\",\"item\":\"loadeddice\",\"pokeball\":\"pokeball\",\"ability\":\"shedskin\",\"commanding\":false,\"reviving\":false,\"teraType\":\"Dragon\",\"terastallized\":\"\"}]},\"rqid\":91}\n|inactive|Time left: 300 sec this turn | 300 sec total\n|\n|t:|1783391898\n|move|p1a: Lanturn|Scald|p2a: Alcremie\n|-supereffective|p2a: Alcremie\n|-damage|p2a: Alcremie|215/263\n|-status|p2a: Alcremie|brn\n|move|p2a: Alcremie|Calm Mind|p2a: Alcremie\n|-boost|p2a: Alcremie|spa|1\n|-boost|p2a: Alcremie|spd|1\n|\n|-heal|p2a: Alcremie|231/263 brn|[from] item: Leftovers\n|-damage|p2a: Alcremie|199/263 brn|[from] Leech Seed|[of] p1a: Lanturn\n|-heal|p1a: Lanturn|46/100|[silent]\n|-damage|p2a: Alcremie|183/263 brn|[from] brn\n|upkeep\n|turn|42\n|request|{\"active\":[{\"moves\":[{\"move\":\"Tera Blast\",\"id\":\"terablast\",\"pp\":6,\"maxpp\":16,\"target\":\"normal\",\"disabled\":false},{\"move\":\"Calm Mind\",\"id\":\"calmmind\",\"pp\":26,\"maxpp\":32,\"target\":\"self\",\"disabled\":false},{\"move\":\"Alluring Voice\",\"id\":\"alluringvoice\",\"pp\":0,\"maxpp\":16,\"target\":\"normal\",\"disabled\":true},{\"move\":\"Recover\",\"id\":\"recover\",\"pp\":1,\"maxpp\":8,\"target\":\"self\",\"disabled\":false}]}],\"side\":{\"name\":\"p0y0622852\",\"id\":\"p2\",\"pokemon\":[{\"ident\":\"p2: Alcremie\",\"details\":\"Alcremie-Mint-Cream, L90, F\",\"condition\":\"183/263 brn\",\"active\":true,\"stats\":{\"atk\":113,\"def\":186,\"spa\":249,\"spd\":269,\"spe\":167},\"moves\":[\"terablast\",\"calmmind\",\"alluringvoice\",\"recover\"],\"baseAbility\":\"aromaveil\",\"item\":\"leftovers\",\"pokeball\":\"pokeball\",\"ability\":\"aromaveil\",\"commanding\":false,\"reviving\":false,\"teraType\":\"Ground\",\"terastallized\":\"Ground\"},{\"ident\":\"p2: Bruxish\",\"details\":\"Bruxish, L85, F\",\"condition\":\"0 fnt\",\"active\":false,\"stats\":{\"atk\":227,\"def\":168,\"spa\":168,\"spd\":168,\"spe\":205},\"moves\":[\"crunch\",\"icefang\",\"psychicfangs\",\"wavecrash\"],\"baseAbility\":\"strongjaw\",\"item\":\"choiceband\",\"pokeball\":\"pokeball\",\"ability\":\"strongjaw\",\"commanding\":false,\"reviving\":false,\"teraType\":\"Dark\",\"terastallized\":\"\"},{\"ident\":\"p2: Dragonite\",\"details\":\"Dragonite, L74, M\",\"condition\":\"257/257\",\"active\":false,\"stats\":{\"atk\":241,\"def\":184,\"spa\":191,\"spd\":191,\"spe\":161},\"moves\":[\"outrage\",\"earthquake\",\"dragondance\",\"ironhead\"],\"baseAbility\":\"multiscale\",\"item\":\"heavydutyboots\",\"pokeball\":\"pokeball\",\"ability\":\"multiscale\",\"commanding\":false,\"reviving\":false,\"teraType\":\"Steel\",\"terastallized\":\"\"},{\"ident\":\"p2: Spidops\",\"details\":\"Spidops, L96, F\",\"condition\":\"271/271\",\"active\":false,\"stats\":{\"atk\":206,\"def\":231,\"spa\":154,\"spd\":220,\"spe\":122},\"moves\":[\"stickyweb\",\"uturn\",\"knockoff\",\"toxicspikes\"],\"baseAbility\":\"stakeout\",\"item\":\"heavydutyboots\",\"pokeball\":\"pokeball\",\"ability\":\"stakeout\",\"commanding\":false,\"reviving\":false,\"teraType\":\"Ghost\",\"terastallized\":\"\"},{\"ident\":\"p2: Ho-Oh\",\"details\":\"Ho-Oh, L71\",\"condition\":\"268/268\",\"active\":false,\"stats\":{\"atk\":226,\"def\":169,\"spa\":198,\"spd\":260,\"spe\":169},\"moves\":[\"bravebird\",\"earthquake\",\"recover\",\"sacredfire\"],\"baseAbility\":\"regenerator\",\"item\":\"heavydutyboots\",\"pokeball\":\"pokeball\",\"ability\":\"regenerator\",\"commanding\":false,\"reviving\":false,\"teraType\":\"Steel\",\"terastallized\":\"\"},{\"ident\":\"p2: Sandaconda\",\"details\":\"Sandaconda, L84, M\",\"condition\":\"258/258\",\"active\":false,\"stats\":{\"atk\":228,\"def\":258,\"spa\":157,\"spd\":166,\"spe\":167},\"moves\":[\"coil\",\"earthquake\",\"rockblast\",\"scaleshot\"],\"baseAbility\":\"shedskin\",\"item\":\"loadeddice\",\"pokeball\":\"pokeball\",\"ability\":\"shedskin\",\"commanding\":false,\"reviving\":false,\"teraType\":\"Dragon\",\"terastallized\":\"\"}]},\"rqid\":93}\n|inactive|Time left: 300 sec this turn | 300 sec total\n|\n|t:|1783391898\n|move|p1a: Lanturn|Scald|p2a: Alcremie\n|-supereffective|p2a: Alcremie\n|-damage|p2a: Alcremie|151/263 brn\n|move|p2a: Alcremie|Tera Blast|p1a: Lanturn|[anim] Tera Blast Ground\n|-supereffective|p1a: Lanturn\n|-damage|p1a: Lanturn|0 fnt\n|faint|p1a: Lanturn\n|\n|-heal|p2a: Alcremie|167/263 brn|[from] item: Leftovers\n|-damage|p2a: Alcremie|151/263 brn|[from] brn\n|upkeep\n|request|{\"wait\":true,\"side\":{\"name\":\"p0y0622852\",\"id\":\"p2\",\"pokemon\":[{\"ident\":\"p2: Alcremie\",\"details\":\"Alcremie-Mint-Cream, L90, F\",\"condition\":\"151/263 brn\",\"active\":true,\"stats\":{\"atk\":113,\"def\":186,\"spa\":249,\"spd\":269,\"spe\":167},\"moves\":[\"terablast\",\"calmmind\",\"alluringvoice\",\"recover\"],\"baseAbility\":\"aromaveil\",\"item\":\"leftovers\",\"pokeball\":\"pokeball\",\"ability\":\"aromaveil\",\"commanding\":false,\"reviving\":false,\"teraType\":\"Ground\",\"terastallized\":\"Ground\"},{\"ident\":\"p2: Bruxish\",\"details\":\"Bruxish, L85, F\",\"condition\":\"0 fnt\",\"active\":false,\"stats\":{\"atk\":227,\"def\":168,\"spa\":168,\"spd\":168,\"spe\":205},\"moves\":[\"crunch\",\"icefang\",\"psychicfangs\",\"wavecrash\"],\"baseAbility\":\"strongjaw\",\"item\":\"choiceband\",\"pokeball\":\"pokeball\",\"ability\":\"strongjaw\",\"commanding\":false,\"reviving\":false,\"teraType\":\"Dark\",\"terastallized\":\"\"},{\"ident\":\"p2: Dragonite\",\"details\":\"Dragonite, L74, M\",\"condition\":\"257/257\",\"active\":false,\"stats\":{\"atk\":241,\"def\":184,\"spa\":191,\"spd\":191,\"spe\":161},\"moves\":[\"outrage\",\"earthquake\",\"dragondance\",\"ironhead\"],\"baseAbility\":\"multiscale\",\"item\":\"heavydutyboots\",\"pokeball\":\"pokeball\",\"ability\":\"multiscale\",\"commanding\":false,\"reviving\":false,\"teraType\":\"Steel\",\"terastallized\":\"\"},{\"ident\":\"p2: Spidops\",\"details\":\"Spidops, L96, F\",\"condition\":\"271/271\",\"active\":false,\"stats\":{\"atk\":206,\"def\":231,\"spa\":154,\"spd\":220,\"spe\":122},\"moves\":[\"stickyweb\",\"uturn\",\"knockoff\",\"toxicspikes\"],\"baseAbility\":\"stakeout\",\"item\":\"heavydutyboots\",\"pokeball\":\"pokeball\",\"ability\":\"stakeout\",\"commanding\":false,\"reviving\":false,\"teraType\":\"Ghost\",\"terastallized\":\"\"},{\"ident\":\"p2: Ho-Oh\",\"details\":\"Ho-Oh, L71\",\"condition\":\"268/268\",\"active\":false,\"stats\":{\"atk\":226,\"def\":169,\"spa\":198,\"spd\":260,\"spe\":169},\"moves\":[\"bravebird\",\"earthquake\",\"recover\",\"sacredfire\"],\"baseAbility\":\"regenerator\",\"item\":\"heavydutyboots\",\"pokeball\":\"pokeball\",\"ability\":\"regenerator\",\"commanding\":false,\"reviving\":false,\"teraType\":\"Steel\",\"terastallized\":\"\"},{\"ident\":\"p2: Sandaconda\",\"details\":\"Sandaconda, L84, M\",\"condition\":\"258/258\",\"active\":false,\"stats\":{\"atk\":228,\"def\":258,\"spa\":157,\"spd\":166,\"spe\":167},\"moves\":[\"coil\",\"earthquake\",\"rockblast\",\"scaleshot\"],\"baseAbility\":\"shedskin\",\"item\":\"loadeddice\",\"pokeball\":\"pokeball\",\"ability\":\"shedskin\",\"commanding\":false,\"reviving\":false,\"teraType\":\"Dragon\",\"terastallized\":\"\"}]},\"rqid\":95}\n|\n|t:|1783391899\n|switch|p1a: Registeel|Registeel, L81|100/100\n|turn|43\n|request|{\"active\":[{\"moves\":[{\"move\":\"Tera Blast\",\"id\":\"terablast\",\"pp\":5,\"maxpp\":16,\"target\":\"normal\",\"disabled\":false},{\"move\":\"Calm Mind\",\"id\":\"calmmind\",\"pp\":26,\"maxpp\":32,\"target\":\"self\",\"disabled\":false},{\"move\":\"Alluring Voice\",\"id\":\"alluringvoice\",\"pp\":0,\"maxpp\":16,\"target\":\"normal\",\"disabled\":true},{\"move\":\"Recover\",\"id\":\"recover\",\"pp\":1,\"maxpp\":8,\"target\":\"self\",\"disabled\":false}]}],\"side\":{\"name\":\"p0y0622852\",\"id\":\"p2\",\"pokemon\":[{\"ident\":\"p2: Alcremie\",\"details\":\"Alcremie-Mint-Cream, L90, F\",\"condition\":\"151/263 brn\",\"active\":true,\"stats\":{\"atk\":113,\"def\":186,\"spa\":249,\"spd\":269,\"spe\":167},\"moves\":[\"terablast\",\"calmmind\",\"alluringvoice\",\"recover\"],\"baseAbility\":\"aromaveil\",\"item\":\"leftovers\",\"pokeball\":\"pokeball\",\"ability\":\"aromaveil\",\"commanding\":false,\"reviving\":false,\"teraType\":\"Ground\",\"terastallized\":\"Ground\"},{\"ident\":\"p2: Bruxish\",\"details\":\"Bruxish, L85, F\",\"condition\":\"0 fnt\",\"active\":false,\"stats\":{\"atk\":227,\"def\":168,\"spa\":168,\"spd\":168,\"spe\":205},\"moves\":[\"crunch\",\"icefang\",\"psychicfangs\",\"wavecrash\"],\"baseAbility\":\"strongjaw\",\"item\":\"choiceband\",\"pokeball\":\"pokeball\",\"ability\":\"strongjaw\",\"commanding\":false,\"reviving\":false,\"teraType\":\"Dark\",\"terastallized\":\"\"},{\"ident\":\"p2: Dragonite\",\"details\":\"Dragonite, L74, M\",\"condition\":\"257/257\",\"active\":false,\"stats\":{\"atk\":241,\"def\":184,\"spa\":191,\"spd\":191,\"spe\":161},\"moves\":[\"outrage\",\"earthquake\",\"dragondance\",\"ironhead\"],\"baseAbility\":\"multiscale\",\"item\":\"heavydutyboots\",\"pokeball\":\"pokeball\",\"ability\":\"multiscale\",\"commanding\":false,\"reviving\":false,\"teraType\":\"Steel\",\"terastallized\":\"\"},{\"ident\":\"p2: Spidops\",\"details\":\"Spidops, L96, F\",\"condition\":\"271/271\",\"active\":false,\"stats\":{\"atk\":206,\"def\":231,\"spa\":154,\"spd\":220,\"spe\":122},\"moves\":[\"stickyweb\",\"uturn\",\"knockoff\",\"toxicspikes\"],\"baseAbility\":\"stakeout\",\"item\":\"heavydutyboots\",\"pokeball\":\"pokeball\",\"ability\":\"stakeout\",\"commanding\":false,\"reviving\":false,\"teraType\":\"Ghost\",\"terastallized\":\"\"},{\"ident\":\"p2: Ho-Oh\",\"details\":\"Ho-Oh, L71\",\"condition\":\"268/268\",\"active\":false,\"stats\":{\"atk\":226,\"def\":169,\"spa\":198,\"spd\":260,\"spe\":169},\"moves\":[\"bravebird\",\"earthquake\",\"recover\",\"sacredfire\"],\"baseAbility\":\"regenerator\",\"item\":\"heavydutyboots\",\"pokeball\":\"pokeball\",\"ability\":\"regenerator\",\"commanding\":false,\"reviving\":false,\"teraType\":\"Steel\",\"terastallized\":\"\"},{\"ident\":\"p2: Sandaconda\",\"details\":\"Sandaconda, L84, M\",\"condition\":\"258/258\",\"active\":false,\"stats\":{\"atk\":228,\"def\":258,\"spa\":157,\"spd\":166,\"spe\":167},\"moves\":[\"coil\",\"earthquake\",\"rockblast\",\"scaleshot\"],\"baseAbility\":\"shedskin\",\"item\":\"loadeddice\",\"pokeball\":\"pokeball\",\"ability\":\"shedskin\",\"commanding\":false,\"reviving\":false,\"teraType\":\"Dragon\",\"terastallized\":\"\"}]},\"rqid\":97}\n|inactive|Time left: 300 sec this turn | 300 sec total\n|\n|t:|1783391899\n|move|p2a: Alcremie|Tera Blast|p1a: Registeel|[anim] Tera Blast Ground\n|-supereffective|p1a: Registeel\n|-damage|p1a: Registeel|0 fnt\n|faint|p1a: Registeel\n|\n|-heal|p2a: Alcremie|167/263 brn|[from] item: Leftovers\n|-damage|p2a: Alcremie|151/263 brn|[from] brn\n|upkeep\n|request|{\"wait\":true,\"side\":{\"name\":\"p0y0622852\",\"id\":\"p2\",\"pokemon\":[{\"ident\":\"p2: Alcremie\",\"details\":\"Alcremie-Mint-Cream, L90, F\",\"condition\":\"151/263 brn\",\"active\":true,\"stats\":{\"atk\":113,\"def\":186,\"spa\":249,\"spd\":269,\"spe\":167},\"moves\":[\"terablast\",\"calmmind\",\"alluringvoice\",\"recover\"],\"baseAbility\":\"aromaveil\",\"item\":\"leftovers\",\"pokeball\":\"pokeball\",\"ability\":\"aromaveil\",\"commanding\":false,\"reviving\":false,\"teraType\":\"Ground\",\"terastallized\":\"Ground\"},{\"ident\":\"p2: Bruxish\",\"details\":\"Bruxish, L85, F\",\"condition\":\"0 fnt\",\"active\":false,\"stats\":{\"atk\":227,\"def\":168,\"spa\":168,\"spd\":168,\"spe\":205},\"moves\":[\"crunch\",\"icefang\",\"psychicfangs\",\"wavecrash\"],\"baseAbility\":\"strongjaw\",\"item\":\"choiceband\",\"pokeball\":\"pokeball\",\"ability\":\"strongjaw\",\"commanding\":false,\"reviving\":false,\"teraType\":\"Dark\",\"terastallized\":\"\"},{\"ident\":\"p2: Dragonite\",\"details\":\"Dragonite, L74, M\",\"condition\":\"257/257\",\"active\":false,\"stats\":{\"atk\":241,\"def\":184,\"spa\":191,\"spd\":191,\"spe\":161},\"moves\":[\"outrage\",\"earthquake\",\"dragondance\",\"ironhead\"],\"baseAbility\":\"multiscale\",\"item\":\"heavydutyboots\",\"pokeball\":\"pokeball\",\"ability\":\"multiscale\",\"commanding\":false,\"reviving\":false,\"teraType\":\"Steel\",\"terastallized\":\"\"},{\"ident\":\"p2: Spidops\",\"details\":\"Spidops, L96, F\",\"condition\":\"271/271\",\"active\":false,\"stats\":{\"atk\":206,\"def\":231,\"spa\":154,\"spd\":220,\"spe\":122},\"moves\":[\"stickyweb\",\"uturn\",\"knockoff\",\"toxicspikes\"],\"baseAbility\":\"stakeout\",\"item\":\"heavydutyboots\",\"pokeball\":\"pokeball\",\"ability\":\"stakeout\",\"commanding\":false,\"reviving\":false,\"teraType\":\"Ghost\",\"terastallized\":\"\"},{\"ident\":\"p2: Ho-Oh\",\"details\":\"Ho-Oh, L71\",\"condition\":\"268/268\",\"active\":false,\"stats\":{\"atk\":226,\"def\":169,\"spa\":198,\"spd\":260,\"spe\":169},\"moves\":[\"bravebird\",\"earthquake\",\"recover\",\"sacredfire\"],\"baseAbility\":\"regenerator\",\"item\":\"heavydutyboots\",\"pokeball\":\"pokeball\",\"ability\":\"regenerator\",\"commanding\":false,\"reviving\":false,\"teraType\":\"Steel\",\"terastallized\":\"\"},{\"ident\":\"p2: Sandaconda\",\"details\":\"Sandaconda, L84, M\",\"condition\":\"258/258\",\"active\":false,\"stats\":{\"atk\":228,\"def\":258,\"spa\":157,\"spd\":166,\"spe\":167},\"moves\":[\"coil\",\"earthquake\",\"rockblast\",\"scaleshot\"],\"baseAbility\":\"shedskin\",\"item\":\"loadeddice\",\"pokeball\":\"pokeball\",\"ability\":\"shedskin\",\"commanding\":false,\"reviving\":false,\"teraType\":\"Dragon\",\"terastallized\":\"\"}]},\"rqid\":99}\n|\n|t:|1783391899\n|switch|p1a: Bastiodon|Bastiodon, L89, F|100/100\n|turn|44\n|request|{\"active\":[{\"moves\":[{\"move\":\"Tera Blast\",\"id\":\"terablast\",\"pp\":4,\"maxpp\":16,\"target\":\"normal\",\"disabled\":false},{\"move\":\"Calm Mind\",\"id\":\"calmmind\",\"pp\":26,\"maxpp\":32,\"target\":\"self\",\"disabled\":false},{\"move\":\"Alluring Voice\",\"id\":\"alluringvoice\",\"pp\":0,\"maxpp\":16,\"target\":\"normal\",\"disabled\":true},{\"move\":\"Recover\",\"id\":\"recover\",\"pp\":1,\"maxpp\":8,\"target\":\"self\",\"disabled\":false}]}],\"side\":{\"name\":\"p0y0622852\",\"id\":\"p2\",\"pokemon\":[{\"ident\":\"p2: Alcremie\",\"details\":\"Alcremie-Mint-Cream, L90, F\",\"condition\":\"151/263 brn\",\"active\":true,\"stats\":{\"atk\":113,\"def\":186,\"spa\":249,\"spd\":269,\"spe\":167},\"moves\":[\"terablast\",\"calmmind\",\"alluringvoice\",\"recover\"],\"baseAbility\":\"aromaveil\",\"item\":\"leftovers\",\"pokeball\":\"pokeball\",\"ability\":\"aromaveil\",\"commanding\":false,\"reviving\":false,\"teraType\":\"Ground\",\"terastallized\":\"Ground\"},{\"ident\":\"p2: Bruxish\",\"details\":\"Bruxish, L85, F\",\"condition\":\"0 fnt\",\"active\":false,\"stats\":{\"atk\":227,\"def\":168,\"spa\":168,\"spd\":168,\"spe\":205},\"moves\":[\"crunch\",\"icefang\",\"psychicfangs\",\"wavecrash\"],\"baseAbility\":\"strongjaw\",\"item\":\"choiceband\",\"pokeball\":\"pokeball\",\"ability\":\"strongjaw\",\"commanding\":false,\"reviving\":false,\"teraType\":\"Dark\",\"terastallized\":\"\"},{\"ident\":\"p2: Dragonite\",\"details\":\"Dragonite, L74, M\",\"condition\":\"257/257\",\"active\":false,\"stats\":{\"atk\":241,\"def\":184,\"spa\":191,\"spd\":191,\"spe\":161},\"moves\":[\"outrage\",\"earthquake\",\"dragondance\",\"ironhead\"],\"baseAbility\":\"multiscale\",\"item\":\"heavydutyboots\",\"pokeball\":\"pokeball\",\"ability\":\"multiscale\",\"commanding\":false,\"reviving\":false,\"teraType\":\"Steel\",\"terastallized\":\"\"},{\"ident\":\"p2: Spidops\",\"details\":\"Spidops, L96, F\",\"condition\":\"271/271\",\"active\":false,\"stats\":{\"atk\":206,\"def\":231,\"spa\":154,\"spd\":220,\"spe\":122},\"moves\":[\"stickyweb\",\"uturn\",\"knockoff\",\"toxicspikes\"],\"baseAbility\":\"stakeout\",\"item\":\"heavydutyboots\",\"pokeball\":\"pokeball\",\"ability\":\"stakeout\",\"commanding\":false,\"reviving\":false,\"teraType\":\"Ghost\",\"terastallized\":\"\"},{\"ident\":\"p2: Ho-Oh\",\"details\":\"Ho-Oh, L71\",\"condition\":\"268/268\",\"active\":false,\"stats\":{\"atk\":226,\"def\":169,\"spa\":198,\"spd\":260,\"spe\":169},\"moves\":[\"bravebird\",\"earthquake\",\"recover\",\"sacredfire\"],\"baseAbility\":\"regenerator\",\"item\":\"heavydutyboots\",\"pokeball\":\"pokeball\",\"ability\":\"regenerator\",\"commanding\":false,\"reviving\":false,\"teraType\":\"Steel\",\"terastallized\":\"\"},{\"ident\":\"p2: Sandaconda\",\"details\":\"Sandaconda, L84, M\",\"condition\":\"258/258\",\"active\":false,\"stats\":{\"atk\":228,\"def\":258,\"spa\":157,\"spd\":166,\"spe\":167},\"moves\":[\"coil\",\"earthquake\",\"rockblast\",\"scaleshot\"],\"baseAbility\":\"shedskin\",\"item\":\"loadeddice\",\"pokeball\":\"pokeball\",\"ability\":\"shedskin\",\"commanding\":false,\"reviving\":false,\"teraType\":\"Dragon\",\"terastallized\":\"\"}]},\"rqid\":101}\n|inactive|Time left: 300 sec this turn | 300 sec total\n|\n|t:|1783391899\n|move|p2a: Alcremie|Tera Blast|p1a: Bastiodon|[anim] Tera Blast Ground\n|-supereffective|p1a: Bastiodon\n|-damage|p1a: Bastiodon|0 fnt\n|faint|p1a: Bastiodon\n|\n|-heal|p2a: Alcremie|167/263 brn|[from] item: Leftovers\n|-damage|p2a: Alcremie|151/263 brn|[from] brn\n|upkeep\n|request|{\"wait\":true,\"side\":{\"name\":\"p0y0622852\",\"id\":\"p2\",\"pokemon\":[{\"ident\":\"p2: Alcremie\",\"details\":\"Alcremie-Mint-Cream, L90, F\",\"condition\":\"151/263 brn\",\"active\":true,\"stats\":{\"atk\":113,\"def\":186,\"spa\":249,\"spd\":269,\"spe\":167},\"moves\":[\"terablast\",\"calmmind\",\"alluringvoice\",\"recover\"],\"baseAbility\":\"aromaveil\",\"item\":\"leftovers\",\"pokeball\":\"pokeball\",\"ability\":\"aromaveil\",\"commanding\":false,\"reviving\":false,\"teraType\":\"Ground\",\"terastallized\":\"Ground\"},{\"ident\":\"p2: Bruxish\",\"details\":\"Bruxish, L85, F\",\"condition\":\"0 fnt\",\"active\":false,\"stats\":{\"atk\":227,\"def\":168,\"spa\":168,\"spd\":168,\"spe\":205},\"moves\":[\"crunch\",\"icefang\",\"psychicfangs\",\"wavecrash\"],\"baseAbility\":\"strongjaw\",\"item\":\"choiceband\",\"pokeball\":\"pokeball\",\"ability\":\"strongjaw\",\"commanding\":false,\"reviving\":false,\"teraType\":\"Dark\",\"terastallized\":\"\"},{\"ident\":\"p2: Dragonite\",\"details\":\"Dragonite, L74, M\",\"condition\":\"257/257\",\"active\":false,\"stats\":{\"atk\":241,\"def\":184,\"spa\":191,\"spd\":191,\"spe\":161},\"moves\":[\"outrage\",\"earthquake\",\"dragondance\",\"ironhead\"],\"baseAbility\":\"multiscale\",\"item\":\"heavydutyboots\",\"pokeball\":\"pokeball\",\"ability\":\"multiscale\",\"commanding\":false,\"reviving\":false,\"teraType\":\"Steel\",\"terastallized\":\"\"},{\"ident\":\"p2: Spidops\",\"details\":\"Spidops, L96, F\",\"condition\":\"271/271\",\"active\":false,\"stats\":{\"atk\":206,\"def\":231,\"spa\":154,\"spd\":220,\"spe\":122},\"moves\":[\"stickyweb\",\"uturn\",\"knockoff\",\"toxicspikes\"],\"baseAbility\":\"stakeout\",\"item\":\"heavydutyboots\",\"pokeball\":\"pokeball\",\"ability\":\"stakeout\",\"commanding\":false,\"reviving\":false,\"teraType\":\"Ghost\",\"terastallized\":\"\"},{\"ident\":\"p2: Ho-Oh\",\"details\":\"Ho-Oh, L71\",\"condition\":\"268/268\",\"active\":false,\"stats\":{\"atk\":226,\"def\":169,\"spa\":198,\"spd\":260,\"spe\":169},\"moves\":[\"bravebird\",\"earthquake\",\"recover\",\"sacredfire\"],\"baseAbility\":\"regenerator\",\"item\":\"heavydutyboots\",\"pokeball\":\"pokeball\",\"ability\":\"regenerator\",\"commanding\":false,\"reviving\":false,\"teraType\":\"Steel\",\"terastallized\":\"\"},{\"ident\":\"p2: Sandaconda\",\"details\":\"Sandaconda, L84, M\",\"condition\":\"258/258\",\"active\":false,\"stats\":{\"atk\":228,\"def\":258,\"spa\":157,\"spd\":166,\"spe\":167},\"moves\":[\"coil\",\"earthquake\",\"rockblast\",\"scaleshot\"],\"baseAbility\":\"shedskin\",\"item\":\"loadeddice\",\"pokeball\":\"pokeball\",\"ability\":\"shedskin\",\"commanding\":false,\"reviving\":false,\"teraType\":\"Dragon\",\"terastallized\":\"\"}]},\"rqid\":103}\n|\n|t:|1783391900\n|switch|p1a: Annihilape|Annihilape, L76, M|100/100\n|turn|45\n|request|{\"active\":[{\"moves\":[{\"move\":\"Tera Blast\",\"id\":\"terablast\",\"pp\":3,\"maxpp\":16,\"target\":\"normal\",\"disabled\":false},{\"move\":\"Calm Mind\",\"id\":\"calmmind\",\"pp\":26,\"maxpp\":32,\"target\":\"self\",\"disabled\":false},{\"move\":\"Alluring Voice\",\"id\":\"alluringvoice\",\"pp\":0,\"maxpp\":16,\"target\":\"normal\",\"disabled\":true},{\"move\":\"Recover\",\"id\":\"recover\",\"pp\":1,\"maxpp\":8,\"target\":\"self\",\"disabled\":false}]}],\"side\":{\"name\":\"p0y0622852\",\"id\":\"p2\",\"pokemon\":[{\"ident\":\"p2: Alcremie\",\"details\":\"Alcremie-Mint-Cream, L90, F\",\"condition\":\"151/263 brn\",\"active\":true,\"stats\":{\"atk\":113,\"def\":186,\"spa\":249,\"spd\":269,\"spe\":167},\"moves\":[\"terablast\",\"calmmind\",\"alluringvoice\",\"recover\"],\"baseAbility\":\"aromaveil\",\"item\":\"leftovers\",\"pokeball\":\"pokeball\",\"ability\":\"aromaveil\",\"commanding\":false,\"reviving\":false,\"teraType\":\"Ground\",\"terastallized\":\"Ground\"},{\"ident\":\"p2: Bruxish\",\"details\":\"Bruxish, L85, F\",\"condition\":\"0 fnt\",\"active\":false,\"stats\":{\"atk\":227,\"def\":168,\"spa\":168,\"spd\":168,\"spe\":205},\"moves\":[\"crunch\",\"icefang\",\"psychicfangs\",\"wavecrash\"],\"baseAbility\":\"strongjaw\",\"item\":\"choiceband\",\"pokeball\":\"pokeball\",\"ability\":\"strongjaw\",\"commanding\":false,\"reviving\":false,\"teraType\":\"Dark\",\"terastallized\":\"\"},{\"ident\":\"p2: Dragonite\",\"details\":\"Dragonite, L74, M\",\"condition\":\"257/257\",\"active\":false,\"stats\":{\"atk\":241,\"def\":184,\"spa\":191,\"spd\":191,\"spe\":161},\"moves\":[\"outrage\",\"earthquake\",\"dragondance\",\"ironhead\"],\"baseAbility\":\"multiscale\",\"item\":\"heavydutyboots\",\"pokeball\":\"pokeball\",\"ability\":\"multiscale\",\"commanding\":false,\"reviving\":false,\"teraType\":\"Steel\",\"terastallized\":\"\"},{\"ident\":\"p2: Spidops\",\"details\":\"Spidops, L96, F\",\"condition\":\"271/271\",\"active\":false,\"stats\":{\"atk\":206,\"def\":231,\"spa\":154,\"spd\":220,\"spe\":122},\"moves\":[\"stickyweb\",\"uturn\",\"knockoff\",\"toxicspikes\"],\"baseAbility\":\"stakeout\",\"item\":\"heavydutyboots\",\"pokeball\":\"pokeball\",\"ability\":\"stakeout\",\"commanding\":false,\"reviving\":false,\"teraType\":\"Ghost\",\"terastallized\":\"\"},{\"ident\":\"p2: Ho-Oh\",\"details\":\"Ho-Oh, L71\",\"condition\":\"268/268\",\"active\":false,\"stats\":{\"atk\":226,\"def\":169,\"spa\":198,\"spd\":260,\"spe\":169},\"moves\":[\"bravebird\",\"earthquake\",\"recover\",\"sacredfire\"],\"baseAbility\":\"regenerator\",\"item\":\"heavydutyboots\",\"pokeball\":\"pokeball\",\"ability\":\"regenerator\",\"commanding\":false,\"reviving\":false,\"teraType\":\"Steel\",\"terastallized\":\"\"},{\"ident\":\"p2: Sandaconda\",\"details\":\"Sandaconda, L84, M\",\"condition\":\"258/258\",\"active\":false,\"stats\":{\"atk\":228,\"def\":258,\"spa\":157,\"spd\":166,\"spe\":167},\"moves\":[\"coil\",\"earthquake\",\"rockblast\",\"scaleshot\"],\"baseAbility\":\"shedskin\",\"item\":\"loadeddice\",\"pokeball\":\"pokeball\",\"ability\":\"shedskin\",\"commanding\":false,\"reviving\":false,\"teraType\":\"Dragon\",\"terastallized\":\"\"}]},\"rqid\":105}\n|inactive|Time left: 300 sec this turn | 300 sec total\n|\n|t:|1783391900\n|move|p1a: Annihilape|Bulk Up|p1a: Annihilape\n|-boost|p1a: Annihilape|atk|1\n|-boost|p1a: Annihilape|def|1\n|move|p2a: Alcremie|Tera Blast|p1a: Annihilape|[anim] Tera Blast Ground\n|-damage|p1a: Annihilape|0 fnt\n|faint|p1a: Annihilape\n|\n|win|p0y0622852", "uploadtime": 1783391900, "views": 0, "rating": 0, "private": 0, "password": null, "_winner": "p0y0622852", "_our_name": "p0y0622852"}erastallized\":\"\"},{\"ident\":\"p1: Bastiodon\",\"details\":\"Bastiodon, L89, F\",\"condition\":\"0 fnt\",\"active\":false,\"stats\":{\"atk\":97,\"def\":350,\"spa\":134,\"spd\":296,\"spe\":104},\"moves\":[\"foulplay\",\"bodypress\",\"irondefense\",\"rest\"],\"baseAbility\":\"soundproof\",\"item\":\"chestoberry\",\"pokeball\":\"pokeball\",\"ability\":\"soundproof\",\"commanding\":false,\"reviving\":false,\"teraType\":\"Fighting\",\"terastallized\":\"\"}]},\"rqid\":104}\n|inactive|Time left: 300 sec this turn | 300 sec total\n|\n|t:|1783391900\n|move|p1a: Annihilape|Bulk Up|p1a: Annihilape\n|-boost|p1a: Annihilape|atk|1\n|-boost|p1a: Annihilape|def|1\n|move|p2a: Alcremie|Tera Blast|p1a: Annihilape|[anim] Tera Blast Ground\n|-damage|p1a: Annihilape|0 fnt\n|faint|p1a: Annihilape\n|\n|win|p0y0622852", "uploadtime": 1783391900, "views": 0, "rating": 0, "private": 0, "password": null, "_winner": "p0y0622852", "_our_name": "p0x0625df4"}