{"id": "battle-gen9randombattle-215", "formatid": "gen9randombattle", "format": "[Gen 9] Random Battle", "players": ["p0x01363f8", "p0y0137be9"], "log": "|init|battle\n|title|p0x01363f8 vs. p0y0137be9\n|j|\u2606p0x01363f8\n|j|\u2606p0y0137be9\n|t:|1783391091\n|gametype|singles\n|player|p1|p0x01363f8|1|\n|player|p2|p0y0137be9|169|\n|gen|9\n|tier|[Gen 9] Random Battle\n|rule|Species Clause: Limit one of each Pok\u00e9mon\n|rule|HP Percentage Mod: HP is shown in percentages\n|rule|Sleep Clause Mod: Limit one foe put to sleep\n|rule|Illusion Level Mod: Illusion disguises the Pok\u00e9mon's true level\n|\n|t:|1783391091\n|teamsize|p1|6\n|teamsize|p2|6\n|start\n|switch|p1a: Shiftry|Shiftry, L89, F|100/100\n|switch|p2a: Mewtwo|Mewtwo, L72|272/272\n|-ability|p2a: Mewtwo|Unnerve\n|turn|1\n|request|{\"active\":[{\"moves\":[{\"move\":\"Nasty Plot\",\"id\":\"nastyplot\",\"pp\":32,\"maxpp\":32,\"target\":\"self\",\"disabled\":false},{\"move\":\"Fire Blast\",\"id\":\"fireblast\",\"pp\":8,\"maxpp\":8,\"target\":\"normal\",\"disabled\":false},{\"move\":\"Psystrike\",\"id\":\"psystrike\",\"pp\":16,\"maxpp\":16,\"target\":\"normal\",\"disabled\":false},{\"move\":\"Aura Sphere\",\"id\":\"aurasphere\",\"pp\":32,\"maxpp\":32,\"target\":\"any\",\"disabled\":false}],\"canTerastallize\":\"Fire\"}],\"side\":{\"name\":\"p0y0137be9\",\"id\":\"p2\",\"pokemon\":[{\"ident\":\"p2: Mewtwo\",\"details\":\"Mewtwo, L72\",\"condition\":\"272/272\",\"active\":true,\"stats\":{\"atk\":163,\"def\":172,\"spa\":264,\"spd\":172,\"spe\":229},\"moves\":[\"nastyplot\",\"fireblast\",\"psystrike\",\"aurasphere\"],\"baseAbility\":\"unnerve\",\"item\":\"lifeorb\",\"pokeball\":\"pokeball\",\"ability\":\"unnerve\",\"commanding\":false,\"reviving\":false,\"teraType\":\"Fire\",\"terastallized\":\"\"},{\"ident\":\"p2: Okidogi\",\"details\":\"Okidogi, L77, M\",\"condition\":\"262/262\",\"active\":false,\"stats\":{\"atk\":242,\"def\":222,\"spa\":134,\"spd\":177,\"spe\":168},\"moves\":[\"drainpunch\",\"gunkshot\",\"knockoff\",\"highhorsepower\"],\"baseAbility\":\"toxicchain\",\"item\":\"assaultvest\",\"pokeball\":\"pokeball\",\"ability\":\"toxicchain\",\"commanding\":false,\"reviving\":false,\"teraType\":\"Dark\",\"terastallized\":\"\"},{\"ident\":\"p2: Whimsicott\",\"details\":\"Whimsicott, L84, M\",\"condition\":\"238/238\",\"active\":false,\"stats\":{\"atk\":117,\"def\":191,\"spa\":178,\"spd\":174,\"spe\":243},\"moves\":[\"moonblast\",\"substitute\",\"leechseed\",\"encore\"],\"baseAbility\":\"prankster\",\"item\":\"leftovers\",\"pokeball\":\"pokeball\",\"ability\":\"prankster\",\"commanding\":false,\"reviving\":false,\"teraType\":\"Steel\",\"terastallized\":\"\"},{\"ident\":\"p2: Quagsire\",\"details\":\"Quagsire, L84, M\",\"condition\":\"297/297\",\"active\":false,\"stats\":{\"atk\":191,\"def\":191,\"spa\":157,\"spd\":157,\"spe\":107},\"moves\":[\"toxic\",\"icebeam\",\"earthquake\",\"recover\"],\"baseAbility\":\"unaware\",\"item\":\"leftovers\",\"pokeball\":\"pokeball\",\"ability\":\"unaware\",\"commanding\":false,\"reviving\":false,\"teraType\":\"Poison\",\"terastallized\":\"\"},{\"ident\":\"p2: Perrserker\",\"details\":\"Perrserker, L89, F\",\"condition\":\"269/269\",\"active\":false,\"stats\":{\"atk\":247,\"def\":229,\"spa\":140,\"spd\":158,\"spe\":140},\"moves\":[\"ironhead\",\"uturn\",\"closecombat\",\"stealthrock\"],\"baseAbility\":\"toughclaws\",\"item\":\"lifeorb\",\"pokeball\":\"pokeball\",\"ability\":\"toughclaws\",\"commanding\":false,\"reviving\":false,\"teraType\":\"Fighting\",\"terastallized\":\"\"},{\"ident\":\"p2: Rotom\",\"details\":\"Rotom-Wash, L82\",\"condition\":\"216/216\",\"active\":false,\"stats\":{\"atk\":111,\"def\":223,\"spa\":219,\"spd\":223,\"spe\":188},\"moves\":[\"painsplit\",\"hydropump\",\"nastyplot\",\"thunderbolt\"],\"baseAbility\":\"levitate\",\"item\":\"leftovers\",\"pokeball\":\"pokeball\",\"ability\":\"levitate\",\"commanding\":false,\"reviving\":false,\"teraType\":\"Steel\",\"terastallized\":\"\"}]},\"rqid\":3}\n|inactive|Battle timer is ON: inactive players will automatically lose when time's up. (requested by p0x01363f8)\n|inactive|Time left: 300 sec this turn | 300 sec total | 60 sec grace\n|html|<div class=\"message-error\">You must be registered to chat in temporary rooms (like battles).</div>You may register in the <button name=\"openOptions\"><i class=\"fa fa-cog\"></i> Options</button> menu.\n|inactive|p0y0137be9 also wants the timer to be on.\n|\n|t:|1783391092\n|-terastallize|p2a: Mewtwo|Fire\n|move|p2a: Mewtwo|Fire Blast|p1a: Shiftry\n|-supereffective|p1a: Shiftry\n|-damage|p1a: Shiftry|0 fnt\n|faint|p1a: Shiftry\n|-damage|p2a: Mewtwo|245/272|[from] item: Life Orb\n|\n|upkeep\n|request|{\"wait\":true,\"side\":{\"name\":\"p0y0137be9\",\"id\":\"p2\",\"pokemon\":[{\"ident\":\"p2: Mewtwo\",\"details\":\"Mewtwo, L72\",\"condition\":\"245/272\",\"active\":true,\"stats\":{\"atk\":163,\"def\":172,\"spa\":264,\"spd\":172,\"spe\":229},\"moves\":[\"nastyplot\",\"fireblast\",\"psystrike\",\"aurasphere\"],\"baseAbility\":\"unnerve\",\"item\":\"lifeorb\",\"pokeball\":\"pokeball\",\"ability\":\"unnerve\",\"commanding\":false,\"reviving\":false,\"teraType\":\"Fire\",\"terastallized\":\"Fire\"},{\"ident\":\"p2: Okidogi\",\"details\":\"Okidogi, L77, M\",\"condition\":\"262/262\",\"active\":false,\"stats\":{\"atk\":242,\"def\":222,\"spa\":134,\"spd\":177,\"spe\":168},\"moves\":[\"drainpunch\",\"gunkshot\",\"knockoff\",\"highhorsepower\"],\"baseAbility\":\"toxicchain\",\"item\":\"assaultvest\",\"pokeball\":\"pokeball\",\"ability\":\"toxicchain\",\"commanding\":false,\"reviving\":false,\"teraType\":\"Dark\",\"terastallized\":\"\"},{\"ident\":\"p2: Whimsicott\",\"details\":\"Whimsicott, L84, M\",\"condition\":\"238/238\",\"active\":false,\"stats\":{\"atk\":117,\"def\":191,\"spa\":178,\"spd\":174,\"spe\":243},\"moves\":[\"moonblast\",\"substitute\",\"leechseed\",\"encore\"],\"baseAbility\":\"prankster\",\"item\":\"leftovers\",\"pokeball\":\"pokeball\",\"ability\":\"prankster\",\"commanding\":false,\"reviving\":false,\"teraType\":\"Steel\",\"terastallized\":\"\"},{\"ident\":\"p2: Quagsire\",\"details\":\"Quagsire, L84, M\",\"condition\":\"297/297\",\"active\":false,\"stats\":{\"atk\":191,\"def\":191,\"spa\":157,\"spd\":157,\"spe\":107},\"moves\":[\"toxic\",\"icebeam\",\"earthquake\",\"recover\"],\"baseAbility\":\"unaware\",\"item\":\"leftovers\",\"pokeball\":\"pokeball\",\"ability\":\"unaware\",\"commanding\":false,\"reviving\":false,\"teraType\":\"Poison\",\"terastallized\":\"\"},{\"ident\":\"p2: Perrserker\",\"details\":\"Perrserker, L89, F\",\"condition\":\"269/269\",\"active\":false,\"stats\":{\"atk\":247,\"def\":229,\"spa\":140,\"spd\":158,\"spe\":140},\"moves\":[\"ironhead\",\"uturn\",\"closecombat\",\"stealthrock\"],\"baseAbility\":\"toughclaws\",\"item\":\"lifeorb\",\"pokeball\":\"pokeball\",\"ability\":\"toughclaws\",\"commanding\":false,\"reviving\":false,\"teraType\":\"Fighting\",\"terastallized\":\"\"},{\"ident\":\"p2: Rotom\",\"details\":\"Rotom-Wash, L82\",\"condition\":\"216/216\",\"active\":false,\"stats\":{\"atk\":111,\"def\":223,\"spa\":219,\"spd\":223,\"spe\":188},\"moves\":[\"painsplit\",\"hydropump\",\"nastyplot\",\"thunderbolt\"],\"baseAbility\":\"levitate\",\"item\":\"leftovers\",\"pokeball\":\"pokeball\",\"ability\":\"levitate\",\"commanding\":false,\"reviving\":false,\"teraType\":\"Steel\",\"terastallized\":\"\"}]},\"rqid\":5}\n|\n|t:|1783391092\n|switch|p1a: Swanna|Swanna, L89, M|100/100\n|turn|2\n|request|{\"active\":[{\"moves\":[{\"move\":\"Nasty Plot\",\"id\":\"nastyplot\",\"pp\":32,\"maxpp\":32,\"target\":\"self\",\"disabled\":false},{\"move\":\"Fire Blast\",\"id\":\"fireblast\",\"pp\":7,\"maxpp\":8,\"target\":\"normal\",\"disabled\":false},{\"move\":\"Psystrike\",\"id\":\"psystrike\",\"pp\":16,\"maxpp\":16,\"target\":\"normal\",\"disabled\":false},{\"move\":\"Aura Sphere\",\"id\":\"aurasphere\",\"pp\":32,\"maxpp\":32,\"target\":\"any\",\"disabled\":false}]}],\"side\":{\"name\":\"p0y0137be9\",\"id\":\"p2\",\"pokemon\":[{\"ident\":\"p2: Mewtwo\",\"details\":\"Mewtwo, L72\",\"condition\":\"245/272\",\"active\":true,\"stats\":{\"atk\":163,\"def\":172,\"spa\":264,\"spd\":172,\"spe\":229},\"moves\":[\"nastyplot\",\"fireblast\",\"psystrike\",\"aurasphere\"],\"baseAbility\":\"unnerve\",\"item\":\"lifeorb\",\"pokeball\":\"pokeball\",\"ability\":\"unnerve\",\"commanding\":false,\"reviving\":false,\"teraType\":\"Fire\",\"terastallized\":\"Fire\"},{\"ident\":\"p2: Okidogi\",\"details\":\"Okidogi, L77, M\",\"condition\":\"262/262\",\"active\":false,\"stats\":{\"atk\":242,\"def\":222,\"spa\":134,\"spd\":177,\"spe\":168},\"moves\":[\"drainpunch\",\"gunkshot\",\"knockoff\",\"highhorsepower\"],\"baseAbility\":\"toxicchain\",\"item\":\"assaultvest\",\"pokeball\":\"pokeball\",\"ability\":\"toxicchain\",\"commanding\":false,\"reviving\":false,\"teraType\":\"Dark\",\"terastallized\":\"\"},{\"ident\":\"p2: Whimsicott\",\"details\":\"Whimsicott, L84, M\",\"condition\":\"238/238\",\"active\":false,\"stats\":{\"atk\":117,\"def\":191,\"spa\":178,\"spd\":174,\"spe\":243},\"moves\":[\"moonblast\",\"substitute\",\"leechseed\",\"encore\"],\"baseAbility\":\"prankster\",\"item\":\"leftovers\",\"pokeball\":\"pokeball\",\"ability\":\"prankster\",\"commanding\":false,\"reviving\":false,\"teraType\":\"Steel\",\"terastallized\":\"\"},{\"ident\":\"p2: Quagsire\",\"details\":\"Quagsire, L84, M\",\"condition\":\"297/297\",\"active\":false,\"stats\":{\"atk\":191,\"def\":191,\"spa\":157,\"spd\":157,\"spe\":107},\"moves\":[\"toxic\",\"icebeam\",\"earthquake\",\"recover\"],\"baseAbility\":\"unaware\",\"item\":\"leftovers\",\"pokeball\":\"pokeball\",\"ability\":\"unaware\",\"commanding\":false,\"reviving\":false,\"teraType\":\"Poison\",\"terastallized\":\"\"},{\"ident\":\"p2: Perrserker\",\"details\":\"Perrserker, L89, F\",\"condition\":\"269/269\",\"active\":false,\"stats\":{\"atk\":247,\"def\":229,\"spa\":140,\"spd\":158,\"spe\":140},\"moves\":[\"ironhead\",\"uturn\",\"closecombat\",\"stealthrock\"],\"baseAbility\":\"toughclaws\",\"item\":\"lifeorb\",\"pokeball\":\"pokeball\",\"ability\":\"toughclaws\",\"commanding\":false,\"reviving\":false,\"teraType\":\"Fighting\",\"terastallized\":\"\"},{\"ident\":\"p2: Rotom\",\"details\":\"Rotom-Wash, L82\",\"condition\":\"216/216\",\"active\":false,\"stats\":{\"atk\":111,\"def\":223,\"spa\":219,\"spd\":223,\"spe\":188},\"moves\":[\"painsplit\",\"hydropump\",\"nastyplot\",\"thunderbolt\"],\"baseAbility\":\"levitate\",\"item\":\"leftovers\",\"pokeball\":\"pokeball\",\"ability\":\"levitate\",\"commanding\":false,\"reviving\":false,\"teraType\":\"Steel\",\"terastallized\":\"\"}]},\"rqid\":7}\n|inactive|Time left: 300 sec this turn | 300 sec total\n|\n|t:|1783391092\n|switch|p2a: Rotom|Rotom-Wash, L82|216/216\n|move|p1a: Swanna|Hydro Pump|p2a: Rotom\n|-resisted|p2a: Rotom\n|-damage|p2a: Rotom|160/216\n|\n|-heal|p2a: Rotom|173/216|[from] item: Leftovers\n|upkeep\n|turn|3\n|request|{\"active\":[{\"moves\":[{\"move\":\"Pain Split\",\"id\":\"painsplit\",\"pp\":32,\"maxpp\":32,\"target\":\"normal\",\"disabled\":false},{\"move\":\"Hydro Pump\",\"id\":\"hydropump\",\"pp\":8,\"maxpp\":8,\"target\":\"normal\",\"disabled\":false},{\"move\":\"Nasty Plot\",\"id\":\"nastyplot\",\"pp\":32,\"maxpp\":32,\"target\":\"self\",\"disabled\":false},{\"move\":\"Thunderbolt\",\"id\":\"thunderbolt\",\"pp\":24,\"maxpp\":24,\"target\":\"normal\",\"disabled\":false}]}],\"side\":{\"name\":\"p0y0137be9\",\"id\":\"p2\",\"pokemon\":[{\"ident\":\"p2: Rotom\",\"details\":\"Rotom-Wash, L82\",\"condition\":\"173/216\",\"active\":true,\"stats\":{\"atk\":111,\"def\":223,\"spa\":219,\"spd\":223,\"spe\":188},\"moves\":[\"painsplit\",\"hydropump\",\"nastyplot\",\"thunderbolt\"],\"baseAbility\":\"levitate\",\"item\":\"leftovers\",\"pokeball\":\"pokeball\",\"ability\":\"levitate\",\"commanding\":false,\"reviving\":false,\"teraType\":\"Steel\",\"terastallized\":\"\"},{\"ident\":\"p2: Okidogi\",\"details\":\"Okidogi, L77, M\",\"condition\":\"262/262\",\"active\":false,\"stats\":{\"atk\":242,\"def\":222,\"spa\":134,\"spd\":177,\"spe\":168},\"moves\":[\"drainpunch\",\"gunkshot\",\"knockoff\",\"highhorsepower\"],\"baseAbility\":\"toxicchain\",\"item\":\"assaultvest\",\"pokeball\":\"pokeball\",\"ability\":\"toxicchain\",\"commanding\":false,\"reviving\":false,\"teraType\":\"Dark\",\"terastallized\":\"\"},{\"ident\":\"p2: Whimsicott\",\"details\":\"Whimsicott, L84, M\",\"condition\":\"238/238\",\"active\":false,\"stats\":{\"atk\":117,\"def\":191,\"spa\":178,\"spd\":174,\"spe\":243},\"moves\":[\"moonblast\",\"substitute\",\"leechseed\",\"encore\"],\"baseAbility\":\"prankster\",\"item\":\"leftovers\",\"pokeball\":\"pokeball\",\"ability\":\"prankster\",\"commanding\":false,\"reviving\":false,\"teraType\":\"Steel\",\"terastallized\":\"\"},{\"ident\":\"p2: Quagsire\",\"details\":\"Quagsire, L84, M\",\"condition\":\"297/297\",\"active\":false,\"stats\":{\"atk\":191,\"def\":191,\"spa\":157,\"spd\":157,\"spe\":107},\"moves\":[\"toxic\",\"icebeam\",\"earthquake\",\"recover\"],\"baseAbility\":\"unaware\",\"item\":\"leftovers\",\"pokeball\":\"pokeball\",\"ability\":\"unaware\",\"commanding\":false,\"reviving\":false,\"teraType\":\"Poison\",\"terastallized\":\"\"},{\"ident\":\"p2: Perrserker\",\"details\":\"Perrserker, L89, F\",\"condition\":\"269/269\",\"active\":false,\"stats\":{\"atk\":247,\"def\":229,\"spa\":140,\"spd\":158,\"spe\":140},\"moves\":[\"ironhead\",\"uturn\",\"closecombat\",\"stealthrock\"],\"baseAbility\":\"toughclaws\",\"item\":\"lifeorb\",\"pokeball\":\"pokeball\",\"ability\":\"toughclaws\",\"commanding\":false,\"reviving\":false,\"teraType\":\"Fighting\",\"terastallized\":\"\"},{\"ident\":\"p2: Mewtwo\",\"details\":\"Mewtwo, L72\",\"condition\":\"245/272\",\"active\":false,\"stats\":{\"atk\":163,\"def\":172,\"spa\":264,\"spd\":172,\"spe\":229},\"moves\":[\"nastyplot\",\"fireblast\",\"psystrike\",\"aurasphere\"],\"baseAbility\":\"unnerve\",\"item\":\"lifeorb\",\"pokeball\":\"pokeball\",\"ability\":\"unnerve\",\"commanding\":false,\"reviving\":false,\"teraType\":\"Fire\",\"terastallized\":\"Fire\"}]},\"rqid\":9}\n|inactive|Time left: 300 sec this turn | 300 sec total\n|\n|t:|1783391092\n|switch|p1a: Mismagius|Mismagius, L86, F|100/100\n|move|p2a: Rotom|Thunderbolt|p1a: Mismagius\n|-damage|p1a: Mismagius|69/100\n|\n|-heal|p1a: Mismagius|75/100|[from] item: Leftovers\n|-heal|p2a: Rotom|186/216|[from] item: Leftovers\n|upkeep\n|turn|4\n|request|{\"active\":[{\"moves\":[{\"move\":\"Pain Split\",\"id\":\"painsplit\",\"pp\":32,\"maxpp\":32,\"target\":\"normal\",\"disabled\":false},{\"move\":\"Hydro Pump\",\"id\":\"hydropump\",\"pp\":8,\"maxpp\":8,\"target\":\"normal\",\"disabled\":false},{\"move\":\"Nasty Plot\",\"id\":\"nastyplot\",\"pp\":32,\"maxpp\":32,\"target\":\"self\",\"disabled\":false},{\"move\":\"Thunderbolt\",\"id\":\"thunderbolt\",\"pp\":23,\"maxpp\":24,\"target\":\"normal\",\"disabled\":false}]}],\"side\":{\"name\":\"p0y0137be9\",\"id\":\"p2\",\"pokemon\":[{\"ident\":\"p2: Rotom\",\"details\":\"Rotom-Wash, L82\",\"condition\":\"186/216\",\"active\":true,\"stats\":{\"atk\":111,\"def\":223,\"spa\":219,\"spd\":223,\"spe\":188},\"moves\":[\"painsplit\",\"hydropump\",\"nastyplot\",\"thunderbolt\"],\"baseAbility\":\"levitate\",\"item\":\"leftovers\",\"pokeball\":\"pokeball\",\"ability\":\"levitate\",\"commanding\":false,\"reviving\":false,\"teraType\":\"Steel\",\"terastallized\":\"\"},{\"ident\":\"p2: Okidogi\",\"details\":\"Okidogi, L77, M\",\"condition\":\"262/262\",\"active\":false,\"stats\":{\"atk\":242,\"def\":222,\"spa\":134,\"spd\":177,\"spe\":168},\"moves\":[\"drainpunch\",\"gunkshot\",\"knockoff\",\"highhorsepower\"],\"baseAbility\":\"toxicchain\",\"item\":\"assaultvest\",\"pokeball\":\"pokeball\",\"ability\":\"toxicchain\",\"commanding\":false,\"reviving\":false,\"teraType\":\"Dark\",\"terastallized\":\"\"},{\"ident\":\"p2: Whimsicott\",\"details\":\"Whimsicott, L84, M\",\"condition\":\"238/238\",\"active\":false,\"stats\":{\"atk\":117,\"def\":191,\"spa\":178,\"spd\":174,\"spe\":243},\"moves\":[\"moonblast\",\"substitute\",\"leechseed\",\"encore\"],\"baseAbility\":\"prankster\",\"item\":\"leftovers\",\"pokeball\":\"pokeball\",\"ability\":\"prankster\",\"commanding\":false,\"reviving\":false,\"teraType\":\"Steel\",\"terastallized\":\"\"},{\"ident\":\"p2: Quagsire\",\"details\":\"Quagsire, L84, M\",\"condition\":\"297/297\",\"active\":false,\"stats\":{\"atk\":191,\"def\":191,\"spa\":157,\"spd\":157,\"spe\":107},\"moves\":[\"toxic\",\"icebeam\",\"earthquake\",\"recover\"],\"baseAbility\":\"unaware\",\"item\":\"leftovers\",\"pokeball\":\"pokeball\",\"ability\":\"unaware\",\"commanding\":false,\"reviving\":false,\"teraType\":\"Poison\",\"terastallized\":\"\"},{\"ident\":\"p2: Perrserker\",\"details\":\"Perrserker, L89, F\",\"condition\":\"269/269\",\"active\":false,\"stats\":{\"atk\":247,\"def\":229,\"spa\":140,\"spd\":158,\"spe\":140},\"moves\":[\"ironhead\",\"uturn\",\"closecombat\",\"stealthrock\"],\"baseAbility\":\"toughclaws\",\"item\":\"lifeorb\",\"pokeball\":\"pokeball\",\"ability\":\"toughclaws\",\"commanding\":false,\"reviving\":false,\"teraType\":\"Fighting\",\"terastallized\":\"\"},{\"ident\":\"p2: Mewtwo\",\"details\":\"Mewtwo, L72\",\"condition\":\"245/272\",\"active\":false,\"stats\":{\"atk\":163,\"def\":172,\"spa\":264,\"spd\":172,\"spe\":229},\"moves\":[\"nastyplot\",\"fireblast\",\"psystrike\",\"aurasphere\"],\"baseAbility\":\"unnerve\",\"item\":\"lifeorb\",\"pokeball\":\"pokeball\",\"ability\":\"unnerve\",\"commanding\":false,\"reviving\":false,\"teraType\":\"Fire\",\"terastallized\":\"Fire\"}]},\"rqid\":11}\n|inactive|Time left: 300 sec this turn | 300 sec total\n|\n|t:|1783391093\n|move|p1a: Mismagius|Nasty Plot|p1a: Mismagius\n|-boost|p1a: Mismagius|spa|2\n|move|p2a: Rotom|Nasty Plot|p2a: Rotom\n|-boost|p2a: Rotom|spa|2\n|\n|-heal|p1a: Mismagius|82/100|[from] item: Leftovers\n|-heal|p2a: Rotom|199/216|[from] item: Leftovers\n|upkeep\n|turn|5\n|request|{\"active\":[{\"moves\":[{\"move\":\"Pain Split\",\"id\":\"painsplit\",\"pp\":32,\"maxpp\":32,\"target\":\"normal\",\"disabled\":false},{\"move\":\"Hydro Pump\",\"id\":\"hydropump\",\"pp\":8,\"maxpp\":8,\"target\":\"normal\",\"disabled\":false},{\"move\":\"Nasty Plot\",\"id\":\"nastyplot\",\"pp\":31,\"maxpp\":32,\"target\":\"self\",\"disabled\":false},{\"move\":\"Thunderbolt\",\"id\":\"thunderbolt\",\"pp\":23,\"maxpp\":24,\"target\":\"normal\",\"disabled\":false}]}],\"side\":{\"name\":\"p0y0137be9\",\"id\":\"p2\",\"pokemon\":[{\"ident\":\"p2: Rotom\",\"details\":\"Rotom-Wash, L82\",\"condition\":\"199/216\",\"active\":true,\"stats\":{\"atk\":111,\"def\":223,\"spa\":219,\"spd\":223,\"spe\":188},\"moves\":[\"painsplit\",\"hydropump\",\"nastyplot\",\"thunderbolt\"],\"baseAbility\":\"levitate\",\"item\":\"leftovers\",\"pokeball\":\"pokeball\",\"ability\":\"levitate\",\"commanding\":false,\"reviving\":false,\"teraType\":\"Steel\",\"terastallized\":\"\"},{\"ident\":\"p2: Okidogi\",\"details\":\"Okidogi, L77, M\",\"condition\":\"262/262\",\"active\":false,\"stats\":{\"atk\":242,\"def\":222,\"spa\":134,\"spd\":177,\"spe\":168},\"moves\":[\"drainpunch\",\"gunkshot\",\"knockoff\",\"highhorsepower\"],\"baseAbility\":\"toxicchain\",\"item\":\"assaultvest\",\"pokeball\":\"pokeball\",\"ability\":\"toxicchain\",\"commanding\":false,\"reviving\":false,\"teraType\":\"Dark\",\"terastallized\":\"\"},{\"ident\":\"p2: Whimsicott\",\"details\":\"Whimsicott, L84, M\",\"condition\":\"238/238\",\"active\":false,\"stats\":{\"atk\":117,\"def\":191,\"spa\":178,\"spd\":174,\"spe\":243},\"moves\":[\"moonblast\",\"substitute\",\"leechseed\",\"encore\"],\"baseAbility\":\"prankster\",\"item\":\"leftovers\",\"pokeball\":\"pokeball\",\"ability\":\"prankster\",\"commanding\":false,\"reviving\":false,\"teraType\":\"Steel\",\"terastallized\":\"\"},{\"ident\":\"p2: Quagsire\",\"details\":\"Quagsire, L84, M\",\"condition\":\"297/297\",\"active\":false,\"stats\":{\"atk\":191,\"def\":191,\"spa\":157,\"spd\":157,\"spe\":107},\"moves\":[\"toxic\",\"icebeam\",\"earthquake\",\"recover\"],\"baseAbility\":\"unaware\",\"item\":\"leftovers\",\"pokeball\":\"pokeball\",\"ability\":\"unaware\",\"commanding\":false,\"reviving\":false,\"teraType\":\"Poison\",\"terastallized\":\"\"},{\"ident\":\"p2: Perrserker\",\"details\":\"Perrserker, L89, F\",\"condition\":\"269/269\",\"active\":false,\"stats\":{\"atk\":247,\"def\":229,\"spa\":140,\"spd\":158,\"spe\":140},\"moves\":[\"ironhead\",\"uturn\",\"closecombat\",\"stealthrock\"],\"baseAbility\":\"toughclaws\",\"item\":\"lifeorb\",\"pokeball\":\"pokeball\",\"ability\":\"toughclaws\",\"commanding\":false,\"reviving\":false,\"teraType\":\"Fighting\",\"terastallized\":\"\"},{\"ident\":\"p2: Mewtwo\",\"details\":\"Mewtwo, L72\",\"condition\":\"245/272\",\"active\":false,\"stats\":{\"atk\":163,\"def\":172,\"spa\":264,\"spd\":172,\"spe\":229},\"moves\":[\"nastyplot\",\"fireblast\",\"psystrike\",\"aurasphere\"],\"baseAbility\":\"unnerve\",\"item\":\"lifeorb\",\"pokeball\":\"pokeball\",\"ability\":\"unnerve\",\"commanding\":false,\"reviving\":false,\"teraType\":\"Fire\",\"terastallized\":\"Fire\"}]},\"rqid\":13}\n|inactive|Time left: 300 sec this turn | 300 sec total\n|\n|t:|1783391093\n|move|p1a: Mismagius|Shadow Ball|p2a: Rotom\n|-damage|p2a: Rotom|37/216\n|move|p2a: Rotom|Hydro Pump|p1a: Mismagius\n|-damage|p1a: Mismagius|0 fnt\n|faint|p1a: Mismagius\n|\n|-heal|p2a: Rotom|50/216|[from] item: Leftovers\n|upkeep\n|request|{\"wait\":true,\"side\":{\"name\":\"p0y0137be9\",\"id\":\"p2\",\"pokemon\":[{\"ident\":\"p2: Rotom\",\"details\":\"Rotom-Wash, L82\",\"condition\":\"50/216\",\"active\":true,\"stats\":{\"atk\":111,\"def\":223,\"spa\":219,\"spd\":223,\"spe\":188},\"moves\":[\"painsplit\",\"hydropump\",\"nastyplot\",\"thunderbolt\"],\"baseAbility\":\"levitate\",\"item\":\"leftovers\",\"pokeball\":\"pokeball\",\"ability\":\"levitate\",\"commanding\":false,\"reviving\":false,\"teraType\":\"Steel\",\"terastallized\":\"\"},{\"ident\":\"p2: Okidogi\",\"details\":\"Okidogi, L77, M\",\"condition\":\"262/262\",\"active\":false,\"stats\":{\"atk\":242,\"def\":222,\"spa\":134,\"spd\":177,\"spe\":168},\"moves\":[\"drainpunch\",\"gunkshot\",\"knockoff\",\"highhorsepower\"],\"baseAbility\":\"toxicchain\",\"item\":\"assaultvest\",\"pokeball\":\"pokeball\",\"ability\":\"toxicchain\",\"commanding\":false,\"reviving\":false,\"teraType\":\"Dark\",\"terastallized\":\"\"},{\"ident\":\"p2: Whimsicott\",\"details\":\"Whimsicott, L84, M\",\"condition\":\"238/238\",\"active\":false,\"stats\":{\"atk\":117,\"def\":191,\"spa\":178,\"spd\":174,\"spe\":243},\"moves\":[\"moonblast\",\"substitute\",\"leechseed\",\"encore\"],\"baseAbility\":\"prankster\",\"item\":\"leftovers\",\"pokeball\":\"pokeball\",\"ability\":\"prankster\",\"commanding\":false,\"reviving\":false,\"teraType\":\"Steel\",\"terastallized\":\"\"},{\"ident\":\"p2: Quagsire\",\"details\":\"Quagsire, L84, M\",\"condition\":\"297/297\",\"active\":false,\"stats\":{\"atk\":191,\"def\":191,\"spa\":157,\"spd\":157,\"spe\":107},\"moves\":[\"toxic\",\"icebeam\",\"earthquake\",\"recover\"],\"baseAbility\":\"unaware\",\"item\":\"leftovers\",\"pokeball\":\"pokeball\",\"ability\":\"unaware\",\"commanding\":false,\"reviving\":false,\"teraType\":\"Poison\",\"terastallized\":\"\"},{\"ident\":\"p2: Perrserker\",\"details\":\"Perrserker, L89, F\",\"condition\":\"269/269\",\"active\":false,\"stats\":{\"atk\":247,\"def\":229,\"spa\":140,\"spd\":158,\"spe\":140},\"moves\":[\"ironhead\",\"uturn\",\"closecombat\",\"stealthrock\"],\"baseAbility\":\"toughclaws\",\"item\":\"lifeorb\",\"pokeball\":\"pokeball\",\"ability\":\"toughclaws\",\"commanding\":false,\"reviving\":false,\"teraType\":\"Fighting\",\"terastallized\":\"\"},{\"ident\":\"p2: Mewtwo\",\"details\":\"Mewtwo, L72\",\"condition\":\"245/272\",\"active\":false,\"stats\":{\"atk\":163,\"def\":172,\"spa\":264,\"spd\":172,\"spe\":229},\"moves\":[\"nastyplot\",\"fireblast\",\"psystrike\",\"aurasphere\"],\"baseAbility\":\"unnerve\",\"item\":\"lifeorb\",\"pokeball\":\"pokeball\",\"ability\":\"unnerve\",\"commanding\":false,\"reviving\":false,\"teraType\":\"Fire\",\"terastallized\":\"Fire\"}]},\"rqid\":15}\n|\n|t:|1783391093\n|switch|p1a: Minior|Minior-Blue, L79|100/100\n|-formechange|p1a: Minior|Minior-Meteor||[from] ability: Shields Down\n|turn|6\n|request|{\"active\":[{\"moves\":[{\"move\":\"Pain Split\",\"id\":\"painsplit\",\"pp\":32,\"maxpp\":32,\"target\":\"normal\",\"disabled\":false},{\"move\":\"Hydro Pump\",\"id\":\"hydropump\",\"pp\":7,\"maxpp\":8,\"target\":\"normal\",\"disabled\":false},{\"move\":\"Nasty Plot\",\"id\":\"nastyplot\",\"pp\":31,\"maxpp\":32,\"target\":\"self\",\"disabled\":false},{\"move\":\"Thunderbolt\",\"id\":\"thunderbolt\",\"pp\":23,\"maxpp\":24,\"target\":\"normal\",\"disabled\":false}]}],\"side\":{\"name\":\"p0y0137be9\",\"id\":\"p2\",\"pokemon\":[{\"ident\":\"p2: Rotom\",\"details\":\"Rotom-Wash, L82\",\"condition\":\"50/216\",\"active\":true,\"stats\":{\"atk\":111,\"def\":223,\"spa\":219,\"spd\":223,\"spe\":188},\"moves\":[\"painsplit\",\"hydropump\",\"nastyplot\",\"thunderbolt\"],\"baseAbility\":\"levitate\",\"item\":\"leftovers\",\"pokeball\":\"pokeball\",\"ability\":\"levitate\",\"commanding\":false,\"reviving\":false,\"teraType\":\"Steel\",\"terastallized\":\"\"},{\"ident\":\"p2: Okidogi\",\"details\":\"Okidogi, L77, M\",\"condition\":\"262/262\",\"active\":false,\"stats\":{\"atk\":242,\"def\":222,\"spa\":134,\"spd\":177,\"spe\":168},\"moves\":[\"drainpunch\",\"gunkshot\",\"knockoff\",\"highhorsepower\"],\"baseAbility\":\"toxicchain\",\"item\":\"assaultvest\",\"pokeball\":\"pokeball\",\"ability\":\"toxicchain\",\"commanding\":false,\"reviving\":false,\"teraType\":\"Dark\",\"terastallized\":\"\"},{\"ident\":\"p2: Whimsicott\",\"details\":\"Whimsicott, L84, M\",\"condition\":\"238/238\",\"active\":false,\"stats\":{\"atk\":117,\"def\":191,\"spa\":178,\"spd\":174,\"spe\":243},\"moves\":[\"moonblast\",\"substitute\",\"leechseed\",\"encore\"],\"baseAbility\":\"prankster\",\"item\":\"leftovers\",\"pokeball\":\"pokeball\",\"ability\":\"prankster\",\"commanding\":false,\"reviving\":false,\"teraType\":\"Steel\",\"terastallized\":\"\"},{\"ident\":\"p2: Quagsire\",\"details\":\"Quagsire, L84, M\",\"condition\":\"297/297\",\"active\":false,\"stats\":{\"atk\":191,\"def\":191,\"spa\":157,\"spd\":157,\"spe\":107},\"moves\":[\"toxic\",\"icebeam\",\"earthquake\",\"recover\"],\"baseAbility\":\"unaware\",\"item\":\"leftovers\",\"pokeball\":\"pokeball\",\"ability\":\"unaware\",\"commanding\":false,\"reviving\":false,\"teraType\":\"Poison\",\"terastallized\":\"\"},{\"ident\":\"p2: Perrserker\",\"details\":\"Perrserker, L89, F\",\"condition\":\"269/269\",\"active\":false,\"stats\":{\"atk\":247,\"def\":229,\"spa\":140,\"spd\":158,\"spe\":140},\"moves\":[\"ironhead\",\"uturn\",\"closecombat\",\"stealthrock\"],\"baseAbility\":\"toughclaws\",\"item\":\"lifeorb\",\"pokeball\":\"pokeball\",\"ability\":\"toughclaws\",\"commanding\":false,\"reviving\":false,\"teraType\":\"Fighting\",\"terastallized\":\"\"},{\"ident\":\"p2: Mewtwo\",\"details\":\"Mewtwo, L72\",\"condition\":\"245/272\",\"active\":false,\"stats\":{\"atk\":163,\"def\":172,\"spa\":264,\"spd\":172,\"spe\":229},\"moves\":[\"nastyplot\",\"fireblast\",\"psystrike\",\"aurasphere\"],\"baseAbility\":\"unnerve\",\"item\":\"lifeorb\",\"pokeball\":\"pokeball\",\"ability\":\"unnerve\",\"commanding\":false,\"reviving\":false,\"teraType\":\"Fire\",\"terastallized\":\"Fire\"}]},\"rqid\":17}\n|inactive|Time left: 300 sec this turn | 300 sec total\n|\n|t:|1783391093\n|switch|p1a: Bronzong|Bronzong, L88|100/100\n|move|p2a: Rotom|Pain Split|p1a: Bronzong\n|-sethp|p1a: Bronzong|60/100|[from] move: Pain Split|[silent]\n|-sethp|p2a: Rotom|155/216|[from] move: Pain Split\n|\n|-heal|p2a: Rotom|168/216|[from] item: Leftovers\n|-heal|p1a: Bronzong|66/100|[from] item: Leftovers\n|upkeep\n|turn|7\n|request|{\"active\":[{\"moves\":[{\"move\":\"Pain Split\",\"id\":\"painsplit\",\"pp\":31,\"maxpp\":32,\"target\":\"normal\",\"disabled\":false},{\"move\":\"Hydro Pump\",\"id\":\"hydropump\",\"pp\":7,\"maxpp\":8,\"target\":\"normal\",\"disabled\":false},{\"move\":\"Nasty Plot\",\"id\":\"nastyplot\",\"pp\":31,\"maxpp\":32,\"target\":\"self\",\"disabled\":false},{\"move\":\"Thunderbolt\",\"id\":\"thunderbolt\",\"pp\":23,\"maxpp\":24,\"target\":\"normal\",\"disabled\":false}]}],\"side\":{\"name\":\"p0y0137be9\",\"id\":\"p2\",\"pokemon\":[{\"ident\":\"p2: Rotom\",\"details\":\"Rotom-Wash, L82\",\"condition\":\"168/216\",\"active\":true,\"stats\":{\"atk\":111,\"def\":223,\"spa\":219,\"spd\":223,\"spe\":188},\"moves\":[\"painsplit\",\"hydropump\",\"nastyplot\",\"thunderbolt\"],\"baseAbility\":\"levitate\",\"item\":\"leftovers\",\"pokeball\":\"pokeball\",\"ability\":\"levitate\",\"commanding\":false,\"reviving\":false,\"teraType\":\"Steel\",\"terastallized\":\"\"},{\"ident\":\"p2: Okidogi\",\"details\":\"Okidogi, L77, M\",\"condition\":\"262/262\",\"active\":false,\"stats\":{\"atk\":242,\"def\":222,\"spa\":134,\"spd\":177,\"spe\":168},\"moves\":[\"drainpunch\",\"gunkshot\",\"knockoff\",\"highhorsepower\"],\"baseAbility\":\"toxicchain\",\"item\":\"assaultvest\",\"pokeball\":\"pokeball\",\"ability\":\"toxicchain\",\"commanding\":false,\"reviving\":false,\"teraType\":\"Dark\",\"terastallized\":\"\"},{\"ident\":\"p2: Whimsicott\",\"details\":\"Whimsicott, L84, M\",\"condition\":\"238/238\",\"active\":false,\"stats\":{\"atk\":117,\"def\":191,\"spa\":178,\"spd\":174,\"spe\":243},\"moves\":[\"moonblast\",\"substitute\",\"leechseed\",\"encore\"],\"baseAbility\":\"prankster\",\"item\":\"leftovers\",\"pokeball\":\"pokeball\",\"ability\":\"prankster\",\"commanding\":false,\"reviving\":false,\"teraType\":\"Steel\",\"terastallized\":\"\"},{\"ident\":\"p2: Quagsire\",\"details\":\"Quagsire, L84, M\",\"condition\":\"297/297\",\"active\":false,\"stats\":{\"atk\":191,\"def\":191,\"spa\":157,\"spd\":157,\"spe\":107},\"moves\":[\"toxic\",\"icebeam\",\"earthquake\",\"recover\"],\"baseAbility\":\"unaware\",\"item\":\"leftovers\",\"pokeball\":\"pokeball\",\"ability\":\"unaware\",\"commanding\":false,\"reviving\":false,\"teraType\":\"Poison\",\"terastallized\":\"\"},{\"ident\":\"p2: Perrserker\",\"details\":\"Perrserker, L89, F\",\"condition\":\"269/269\",\"active\":false,\"stats\":{\"atk\":247,\"def\":229,\"spa\":140,\"spd\":158,\"spe\":140},\"moves\":[\"ironhead\",\"uturn\",\"closecombat\",\"stealthrock\"],\"baseAbility\":\"toughclaws\",\"item\":\"lifeorb\",\"pokeball\":\"pokeball\",\"ability\":\"toughclaws\",\"commanding\":false,\"reviving\":false,\"teraType\":\"Fighting\",\"terastallized\":\"\"},{\"ident\":\"p2: Mewtwo\",\"details\":\"Mewtwo, L72\",\"condition\":\"245/272\",\"active\":false,\"stats\":{\"atk\":163,\"def\":172,\"spa\":264,\"spd\":172,\"spe\":229},\"moves\":[\"nastyplot\",\"fireblast\",\"psystrike\",\"aurasphere\"],\"baseAbility\":\"unnerve\",\"item\":\"lifeorb\",\"pokeball\":\"pokeball\",\"ability\":\"unnerve\",\"commanding\":false,\"reviving\":false,\"teraType\":\"Fire\",\"terastallized\":\"Fire\"}]},\"rqid\":19}\n|inactive|Time left: 300 sec this turn | 300 sec total\n|\n|t:|1783391094\n|move|p2a: Rotom|Hydro Pump|p1a: Bronzong\n|-damage|p1a: Bronzong|0 fnt\n|faint|p1a: Bronzong\n|\n|-heal|p2a: Rotom|181/216|[from] item: Leftovers\n|upkeep\n|request|{\"wait\":true,\"side\":{\"name\":\"p0y0137be9\",\"id\":\"p2\",\"pokemon\":[{\"ident\":\"p2: Rotom\",\"details\":\"Rotom-Wash, L82\",\"condition\":\"181/216\",\"active\":true,\"stats\":{\"atk\":111,\"def\":223,\"spa\":219,\"spd\":223,\"spe\":188},\"moves\":[\"painsplit\",\"hydropump\",\"nastyplot\",\"thunderbolt\"],\"baseAbility\":\"levitate\",\"item\":\"leftovers\",\"pokeball\":\"pokeball\",\"ability\":\"levitate\",\"commanding\":false,\"reviving\":false,\"teraType\":\"Steel\",\"terastallized\":\"\"},{\"ident\":\"p2: Okidogi\",\"details\":\"Okidogi, L77, M\",\"condition\":\"262/262\",\"active\":false,\"stats\":{\"atk\":242,\"def\":222,\"spa\":134,\"spd\":177,\"spe\":168},\"moves\":[\"drainpunch\",\"gunkshot\",\"knockoff\",\"highhorsepower\"],\"baseAbility\":\"toxicchain\",\"item\":\"assaultvest\",\"pokeball\":\"pokeball\",\"ability\":\"toxicchain\",\"commanding\":false,\"reviving\":false,\"teraType\":\"Dark\",\"terastallized\":\"\"},{\"ident\":\"p2: Whimsicott\",\"details\":\"Whimsicott, L84, M\",\"condition\":\"238/238\",\"active\":false,\"stats\":{\"atk\":117,\"def\":191,\"spa\":178,\"spd\":174,\"spe\":243},\"moves\":[\"moonblast\",\"substitute\",\"leechseed\",\"encore\"],\"baseAbility\":\"prankster\",\"item\":\"leftovers\",\"pokeball\":\"pokeball\",\"ability\":\"prankster\",\"commanding\":false,\"reviving\":false,\"teraType\":\"Steel\",\"terastallized\":\"\"},{\"ident\":\"p2: Quagsire\",\"details\":\"Quagsire, L84, M\",\"condition\":\"297/297\",\"active\":false,\"stats\":{\"atk\":191,\"def\":191,\"spa\":157,\"spd\":157,\"spe\":107},\"moves\":[\"toxic\",\"icebeam\",\"earthquake\",\"recover\"],\"baseAbility\":\"unaware\",\"item\":\"leftovers\",\"pokeball\":\"pokeball\",\"ability\":\"unaware\",\"commanding\":false,\"reviving\":false,\"teraType\":\"Poison\",\"terastallized\":\"\"},{\"ident\":\"p2: Perrserker\",\"details\":\"Perrserker, L89, F\",\"condition\":\"269/269\",\"active\":false,\"stats\":{\"atk\":247,\"def\":229,\"spa\":140,\"spd\":158,\"spe\":140},\"moves\":[\"ironhead\",\"uturn\",\"closecombat\",\"stealthrock\"],\"baseAbility\":\"toughclaws\",\"item\":\"lifeorb\",\"pokeball\":\"pokeball\",\"ability\":\"toughclaws\",\"commanding\":false,\"reviving\":false,\"teraType\":\"Fighting\",\"terastallized\":\"\"},{\"ident\":\"p2: Mewtwo\",\"details\":\"Mewtwo, L72\",\"condition\":\"245/272\",\"active\":false,\"stats\":{\"atk\":163,\"def\":172,\"spa\":264,\"spd\":172,\"spe\":229},\"moves\":[\"nastyplot\",\"fireblast\",\"psystrike\",\"aurasphere\"],\"baseAbility\":\"unnerve\",\"item\":\"lifeorb\",\"pokeball\":\"pokeball\",\"ability\":\"unnerve\",\"commanding\":false,\"reviving\":false,\"teraType\":\"Fire\",\"terastallized\":\"Fire\"}]},\"rqid\":21}\n|\n|t:|1783391094\n|switch|p1a: Iron Valiant|Iron Valiant, L78|100/100\n|turn|8\n|request|{\"active\":[{\"moves\":[{\"move\":\"Pain Split\",\"id\":\"painsplit\",\"pp\":31,\"maxpp\":32,\"target\":\"normal\",\"disabled\":false},{\"move\":\"Hydro Pump\",\"id\":\"hydropump\",\"pp\":6,\"maxpp\":8,\"target\":\"normal\",\"disabled\":false},{\"move\":\"Nasty Plot\",\"id\":\"nastyplot\",\"pp\":31,\"maxpp\":32,\"target\":\"self\",\"disabled\":false},{\"move\":\"Thunderbolt\",\"id\":\"thunderbolt\",\"pp\":23,\"maxpp\":24,\"target\":\"normal\",\"disabled\":false}]}],\"side\":{\"name\":\"p0y0137be9\",\"id\":\"p2\",\"pokemon\":[{\"ident\":\"p2: Rotom\",\"details\":\"Rotom-Wash, L82\",\"condition\":\"181/216\",\"active\":true,\"stats\":{\"atk\":111,\"def\":223,\"spa\":219,\"spd\":223,\"spe\":188},\"moves\":[\"painsplit\",\"hydropump\",\"nastyplot\",\"thunderbolt\"],\"baseAbility\":\"levitate\",\"item\":\"leftovers\",\"pokeball\":\"pokeball\",\"ability\":\"levitate\",\"commanding\":false,\"reviving\":false,\"teraType\":\"Steel\",\"terastallized\":\"\"},{\"ident\":\"p2: Okidogi\",\"details\":\"Okidogi, L77, M\",\"condition\":\"262/262\",\"active\":false,\"stats\":{\"atk\":242,\"def\":222,\"spa\":134,\"spd\":177,\"spe\":168},\"moves\":[\"drainpunch\",\"gunkshot\",\"knockoff\",\"highhorsepower\"],\"baseAbility\":\"toxicchain\",\"item\":\"assaultvest\",\"pokeball\":\"pokeball\",\"ability\":\"toxicchain\",\"commanding\":false,\"reviving\":false,\"teraType\":\"Dark\",\"terastallized\":\"\"},{\"ident\":\"p2: Whimsicott\",\"details\":\"Whimsicott, L84, M\",\"condition\":\"238/238\",\"active\":false,\"stats\":{\"atk\":117,\"def\":191,\"spa\":178,\"spd\":174,\"spe\":243},\"moves\":[\"moonblast\",\"substitute\",\"leechseed\",\"encore\"],\"baseAbility\":\"prankster\",\"item\":\"leftovers\",\"pokeball\":\"pokeball\",\"ability\":\"prankster\",\"commanding\":false,\"reviving\":false,\"teraType\":\"Steel\",\"terastallized\":\"\"},{\"ident\":\"p2: Quagsire\",\"details\":\"Quagsire, L84, M\",\"condition\":\"297/297\",\"active\":false,\"stats\":{\"atk\":191,\"def\":191,\"spa\":157,\"spd\":157,\"spe\":107},\"moves\":[\"toxic\",\"icebeam\",\"earthquake\",\"recover\"],\"baseAbility\":\"unaware\",\"item\":\"leftovers\",\"pokeball\":\"pokeball\",\"ability\":\"unaware\",\"commanding\":false,\"reviving\":false,\"teraType\":\"Poison\",\"terastallized\":\"\"},{\"ident\":\"p2: Perrserker\",\"details\":\"Perrserker, L89, F\",\"condition\":\"269/269\",\"active\":false,\"stats\":{\"atk\":247,\"def\":229,\"spa\":140,\"spd\":158,\"spe\":140},\"moves\":[\"ironhead\",\"uturn\",\"closecombat\",\"stealthrock\"],\"baseAbility\":\"toughclaws\",\"item\":\"lifeorb\",\"pokeball\":\"pokeball\",\"ability\":\"toughclaws\",\"commanding\":false,\"reviving\":false,\"teraType\":\"Fighting\",\"terastallized\":\"\"},{\"ident\":\"p2: Mewtwo\",\"details\":\"Mewtwo, L72\",\"condition\":\"245/272\",\"active\":false,\"stats\":{\"atk\":163,\"def\":172,\"spa\":264,\"spd\":172,\"spe\":229},\"moves\":[\"nastyplot\",\"fireblast\",\"psystrike\",\"aurasphere\"],\"baseAbility\":\"unnerve\",\"item\":\"lifeorb\",\"pokeball\":\"pokeball\",\"ability\":\"unnerve\",\"commanding\":false,\"reviving\":false,\"teraType\":\"Fire\",\"terastallized\":\"Fire\"}]},\"rqid\":23}\n|inactive|Time left: 300 sec this turn | 300 sec total\n|\n|t:|1783391094\n|move|p1a: Iron Valiant|Close Combat|p2a: Rotom\n|-damage|p2a: Rotom|16/216\n|-unboost|p1a: Iron Valiant|def|1\n|-unboost|p1a: Iron Valiant|spd|1\n|-damage|p1a: Iron Valiant|91/100|[from] item: Life Orb\n|move|p2a: Rotom|Thunderbolt|p1a: Iron Valiant\n|-damage|p1a: Iron Valiant|0 fnt\n|faint|p1a: Iron Valiant\n|-end|p1a: Iron Valiant|Quark Drive|[silent]\n|\n|-heal|p2a: Rotom|29/216|[from] item: Leftovers\n|upkeep\n|request|{\"wait\":true,\"side\":{\"name\":\"p0y0137be9\",\"id\":\"p2\",\"pokemon\":[{\"ident\":\"p2: Rotom\",\"details\":\"Rotom-Wash, L82\",\"condition\":\"29/216\",\"active\":true,\"stats\":{\"atk\":111,\"def\":223,\"spa\":219,\"spd\":223,\"spe\":188},\"moves\":[\"painsplit\",\"hydropump\",\"nastyplot\",\"thunderbolt\"],\"baseAbility\":\"levitate\",\"item\":\"leftovers\",\"pokeball\":\"pokeball\",\"ability\":\"levitate\",\"commanding\":false,\"reviving\":false,\"teraType\":\"Steel\",\"terastallized\":\"\"},{\"ident\":\"p2: Okidogi\",\"details\":\"Okidogi, L77, M\",\"condition\":\"262/262\",\"active\":false,\"stats\":{\"atk\":242,\"def\":222,\"spa\":134,\"spd\":177,\"spe\":168},\"moves\":[\"drainpunch\",\"gunkshot\",\"knockoff\",\"highhorsepower\"],\"baseAbility\":\"toxicchain\",\"item\":\"assaultvest\",\"pokeball\":\"pokeball\",\"ability\":\"toxicchain\",\"commanding\":false,\"reviving\":false,\"teraType\":\"Dark\",\"terastallized\":\"\"},{\"ident\":\"p2: Whimsicott\",\"details\":\"Whimsicott, L84, M\",\"condition\":\"238/238\",\"active\":false,\"stats\":{\"atk\":117,\"def\":191,\"spa\":178,\"spd\":174,\"spe\":243},\"moves\":[\"moonblast\",\"substitute\",\"leechseed\",\"encore\"],\"baseAbility\":\"prankster\",\"item\":\"leftovers\",\"pokeball\":\"pokeball\",\"ability\":\"prankster\",\"commanding\":false,\"reviving\":false,\"teraType\":\"Steel\",\"terastallized\":\"\"},{\"ident\":\"p2: Quagsire\",\"details\":\"Quagsire, L84, M\",\"condition\":\"297/297\",\"active\":false,\"stats\":{\"atk\":191,\"def\":191,\"spa\":157,\"spd\":157,\"spe\":107},\"moves\":[\"toxic\",\"icebeam\",\"earthquake\",\"recover\"],\"baseAbility\":\"unaware\",\"item\":\"leftovers\",\"pokeball\":\"pokeball\",\"ability\":\"unaware\",\"commanding\":false,\"reviving\":false,\"teraType\":\"Poison\",\"terastallized\":\"\"},{\"ident\":\"p2: Perrserker\",\"details\":\"Perrserker, L89, F\",\"condition\":\"269/269\",\"active\":false,\"stats\":{\"atk\":247,\"def\":229,\"spa\":140,\"spd\":158,\"spe\":140},\"moves\":[\"ironhead\",\"uturn\",\"closecombat\",\"stealthrock\"],\"baseAbility\":\"toughclaws\",\"item\":\"lifeorb\",\"pokeball\":\"pokeball\",\"ability\":\"toughclaws\",\"commanding\":false,\"reviving\":false,\"teraType\":\"Fighting\",\"terastallized\":\"\"},{\"ident\":\"p2: Mewtwo\",\"details\":\"Mewtwo, L72\",\"condition\":\"245/272\",\"active\":false,\"stats\":{\"atk\":163,\"def\":172,\"spa\":264,\"spd\":172,\"spe\":229},\"moves\":[\"nastyplot\",\"fireblast\",\"psystrike\",\"aurasphere\"],\"baseAbility\":\"unnerve\",\"item\":\"lifeorb\",\"pokeball\":\"pokeball\",\"ability\":\"unnerve\",\"commanding\":false,\"reviving\":false,\"teraType\":\"Fire\",\"terastallized\":\"Fire\"}]},\"rqid\":25}\n|\n|t:|1783391094\n|switch|p1a: Swanna|Swanna, L89, M|100/100\n|turn|9\n|request|{\"active\":[{\"moves\":[{\"move\":\"Pain Split\",\"id\":\"painsplit\",\"pp\":31,\"maxpp\":32,\"target\":\"normal\",\"disabled\":false},{\"move\":\"Hydro Pump\",\"id\":\"hydropump\",\"pp\":6,\"maxpp\":8,\"target\":\"normal\",\"disabled\":false},{\"move\":\"Nasty Plot\",\"id\":\"nastyplot\",\"pp\":31,\"maxpp\":32,\"target\":\"self\",\"disabled\":false},{\"move\":\"Thunderbolt\",\"id\":\"thunderbolt\",\"pp\":22,\"maxpp\":24,\"target\":\"normal\",\"disabled\":false}]}],\"side\":{\"name\":\"p0y0137be9\",\"id\":\"p2\",\"pokemon\":[{\"ident\":\"p2: Rotom\",\"details\":\"Rotom-Wash, L82\",\"condition\":\"29/216\",\"active\":true,\"stats\":{\"atk\":111,\"def\":223,\"spa\":219,\"spd\":223,\"spe\":188},\"moves\":[\"painsplit\",\"hydropump\",\"nastyplot\",\"thunderbolt\"],\"baseAbility\":\"levitate\",\"item\":\"leftovers\",\"pokeball\":\"pokeball\",\"ability\":\"levitate\",\"commanding\":false,\"reviving\":false,\"teraType\":\"Steel\",\"terastallized\":\"\"},{\"ident\":\"p2: Okidogi\",\"details\":\"Okidogi, L77, M\",\"condition\":\"262/262\",\"active\":false,\"stats\":{\"atk\":242,\"def\":222,\"spa\":134,\"spd\":177,\"spe\":168},\"moves\":[\"drainpunch\",\"gunkshot\",\"knockoff\",\"highhorsepower\"],\"baseAbility\":\"toxicchain\",\"item\":\"assaultvest\",\"pokeball\":\"pokeball\",\"ability\":\"toxicchain\",\"commanding\":false,\"reviving\":false,\"teraType\":\"Dark\",\"terastallized\":\"\"},{\"ident\":\"p2: Whimsicott\",\"details\":\"Whimsicott, L84, M\",\"condition\":\"238/238\",\"active\":false,\"stats\":{\"atk\":117,\"def\":191,\"spa\":178,\"spd\":174,\"spe\":243},\"moves\":[\"moonblast\",\"substitute\",\"leechseed\",\"encore\"],\"baseAbility\":\"prankster\",\"item\":\"leftovers\",\"pokeball\":\"pokeball\",\"ability\":\"prankster\",\"commanding\":false,\"reviving\":false,\"teraType\":\"Steel\",\"terastallized\":\"\"},{\"ident\":\"p2: Quagsire\",\"details\":\"Quagsire, L84, M\",\"condition\":\"297/297\",\"active\":false,\"stats\":{\"atk\":191,\"def\":191,\"spa\":157,\"spd\":157,\"spe\":107},\"moves\":[\"toxic\",\"icebeam\",\"earthquake\",\"recover\"],\"baseAbility\":\"unaware\",\"item\":\"leftovers\",\"pokeball\":\"pokeball\",\"ability\":\"unaware\",\"commanding\":false,\"reviving\":false,\"teraType\":\"Poison\",\"terastallized\":\"\"},{\"ident\":\"p2: Perrserker\",\"details\":\"Perrserker, L89, F\",\"condition\":\"269/269\",\"active\":false,\"stats\":{\"atk\":247,\"def\":229,\"spa\":140,\"spd\":158,\"spe\":140},\"moves\":[\"ironhead\",\"uturn\",\"closecombat\",\"stealthrock\"],\"baseAbility\":\"toughclaws\",\"item\":\"lifeorb\",\"pokeball\":\"pokeball\",\"ability\":\"toughclaws\",\"commanding\":false,\"reviving\":false,\"teraType\":\"Fighting\",\"terastallized\":\"\"},{\"ident\":\"p2: Mewtwo\",\"details\":\"Mewtwo, L72\",\"condition\":\"245/272\",\"active\":false,\"stats\":{\"atk\":163,\"def\":172,\"spa\":264,\"spd\":172,\"spe\":229},\"moves\":[\"nastyplot\",\"fireblast\",\"psystrike\",\"aurasphere\"],\"baseAbility\":\"unnerve\",\"item\":\"lifeorb\",\"pokeball\":\"pokeball\",\"ability\":\"unnerve\",\"commanding\":false,\"reviving\":false,\"teraType\":\"Fire\",\"terastallized\":\"Fire\"}]},\"rqid\":27}\n|inactive|Time left: 300 sec this turn | 300 sec total\n|\n|t:|1783391095\n|switch|p2a: Quagsire|Quagsire, L84, M|297/297\n|move|p1a: Swanna|Brave Bird|p2a: Quagsire\n|-damage|p2a: Quagsire|153/297\n|-damage|p1a: Swanna|83/100|[from] Recoil\n|\n|-heal|p2a: Quagsire|171/297|[from] item: Leftovers\n|upkeep\n|turn|10\n|request|{\"active\":[{\"moves\":[{\"move\":\"Toxic\",\"id\":\"toxic\",\"pp\":16,\"maxpp\":16,\"target\":\"normal\",\"disabled\":false},{\"move\":\"Ice Beam\",\"id\":\"icebeam\",\"pp\":16,\"maxpp\":16,\"target\":\"normal\",\"disabled\":false},{\"move\":\"Earthquake\",\"id\":\"earthquake\",\"pp\":16,\"maxpp\":16,\"target\":\"allAdjacent\",\"disabled\":false},{\"move\":\"Recover\",\"id\":\"recover\",\"pp\":8,\"maxpp\":8,\"target\":\"self\",\"disabled\":false}]}],\"side\":{\"name\":\"p0y0137be9\",\"id\":\"p2\",\"pokemon\":[{\"ident\":\"p2: Quagsire\",\"details\":\"Quagsire, L84, M\",\"condition\":\"171/297\",\"active\":true,\"stats\":{\"atk\":191,\"def\":191,\"spa\":157,\"spd\":157,\"spe\":107},\"moves\":[\"toxic\",\"icebeam\",\"earthquake\",\"recover\"],\"baseAbility\":\"unaware\",\"item\":\"leftovers\",\"pokeball\":\"pokeball\",\"ability\":\"unaware\",\"commanding\":false,\"reviving\":false,\"teraType\":\"Poison\",\"terastallized\":\"\"},{\"ident\":\"p2: Okidogi\",\"details\":\"Okidogi, L77, M\",\"condition\":\"262/262\",\"active\":false,\"stats\":{\"atk\":242,\"def\":222,\"spa\":134,\"spd\":177,\"spe\":168},\"moves\":[\"drainpunch\",\"gunkshot\",\"knockoff\",\"highhorsepower\"],\"baseAbility\":\"toxicchain\",\"item\":\"assaultvest\",\"pokeball\":\"pokeball\",\"ability\":\"toxicchain\",\"commanding\":false,\"reviving\":false,\"teraType\":\"Dark\",\"terastallized\":\"\"},{\"ident\":\"p2: Whimsicott\",\"details\":\"Whimsicott, L84, M\",\"condition\":\"238/238\",\"active\":false,\"stats\":{\"atk\":117,\"def\":191,\"spa\":178,\"spd\":174,\"spe\":243},\"moves\":[\"moonblast\",\"substitute\",\"leechseed\",\"encore\"],\"baseAbility\":\"prankster\",\"item\":\"leftovers\",\"pokeball\":\"pokeball\",\"ability\":\"prankster\",\"commanding\":false,\"reviving\":false,\"teraType\":\"Steel\",\"terastallized\":\"\"},{\"ident\":\"p2: Rotom\",\"details\":\"Rotom-Wash, L82\",\"condition\":\"29/216\",\"active\":false,\"stats\":{\"atk\":111,\"def\":223,\"spa\":219,\"spd\":223,\"spe\":188},\"moves\":[\"painsplit\",\"hydropump\",\"nastyplot\",\"thunderbolt\"],\"baseAbility\":\"levitate\",\"item\":\"leftovers\",\"pokeball\":\"pokeball\",\"ability\":\"levitate\",\"commanding\":false,\"reviving\":false,\"teraType\":\"Steel\",\"terastallized\":\"\"},{\"ident\":\"p2: Perrserker\",\"details\":\"Perrserker, L89, F\",\"condition\":\"269/269\",\"active\":false,\"stats\":{\"atk\":247,\"def\":229,\"spa\":140,\"spd\":158,\"spe\":140},\"moves\":[\"ironhead\",\"uturn\",\"closecombat\",\"stealthrock\"],\"baseAbility\":\"toughclaws\",\"item\":\"lifeorb\",\"pokeball\":\"pokeball\",\"ability\":\"toughclaws\",\"commanding\":false,\"reviving\":false,\"teraType\":\"Fighting\",\"terastallized\":\"\"},{\"ident\":\"p2: Mewtwo\",\"details\":\"Mewtwo, L72\",\"condition\":\"245/272\",\"active\":false,\"stats\":{\"atk\":163,\"def\":172,\"spa\":264,\"spd\":172,\"spe\":229},\"moves\":[\"nastyplot\",\"fireblast\",\"psystrike\",\"aurasphere\"],\"baseAbility\":\"unnerve\",\"item\":\"lifeorb\",\"pokeball\":\"pokeball\",\"ability\":\"unnerve\",\"commanding\":false,\"reviving\":false,\"teraType\":\"Fire\",\"terastallized\":\"Fire\"}]},\"rqid\":29}\n|inactive|Time left: 300 sec this turn | 300 sec total\n|\n|t:|1783391095\n|move|p1a: Swanna|Hydro Pump|p2a: Quagsire\n|-damage|p2a: Quagsire|27/297\n|move|p2a: Quagsire|Recover|p2a: Quagsire\n|-heal|p2a: Quagsire|176/297\n|\n|-heal|p2a: Quagsire|194/297|[from] item: Leftovers\n|upkeep\n|turn|11\n|request|{\"active\":[{\"moves\":[{\"move\":\"Toxic\",\"id\":\"toxic\",\"pp\":16,\"maxpp\":16,\"target\":\"normal\",\"disabled\":false},{\"move\":\"Ice Beam\",\"id\":\"icebeam\",\"pp\":16,\"maxpp\":16,\"target\":\"normal\",\"disabled\":false},{\"move\":\"Earthquake\",\"id\":\"earthquake\",\"pp\":16,\"maxpp\":16,\"target\":\"allAdjacent\",\"disabled\":false},{\"move\":\"Recover\",\"id\":\"recover\",\"pp\":7,\"maxpp\":8,\"target\":\"self\",\"disabled\":false}]}],\"side\":{\"name\":\"p0y0137be9\",\"id\":\"p2\",\"pokemon\":[{\"ident\":\"p2: Quagsire\",\"details\":\"Quagsire, L84, M\",\"condition\":\"194/297\",\"active\":true,\"stats\":{\"atk\":191,\"def\":191,\"spa\":157,\"spd\":157,\"spe\":107},\"moves\":[\"toxic\",\"icebeam\",\"earthquake\",\"recover\"],\"baseAbility\":\"unaware\",\"item\":\"leftovers\",\"pokeball\":\"pokeball\",\"ability\":\"unaware\",\"commanding\":false,\"reviving\":false,\"teraType\":\"Poison\",\"terastallized\":\"\"},{\"ident\":\"p2: Okidogi\",\"details\":\"Okidogi, L77, M\",\"condition\":\"262/262\",\"active\":false,\"stats\":{\"atk\":242,\"def\":222,\"spa\":134,\"spd\":177,\"spe\":168},\"moves\":[\"drainpunch\",\"gunkshot\",\"knockoff\",\"highhorsepower\"],\"baseAbility\":\"toxicchain\",\"item\":\"assaultvest\",\"pokeball\":\"pokeball\",\"ability\":\"toxicchain\",\"commanding\":false,\"reviving\":false,\"teraType\":\"Dark\",\"terastallized\":\"\"},{\"ident\":\"p2: Whimsicott\",\"details\":\"Whimsicott, L84, M\",\"condition\":\"238/238\",\"active\":false,\"stats\":{\"atk\":117,\"def\":191,\"spa\":178,\"spd\":174,\"spe\":243},\"moves\":[\"moonblast\",\"substitute\",\"leechseed\",\"encore\"],\"baseAbility\":\"prankster\",\"item\":\"leftovers\",\"pokeball\":\"pokeball\",\"ability\":\"prankster\",\"commanding\":false,\"reviving\":false,\"teraType\":\"Steel\",\"terastallized\":\"\"},{\"ident\":\"p2: Rotom\",\"details\":\"Rotom-Wash, L82\",\"condition\":\"29/216\",\"active\":false,\"stats\":{\"atk\":111,\"def\":223,\"spa\":219,\"spd\":223,\"spe\":188},\"moves\":[\"painsplit\",\"hydropump\",\"nastyplot\",\"thunderbolt\"],\"baseAbility\":\"levitate\",\"item\":\"leftovers\",\"pokeball\":\"pokeball\",\"ability\":\"levitate\",\"commanding\":false,\"reviving\":false,\"teraType\":\"Steel\",\"terastallized\":\"\"},{\"ident\":\"p2: Perrserker\",\"details\":\"Perrserker, L89, F\",\"condition\":\"269/269\",\"active\":false,\"stats\":{\"atk\":247,\"def\":229,\"spa\":140,\"spd\":158,\"spe\":140},\"moves\":[\"ironhead\",\"uturn\",\"closecombat\",\"stealthrock\"],\"baseAbility\":\"toughclaws\",\"item\":\"lifeorb\",\"pokeball\":\"pokeball\",\"ability\":\"toughclaws\",\"commanding\":false,\"reviving\":false,\"teraType\":\"Fighting\",\"terastallized\":\"\"},{\"ident\":\"p2: Mewtwo\",\"details\":\"Mewtwo, L72\",\"condition\":\"245/272\",\"active\":false,\"stats\":{\"atk\":163,\"def\":172,\"spa\":264,\"spd\":172,\"spe\":229},\"moves\":[\"nastyplot\",\"fireblast\",\"psystrike\",\"aurasphere\"],\"baseAbility\":\"unnerve\",\"item\":\"lifeorb\",\"pokeball\":\"pokeball\",\"ability\":\"unnerve\",\"commanding\":false,\"reviving\":false,\"teraType\":\"Fire\",\"terastallized\":\"Fire\"}]},\"rqid\":31}\n|inactive|Time left: 300 sec this turn | 300 sec total\n|\n|t:|1783391095\n|move|p1a: Swanna|Hydro Pump|p2a: Quagsire\n|-damage|p2a: Quagsire|38/297\n|move|p2a: Quagsire|Recover|p2a: Quagsire\n|-heal|p2a: Quagsire|187/297\n|\n|-heal|p2a: Quagsire|205/297|[from] item: Leftovers\n|upkeep\n|turn|12\n|request|{\"active\":[{\"moves\":[{\"move\":\"Toxic\",\"id\":\"toxic\",\"pp\":16,\"maxpp\":16,\"target\":\"normal\",\"disabled\":false},{\"move\":\"Ice Beam\",\"id\":\"icebeam\",\"pp\":16,\"maxpp\":16,\"target\":\"normal\",\"disabled\":false},{\"move\":\"Earthquake\",\"id\":\"earthquake\",\"pp\":16,\"maxpp\":16,\"target\":\"allAdjacent\",\"disabled\":false},{\"move\":\"Recover\",\"id\":\"recover\",\"pp\":6,\"maxpp\":8,\"target\":\"self\",\"disabled\":false}]}],\"side\":{\"name\":\"p0y0137be9\",\"id\":\"p2\",\"pokemon\":[{\"ident\":\"p2: Quagsire\",\"details\":\"Quagsire, L84, M\",\"condition\":\"205/297\",\"active\":true,\"stats\":{\"atk\":191,\"def\":191,\"spa\":157,\"spd\":157,\"spe\":107},\"moves\":[\"toxic\",\"icebeam\",\"earthquake\",\"recover\"],\"baseAbility\":\"unaware\",\"item\":\"leftovers\",\"pokeball\":\"pokeball\",\"ability\":\"unaware\",\"commanding\":false,\"reviving\":false,\"teraType\":\"Poison\",\"terastallized\":\"\"},{\"ident\":\"p2: Okidogi\",\"details\":\"Okidogi, L77, M\",\"condition\":\"262/262\",\"active\":false,\"stats\":{\"atk\":242,\"def\":222,\"spa\":134,\"spd\":177,\"spe\":168},\"moves\":[\"drainpunch\",\"gunkshot\",\"knockoff\",\"highhorsepower\"],\"baseAbility\":\"toxicchain\",\"item\":\"assaultvest\",\"pokeball\":\"pokeball\",\"ability\":\"toxicchain\",\"commanding\":false,\"reviving\":false,\"teraType\":\"Dark\",\"terastallized\":\"\"},{\"ident\":\"p2: Whimsicott\",\"details\":\"Whimsicott, L84, M\",\"condition\":\"238/238\",\"active\":false,\"stats\":{\"atk\":117,\"def\":191,\"spa\":178,\"spd\":174,\"spe\":243},\"moves\":[\"moonblast\",\"substitute\",\"leechseed\",\"encore\"],\"baseAbility\":\"prankster\",\"item\":\"leftovers\",\"pokeball\":\"pokeball\",\"ability\":\"prankster\",\"commanding\":false,\"reviving\":false,\"teraType\":\"Steel\",\"terastallized\":\"\"},{\"ident\":\"p2: Rotom\",\"details\":\"Rotom-Wash, L82\",\"condition\":\"29/216\",\"active\":false,\"stats\":{\"atk\":111,\"def\":223,\"spa\":219,\"spd\":223,\"spe\":188},\"moves\":[\"painsplit\",\"hydropump\",\"nastyplot\",\"thunderbolt\"],\"baseAbility\":\"levitate\",\"item\":\"leftovers\",\"pokeball\":\"pokeball\",\"ability\":\"levitate\",\"commanding\":false,\"reviving\":false,\"teraType\":\"Steel\",\"terastallized\":\"\"},{\"ident\":\"p2: Perrserker\",\"details\":\"Perrserker, L89, F\",\"condition\":\"269/269\",\"active\":false,\"stats\":{\"atk\":247,\"def\":229,\"spa\":140,\"spd\":158,\"spe\":140},\"moves\":[\"ironhead\",\"uturn\",\"closecombat\",\"stealthrock\"],\"baseAbility\":\"toughclaws\",\"item\":\"lifeorb\",\"pokeball\":\"pokeball\",\"ability\":\"toughclaws\",\"commanding\":false,\"reviving\":false,\"teraType\":\"Fighting\",\"terastallized\":\"\"},{\"ident\":\"p2: Mewtwo\",\"details\":\"Mewtwo, L72\",\"condition\":\"245/272\",\"active\":false,\"stats\":{\"atk\":163,\"def\":172,\"spa\":264,\"spd\":172,\"spe\":229},\"moves\":[\"nastyplot\",\"fireblast\",\"psystrike\",\"aurasphere\"],\"baseAbility\":\"unnerve\",\"item\":\"lifeorb\",\"pokeball\":\"pokeball\",\"ability\":\"unnerve\",\"commanding\":false,\"reviving\":false,\"teraType\":\"Fire\",\"terastallized\":\"Fire\"}]},\"rqid\":33}\n|inactive|Time left: 300 sec this turn | 300 sec total\n|\n|t:|1783391095\n|move|p1a: Swanna|Hydro Pump|p2a: Quagsire\n|-damage|p2a: Quagsire|55/297\n|move|p2a: Quagsire|Ice Beam|p1a: Swanna\n|-damage|p1a: Swanna|63/100\n|\n|-heal|p2a: Quagsire|73/297|[from] item: Leftovers\n|upkeep\n|turn|13\n|request|{\"active\":[{\"moves\":[{\"move\":\"Toxic\",\"id\":\"toxic\",\"pp\":16,\"maxpp\":16,\"target\":\"normal\",\"disabled\":false},{\"move\":\"Ice Beam\",\"id\":\"icebeam\",\"pp\":15,\"maxpp\":16,\"target\":\"normal\",\"disabled\":false},{\"move\":\"Earthquake\",\"id\":\"earthquake\",\"pp\":16,\"maxpp\":16,\"target\":\"allAdjacent\",\"disabled\":false},{\"move\":\"Recover\",\"id\":\"recover\",\"pp\":6,\"maxpp\":8,\"target\":\"self\",\"disabled\":false}]}],\"side\":{\"name\":\"p0y0137be9\",\"id\":\"p2\",\"pokemon\":[{\"ident\":\"p2: Quagsire\",\"details\":\"Quagsire, L84, M\",\"condition\":\"73/297\",\"active\":true,\"stats\":{\"atk\":191,\"def\":191,\"spa\":157,\"spd\":157,\"spe\":107},\"moves\":[\"toxic\",\"icebeam\",\"earthquake\",\"recover\"],\"baseAbility\":\"unaware\",\"item\":\"leftovers\",\"pokeball\":\"pokeball\",\"ability\":\"unaware\",\"commanding\":false,\"reviving\":false,\"teraType\":\"Poison\",\"terastallized\":\"\"},{\"ident\":\"p2: Okidogi\",\"details\":\"Okidogi, L77, M\",\"condition\":\"262/262\",\"active\":false,\"stats\":{\"atk\":242,\"def\":222,\"spa\":134,\"spd\":177,\"spe\":168},\"moves\":[\"drainpunch\",\"gunkshot\",\"knockoff\",\"highhorsepower\"],\"baseAbility\":\"toxicchain\",\"item\":\"assaultvest\",\"pokeball\":\"pokeball\",\"ability\":\"toxicchain\",\"commanding\":false,\"reviving\":false,\"teraType\":\"Dark\",\"terastallized\":\"\"},{\"ident\":\"p2: Whimsicott\",\"details\":\"Whimsicott, L84, M\",\"condition\":\"238/238\",\"active\":false,\"stats\":{\"atk\":117,\"def\":191,\"spa\":178,\"spd\":174,\"spe\":243},\"moves\":[\"moonblast\",\"substitute\",\"leechseed\",\"encore\"],\"baseAbility\":\"prankster\",\"item\":\"leftovers\",\"pokeball\":\"pokeball\",\"ability\":\"prankster\",\"commanding\":false,\"reviving\":false,\"teraType\":\"Steel\",\"terastallized\":\"\"},{\"ident\":\"p2: Rotom\",\"details\":\"Rotom-Wash, L82\",\"condition\":\"29/216\",\"active\":false,\"stats\":{\"atk\":111,\"def\":223,\"spa\":219,\"spd\":223,\"spe\":188},\"moves\":[\"painsplit\",\"hydropump\",\"nastyplot\",\"thunderbolt\"],\"baseAbility\":\"levitate\",\"item\":\"leftovers\",\"pokeball\":\"pokeball\",\"ability\":\"levitate\",\"commanding\":false,\"reviving\":false,\"teraType\":\"Steel\",\"terastallized\":\"\"},{\"ident\":\"p2: Perrserker\",\"details\":\"Perrserker, L89, F\",\"condition\":\"269/269\",\"active\":false,\"stats\":{\"atk\":247,\"def\":229,\"spa\":140,\"spd\":158,\"spe\":140},\"moves\":[\"ironhead\",\"uturn\",\"closecombat\",\"stealthrock\"],\"baseAbility\":\"toughclaws\",\"item\":\"lifeorb\",\"pokeball\":\"pokeball\",\"ability\":\"toughclaws\",\"commanding\":false,\"reviving\":false,\"teraType\":\"Fighting\",\"terastallized\":\"\"},{\"ident\":\"p2: Mewtwo\",\"details\":\"Mewtwo, L72\",\"condition\":\"245/272\",\"active\":false,\"stats\":{\"atk\":163,\"def\":172,\"spa\":264,\"spd\":172,\"spe\":229},\"moves\":[\"nastyplot\",\"fireblast\",\"psystrike\",\"aurasphere\"],\"baseAbility\":\"unnerve\",\"item\":\"lifeorb\",\"pokeball\":\"pokeball\",\"ability\":\"unnerve\",\"commanding\":false,\"reviving\":false,\"teraType\":\"Fire\",\"terastallized\":\"Fire\"}]},\"rqid\":35}\n|inactive|Time left: 300 sec this turn | 300 sec total\n|\n|t:|1783391096\n|move|p1a: Swanna|Brave Bird|p2a: Quagsire\n|-damage|p2a: Quagsire|0 fnt\n|faint|p2a: Quagsire\n|-damage|p1a: Swanna|54/100|[from] Recoil\n|\n|upkeep\n|request|{\"forceSwitch\":[true],\"side\":{\"name\":\"p0y0137be9\",\"id\":\"p2\",\"pokemon\":[{\"ident\":\"p2: Quagsire\",\"details\":\"Quagsire, L84, M\",\"condition\":\"0 fnt\",\"active\":true,\"stats\":{\"atk\":191,\"def\":191,\"spa\":157,\"spd\":157,\"spe\":107},\"moves\":[\"toxic\",\"icebeam\",\"earthquake\",\"recover\"],\"baseAbility\":\"unaware\",\"item\":\"leftovers\",\"pokeball\":\"pokeball\",\"ability\":\"unaware\",\"commanding\":false,\"reviving\":false,\"teraType\":\"Poison\",\"terastallized\":\"\"},{\"ident\":\"p2: Okidogi\",\"details\":\"Okidogi, L77, M\",\"condition\":\"262/262\",\"active\":false,\"stats\":{\"atk\":242,\"def\":222,\"spa\":134,\"spd\":177,\"spe\":168},\"moves\":[\"drainpunch\",\"gunkshot\",\"knockoff\",\"highhorsepower\"],\"baseAbility\":\"toxicchain\",\"item\":\"assaultvest\",\"pokeball\":\"pokeball\",\"ability\":\"toxicchain\",\"commanding\":false,\"reviving\":false,\"teraType\":\"Dark\",\"terastallized\":\"\"},{\"ident\":\"p2: Whimsicott\",\"details\":\"Whimsicott, L84, M\",\"condition\":\"238/238\",\"active\":false,\"stats\":{\"atk\":117,\"def\":191,\"spa\":178,\"spd\":174,\"spe\":243},\"moves\":[\"moonblast\",\"substitute\",\"leechseed\",\"encore\"],\"baseAbility\":\"prankster\",\"item\":\"leftovers\",\"pokeball\":\"pokeball\",\"ability\":\"prankster\",\"commanding\":false,\"reviving\":false,\"teraType\":\"Steel\",\"terastallized\":\"\"},{\"ident\":\"p2: Rotom\",\"details\":\"Rotom-Wash, L82\",\"condition\":\"29/216\",\"active\":false,\"stats\":{\"atk\":111,\"def\":223,\"spa\":219,\"spd\":223,\"spe\":188},\"moves\":[\"painsplit\",\"hydropump\",\"nastyplot\",\"thunderbolt\"],\"baseAbility\":\"levitate\",\"item\":\"leftovers\",\"pokeball\":\"pokeball\",\"ability\":\"levitate\",\"commanding\":false,\"reviving\":false,\"teraType\":\"Steel\",\"terastallized\":\"\"},{\"ident\":\"p2: Perrserker\",\"details\":\"Perrserker, L89, F\",\"condition\":\"269/269\",\"active\":false,\"stats\":{\"atk\":247,\"def\":229,\"spa\":140,\"spd\":158,\"spe\":140},\"moves\":[\"ironhead\",\"uturn\",\"closecombat\",\"stealthrock\"],\"baseAbility\":\"toughclaws\",\"item\":\"lifeorb\",\"pokeball\":\"pokeball\",\"ability\":\"toughclaws\",\"commanding\":false,\"reviving\":false,\"teraType\":\"Fighting\",\"terastallized\":\"\"},{\"ident\":\"p2: Mewtwo\",\"details\":\"Mewtwo, L72\",\"condition\":\"245/272\",\"active\":false,\"stats\":{\"atk\":163,\"def\":172,\"spa\":264,\"spd\":172,\"spe\":229},\"moves\":[\"nastyplot\",\"fireblast\",\"psystrike\",\"aurasphere\"],\"baseAbility\":\"unnerve\",\"item\":\"lifeorb\",\"pokeball\":\"pokeball\",\"ability\":\"unnerve\",\"commanding\":false,\"reviving\":false,\"teraType\":\"Fire\",\"terastallized\":\"Fire\"}]},\"noCancel\":true,\"rqid\":37}\n|inactive|Time left: 300 sec this turn | 300 sec total | 5 sec grace\n|\n|t:|1783391096\n|switch|p2a: Perrserker|Perrserker, L89, F|269/269\n|turn|14\n|request|{\"active\":[{\"moves\":[{\"move\":\"Iron Head\",\"id\":\"ironhead\",\"pp\":24,\"maxpp\":24,\"target\":\"normal\",\"disabled\":false},{\"move\":\"U-turn\",\"id\":\"uturn\",\"pp\":32,\"maxpp\":32,\"target\":\"normal\",\"disabled\":false},{\"move\":\"Close Combat\",\"id\":\"closecombat\",\"pp\":8,\"maxpp\":8,\"target\":\"normal\",\"disabled\":false},{\"move\":\"Stealth Rock\",\"id\":\"stealthrock\",\"pp\":32,\"maxpp\":32,\"target\":\"foeSide\",\"disabled\":false}]}],\"side\":{\"name\":\"p0y0137be9\",\"id\":\"p2\",\"pokemon\":[{\"ident\":\"p2: Perrserker\",\"details\":\"Perrserker, L89, F\",\"condition\":\"269/269\",\"active\":true,\"stats\":{\"atk\":247,\"def\":229,\"spa\":140,\"spd\":158,\"spe\":140},\"moves\":[\"ironhead\",\"uturn\",\"closecombat\",\"stealthrock\"],\"baseAbility\":\"toughclaws\",\"item\":\"lifeorb\",\"pokeball\":\"pokeball\",\"ability\":\"toughclaws\",\"commanding\":false,\"reviving\":false,\"teraType\":\"Fighting\",\"terastallized\":\"\"},{\"ident\":\"p2: Okidogi\",\"details\":\"Okidogi, L77, M\",\"condition\":\"262/262\",\"active\":false,\"stats\":{\"atk\":242,\"def\":222,\"spa\":134,\"spd\":177,\"spe\":168},\"moves\":[\"drainpunch\",\"gunkshot\",\"knockoff\",\"highhorsepower\"],\"baseAbility\":\"toxicchain\",\"item\":\"assaultvest\",\"pokeball\":\"pokeball\",\"ability\":\"toxicchain\",\"commanding\":false,\"reviving\":false,\"teraType\":\"Dark\",\"terastallized\":\"\"},{\"ident\":\"p2: Whimsicott\",\"details\":\"Whimsicott, L84, M\",\"condition\":\"238/238\",\"active\":false,\"stats\":{\"atk\":117,\"def\":191,\"spa\":178,\"spd\":174,\"spe\":243},\"moves\":[\"moonblast\",\"substitute\",\"leechseed\",\"encore\"],\"baseAbility\":\"prankster\",\"item\":\"leftovers\",\"pokeball\":\"pokeball\",\"ability\":\"prankster\",\"commanding\":false,\"reviving\":false,\"teraType\":\"Steel\",\"terastallized\":\"\"},{\"ident\":\"p2: Rotom\",\"details\":\"Rotom-Wash, L82\",\"condition\":\"29/216\",\"active\":false,\"stats\":{\"atk\":111,\"def\":223,\"spa\":219,\"spd\":223,\"spe\":188},\"moves\":[\"painsplit\",\"hydropump\",\"nastyplot\",\"thunderbolt\"],\"baseAbility\":\"levitate\",\"item\":\"leftovers\",\"pokeball\":\"pokeball\",\"ability\":\"levitate\",\"commanding\":false,\"reviving\":false,\"teraType\":\"Steel\",\"terastallized\":\"\"},{\"ident\":\"p2: Quagsire\",\"details\":\"Quagsire, L84, M\",\"condition\":\"0 fnt\",\"active\":false,\"stats\":{\"atk\":191,\"def\":191,\"spa\":157,\"spd\":157,\"spe\":107},\"moves\":[\"toxic\",\"icebeam\",\"earthquake\",\"recover\"],\"baseAbility\":\"unaware\",\"item\":\"leftovers\",\"pokeball\":\"pokeball\",\"ability\":\"unaware\",\"commanding\":false,\"reviving\":false,\"teraType\":\"Poison\",\"terastallized\":\"\"},{\"ident\":\"p2: Mewtwo\",\"details\":\"Mewtwo, L72\",\"condition\":\"245/272\",\"active\":false,\"stats\":{\"atk\":163,\"def\":172,\"spa\":264,\"spd\":172,\"spe\":229},\"moves\":[\"nastyplot\",\"fireblast\",\"psystrike\",\"aurasphere\"],\"baseAbility\":\"unnerve\",\"item\":\"lifeorb\",\"pokeball\":\"pokeball\",\"ability\":\"unnerve\",\"commanding\":false,\"reviving\":false,\"teraType\":\"Fire\",\"terastallized\":\"Fire\"}]},\"rqid\":39}\n|inactive|Time left: 300 sec this turn | 300 sec total\n|\n|t:|1783391096\n|move|p1a: Swanna|Roost|p1a: Swanna\n|-heal|p1a: Swanna|100/100\n|-singleturn|p1a: Swanna|move: Roost\n|move|p2a: Perrserker|Iron Head|p1a: Swanna\n|-resisted|p1a: Swanna\n|-damage|p1a: Swanna|61/100\n|-damage|p2a: Perrserker|243/269|[from] item: Life Orb\n|\n|upkeep\n|turn|15\n|request|{\"active\":[{\"moves\":[{\"move\":\"Iron Head\",\"id\":\"ironhead\",\"pp\":23,\"maxpp\":24,\"target\":\"normal\",\"disabled\":false},{\"move\":\"U-turn\",\"id\":\"uturn\",\"pp\":32,\"maxpp\":32,\"target\":\"normal\",\"disabled\":false},{\"move\":\"Close Combat\",\"id\":\"closecombat\",\"pp\":8,\"maxpp\":8,\"target\":\"normal\",\"disabled\":false},{\"move\":\"Stealth Rock\",\"id\":\"stealthrock\",\"pp\":32,\"maxpp\":32,\"target\":\"foeSide\",\"disabled\":false}]}],\"side\":{\"name\":\"p0y0137be9\",\"id\":\"p2\",\"pokemon\":[{\"ident\":\"p2: Perrserker\",\"details\":\"Perrserker, L89, F\",\"condition\":\"243/269\",\"active\":true,\"stats\":{\"atk\":247,\"def\":229,\"spa\":140,\"spd\":158,\"spe\":140},\"moves\":[\"ironhead\",\"uturn\",\"closecombat\",\"stealthrock\"],\"baseAbility\":\"toughclaws\",\"item\":\"lifeorb\",\"pokeball\":\"pokeball\",\"ability\":\"toughclaws\",\"commanding\":false,\"reviving\":false,\"teraType\":\"Fighting\",\"terastallized\":\"\"},{\"ident\":\"p2: Okidogi\",\"details\":\"Okidogi, L77, M\",\"condition\":\"262/262\",\"active\":false,\"stats\":{\"atk\":242,\"def\":222,\"spa\":134,\"spd\":177,\"spe\":168},\"moves\":[\"drainpunch\",\"gunkshot\",\"knockoff\",\"highhorsepower\"],\"baseAbility\":\"toxicchain\",\"item\":\"assaultvest\",\"pokeball\":\"pokeball\",\"ability\":\"toxicchain\",\"commanding\":false,\"reviving\":false,\"teraType\":\"Dark\",\"terastallized\":\"\"},{\"ident\":\"p2: Whimsicott\",\"details\":\"Whimsicott, L84, M\",\"condition\":\"238/238\",\"active\":false,\"stats\":{\"atk\":117,\"def\":191,\"spa\":178,\"spd\":174,\"spe\":243},\"moves\":[\"moonblast\",\"substitute\",\"leechseed\",\"encore\"],\"baseAbility\":\"prankster\",\"item\":\"leftovers\",\"pokeball\":\"pokeball\",\"ability\":\"prankster\",\"commanding\":false,\"reviving\":false,\"teraType\":\"Steel\",\"terastallized\":\"\"},{\"ident\":\"p2: Rotom\",\"details\":\"Rotom-Wash, L82\",\"condition\":\"29/216\",\"active\":false,\"stats\":{\"atk\":111,\"def\":223,\"spa\":219,\"spd\":223,\"spe\":188},\"moves\":[\"painsplit\",\"hydropump\",\"nastyplot\",\"thunderbolt\"],\"baseAbility\":\"levitate\",\"item\":\"leftovers\",\"pokeball\":\"pokeball\",\"ability\":\"levitate\",\"commanding\":false,\"reviving\":false,\"teraType\":\"Steel\",\"terastallized\":\"\"},{\"ident\":\"p2: Quagsire\",\"details\":\"Quagsire, L84, M\",\"condition\":\"0 fnt\",\"active\":false,\"stats\":{\"atk\":191,\"def\":191,\"spa\":157,\"spd\":157,\"spe\":107},\"moves\":[\"toxic\",\"icebeam\",\"earthquake\",\"recover\"],\"baseAbility\":\"unaware\",\"item\":\"leftovers\",\"pokeball\":\"pokeball\",\"ability\":\"unaware\",\"commanding\":false,\"reviving\":false,\"teraType\":\"Poison\",\"terastallized\":\"\"},{\"ident\":\"p2: Mewtwo\",\"details\":\"Mewtwo, L72\",\"condition\":\"245/272\",\"active\":false,\"stats\":{\"atk\":163,\"def\":172,\"spa\":264,\"spd\":172,\"spe\":229},\"moves\":[\"nastyplot\",\"fireblast\",\"psystrike\",\"aurasphere\"],\"baseAbility\":\"unnerve\",\"item\":\"lifeorb\",\"pokeball\":\"pokeball\",\"ability\":\"unnerve\",\"commanding\":false,\"reviving\":false,\"teraType\":\"Fire\",\"terastallized\":\"Fire\"}]},\"rqid\":41}\n|inactive|Time left: 300 sec this turn | 300 sec total\n|\n|t:|1783391096\n|move|p1a: Swanna|Hydro Pump|p2a: Perrserker\n|-damage|p2a: Perrserker|92/269\n|move|p2a: Perrserker|Iron Head|p1a: Swanna\n|-resisted|p1a: Swanna\n|-damage|p1a: Swanna|25/100\n|-damage|p2a: Perrserker|66/269|[from] item: Life Orb\n|\n|upkeep\n|turn|16\n|request|{\"active\":[{\"moves\":[{\"move\":\"Iron Head\",\"id\":\"ironhead\",\"pp\":22,\"maxpp\":24,\"target\":\"normal\",\"disabled\":false},{\"move\":\"U-turn\",\"id\":\"uturn\",\"pp\":32,\"maxpp\":32,\"target\":\"normal\",\"disabled\":false},{\"move\":\"Close Combat\",\"id\":\"closecombat\",\"pp\":8,\"maxpp\":8,\"target\":\"normal\",\"disabled\":false},{\"move\":\"Stealth Rock\",\"id\":\"stealthrock\",\"pp\":32,\"maxpp\":32,\"target\":\"foeSide\",\"disabled\":false}]}],\"side\":{\"name\":\"p0y0137be9\",\"id\":\"p2\",\"pokemon\":[{\"ident\":\"p2: Perrserker\",\"details\":\"Perrserker, L89, F\",\"condition\":\"66/269\",\"active\":true,\"stats\":{\"atk\":247,\"def\":229,\"spa\":140,\"spd\":158,\"spe\":140},\"moves\":[\"ironhead\",\"uturn\",\"closecombat\",\"stealthrock\"],\"baseAbility\":\"toughclaws\",\"item\":\"lifeorb\",\"pokeball\":\"pokeball\",\"ability\":\"toughclaws\",\"commanding\":false,\"reviving\":false,\"teraType\":\"Fighting\",\"terastallized\":\"\"},{\"ident\":\"p2: Okidogi\",\"details\":\"Okidogi, L77, M\",\"condition\":\"262/262\",\"active\":false,\"stats\":{\"atk\":242,\"def\":222,\"spa\":134,\"spd\":177,\"spe\":168},\"moves\":[\"drainpunch\",\"gunkshot\",\"knockoff\",\"highhorsepower\"],\"baseAbility\":\"toxicchain\",\"item\":\"assaultvest\",\"pokeball\":\"pokeball\",\"ability\":\"toxicchain\",\"commanding\":false,\"reviving\":false,\"teraType\":\"Dark\",\"terastallized\":\"\"},{\"ident\":\"p2: Whimsicott\",\"details\":\"Whimsicott, L84, M\",\"condition\":\"238/238\",\"active\":false,\"stats\":{\"atk\":117,\"def\":191,\"spa\":178,\"spd\":174,\"spe\":243},\"moves\":[\"moonblast\",\"substitute\",\"leechseed\",\"encore\"],\"baseAbility\":\"prankster\",\"item\":\"leftovers\",\"pokeball\":\"pokeball\",\"ability\":\"prankster\",\"commanding\":false,\"reviving\":false,\"teraType\":\"Steel\",\"terastallized\":\"\"},{\"ident\":\"p2: Rotom\",\"details\":\"Rotom-Wash, L82\",\"condition\":\"29/216\",\"active\":false,\"stats\":{\"atk\":111,\"def\":223,\"spa\":219,\"spd\":223,\"spe\":188},\"moves\":[\"painsplit\",\"hydropump\",\"nastyplot\",\"thunderbolt\"],\"baseAbility\":\"levitate\",\"item\":\"leftovers\",\"pokeball\":\"pokeball\",\"ability\":\"levitate\",\"commanding\":false,\"reviving\":false,\"teraType\":\"Steel\",\"terastallized\":\"\"},{\"ident\":\"p2: Quagsire\",\"details\":\"Quagsire, L84, M\",\"condition\":\"0 fnt\",\"active\":false,\"stats\":{\"atk\":191,\"def\":191,\"spa\":157,\"spd\":157,\"spe\":107},\"moves\":[\"toxic\",\"icebeam\",\"earthquake\",\"recover\"],\"baseAbility\":\"unaware\",\"item\":\"leftovers\",\"pokeball\":\"pokeball\",\"ability\":\"unaware\",\"commanding\":false,\"reviving\":false,\"teraType\":\"Poison\",\"terastallized\":\"\"},{\"ident\":\"p2: Mewtwo\",\"details\":\"Mewtwo, L72\",\"condition\":\"245/272\",\"active\":false,\"stats\":{\"atk\":163,\"def\":172,\"spa\":264,\"spd\":172,\"spe\":229},\"moves\":[\"nastyplot\",\"fireblast\",\"psystrike\",\"aurasphere\"],\"baseAbility\":\"unnerve\",\"item\":\"lifeorb\",\"pokeball\":\"pokeball\",\"ability\":\"unnerve\",\"commanding\":false,\"reviving\":false,\"teraType\":\"Fire\",\"terastallized\":\"Fire\"}]},\"rqid\":43}\n|inactive|Time left: 300 sec this turn | 300 sec total\n|\n|t:|1783391097\n|move|p1a: Swanna|Hydro Pump|p2a: Perrserker|[miss]\n|-miss|p1a: Swanna|p2a: Perrserker\n|move|p2a: Perrserker|Close Combat|p1a: Swanna\n|-resisted|p1a: Swanna\n|-damage|p1a: Swanna|0 fnt\n|-unboost|p2a: Perrserker|def|1\n|-unboost|p2a: Perrserker|spd|1\n|faint|p1a: Swanna\n|-damage|p2a: Perrserker|40/269|[from] item: Life Orb\n|\n|upkeep\n|request|{\"wait\":true,\"side\":{\"name\":\"p0y0137be9\",\"id\":\"p2\",\"pokemon\":[{\"ident\":\"p2: Perrserker\",\"details\":\"Perrserker, L89, F\",\"condition\":\"40/269\",\"active\":true,\"stats\":{\"atk\":247,\"def\":229,\"spa\":140,\"spd\":158,\"spe\":140},\"moves\":[\"ironhead\",\"uturn\",\"closecombat\",\"stealthrock\"],\"baseAbility\":\"toughclaws\",\"item\":\"lifeorb\",\"pokeball\":\"pokeball\",\"ability\":\"toughclaws\",\"commanding\":false,\"reviving\":false,\"teraType\":\"Fighting\",\"terastallized\":\"\"},{\"ident\":\"p2: Okidogi\",\"details\":\"Okidogi, L77, M\",\"condition\":\"262/262\",\"active\":false,\"stats\":{\"atk\":242,\"def\":222,\"spa\":134,\"spd\":177,\"spe\":168},\"moves\":[\"drainpunch\",\"gunkshot\",\"knockoff\",\"highhorsepower\"],\"baseAbility\":\"toxicchain\",\"item\":\"assaultvest\",\"pokeball\":\"pokeball\",\"ability\":\"toxicchain\",\"commanding\":false,\"reviving\":false,\"teraType\":\"Dark\",\"terastallized\":\"\"},{\"ident\":\"p2: Whimsicott\",\"details\":\"Whimsicott, L84, M\",\"condition\":\"238/238\",\"active\":false,\"stats\":{\"atk\":117,\"def\":191,\"spa\":178,\"spd\":174,\"spe\":243},\"moves\":[\"moonblast\",\"substitute\",\"leechseed\",\"encore\"],\"baseAbility\":\"prankster\",\"item\":\"leftovers\",\"pokeball\":\"pokeball\",\"ability\":\"prankster\",\"commanding\":false,\"reviving\":false,\"teraType\":\"Steel\",\"terastallized\":\"\"},{\"ident\":\"p2: Rotom\",\"details\":\"Rotom-Wash, L82\",\"condition\":\"29/216\",\"active\":false,\"stats\":{\"atk\":111,\"def\":223,\"spa\":219,\"spd\":223,\"spe\":188},\"moves\":[\"painsplit\",\"hydropump\",\"nastyplot\",\"thunderbolt\"],\"baseAbility\":\"levitate\",\"item\":\"leftovers\",\"pokeball\":\"pokeball\",\"ability\":\"levitate\",\"commanding\":false,\"reviving\":false,\"teraType\":\"Steel\",\"terastallized\":\"\"},{\"ident\":\"p2: Quagsire\",\"details\":\"Quagsire, L84, M\",\"condition\":\"0 fnt\",\"active\":false,\"stats\":{\"atk\":191,\"def\":191,\"spa\":157,\"spd\":157,\"spe\":107},\"moves\":[\"toxic\",\"icebeam\",\"earthquake\",\"recover\"],\"baseAbility\":\"unaware\",\"item\":\"leftovers\",\"pokeball\":\"pokeball\",\"ability\":\"unaware\",\"commanding\":false,\"reviving\":false,\"teraType\":\"Poison\",\"terastallized\":\"\"},{\"ident\":\"p2: Mewtwo\",\"details\":\"Mewtwo, L72\",\"condition\":\"245/272\",\"active\":false,\"stats\":{\"atk\":163,\"def\":172,\"spa\":264,\"spd\":172,\"spe\":229},\"moves\":[\"nastyplot\",\"fireblast\",\"psystrike\",\"aurasphere\"],\"baseAbility\":\"unnerve\",\"item\":\"lifeorb\",\"pokeball\":\"pokeball\",\"ability\":\"unnerve\",\"commanding\":false,\"reviving\":false,\"teraType\":\"Fire\",\"terastallized\":\"Fire\"}]},\"rqid\":45}\n|\n|t:|1783391097\n|switch|p1a: Minior|Minior-Blue, L79|100/100\n|-formechange|p1a: Minior|Minior-Meteor||[from] ability: Shields Down\n|turn|17\n|request|{\"active\":[{\"moves\":[{\"move\":\"Iron Head\",\"id\":\"ironhead\",\"pp\":22,\"maxpp\":24,\"target\":\"normal\",\"disabled\":false},{\"move\":\"U-turn\",\"id\":\"uturn\",\"pp\":32,\"maxpp\":32,\"target\":\"normal\",\"disabled\":false},{\"move\":\"Close Combat\",\"id\":\"closecombat\",\"pp\":7,\"maxpp\":8,\"target\":\"normal\",\"disabled\":false},{\"move\":\"Stealth Rock\",\"id\":\"stealthrock\",\"pp\":32,\"maxpp\":32,\"target\":\"foeSide\",\"disabled\":false}]}],\"side\":{\"name\":\"p0y0137be9\",\"id\":\"p2\",\"pokemon\":[{\"ident\":\"p2: Perrserker\",\"details\":\"Perrserker, L89, F\",\"condition\":\"40/269\",\"active\":true,\"stats\":{\"atk\":247,\"def\":229,\"spa\":140,\"spd\":158,\"spe\":140},\"moves\":[\"ironhead\",\"uturn\",\"closecombat\",\"stealthrock\"],\"baseAbility\":\"toughclaws\",\"item\":\"lifeorb\",\"pokeball\":\"pokeball\",\"ability\":\"toughclaws\",\"commanding\":false,\"reviving\":false,\"teraType\":\"Fighting\",\"terastallized\":\"\"},{\"ident\":\"p2: Okidogi\",\"details\":\"Okidogi, L77, M\",\"condition\":\"262/262\",\"active\":false,\"stats\":{\"atk\":242,\"def\":222,\"spa\":134,\"spd\":177,\"spe\":168},\"moves\":[\"drainpunch\",\"gunkshot\",\"knockoff\",\"highhorsepower\"],\"baseAbility\":\"toxicchain\",\"item\":\"assaultvest\",\"pokeball\":\"pokeball\",\"ability\":\"toxicchain\",\"commanding\":false,\"reviving\":false,\"teraType\":\"Dark\",\"terastallized\":\"\"},{\"ident\":\"p2: Whimsicott\",\"details\":\"Whimsicott, L84, M\",\"condition\":\"238/238\",\"active\":false,\"stats\":{\"atk\":117,\"def\":191,\"spa\":178,\"spd\":174,\"spe\":243},\"moves\":[\"moonblast\",\"substitute\",\"leechseed\",\"encore\"],\"baseAbility\":\"prankster\",\"item\":\"leftovers\",\"pokeball\":\"pokeball\",\"ability\":\"prankster\",\"commanding\":false,\"reviving\":false,\"teraType\":\"Steel\",\"terastallized\":\"\"},{\"ident\":\"p2: Rotom\",\"details\":\"Rotom-Wash, L82\",\"condition\":\"29/216\",\"active\":false,\"stats\":{\"atk\":111,\"def\":223,\"spa\":219,\"spd\":223,\"spe\":188},\"moves\":[\"painsplit\",\"hydropump\",\"nastyplot\",\"thunderbolt\"],\"baseAbility\":\"levitate\",\"item\":\"leftovers\",\"pokeball\":\"pokeball\",\"ability\":\"levitate\",\"commanding\":false,\"reviving\":false,\"teraType\":\"Steel\",\"terastallized\":\"\"},{\"ident\":\"p2: Quagsire\",\"details\":\"Quagsire, L84, M\",\"condition\":\"0 fnt\",\"active\":false,\"stats\":{\"atk\":191,\"def\":191,\"spa\":157,\"spd\":157,\"spe\":107},\"moves\":[\"toxic\",\"icebeam\",\"earthquake\",\"recover\"],\"baseAbility\":\"unaware\",\"item\":\"leftovers\",\"pokeball\":\"pokeball\",\"ability\":\"unaware\",\"commanding\":false,\"reviving\":false,\"teraType\":\"Poison\",\"terastallized\":\"\"},{\"ident\":\"p2: Mewtwo\",\"details\":\"Mewtwo, L72\",\"condition\":\"245/272\",\"active\":false,\"stats\":{\"atk\":163,\"def\":172,\"spa\":264,\"spd\":172,\"spe\":229},\"moves\":[\"nastyplot\",\"fireblast\",\"psystrike\",\"aurasphere\"],\"baseAbility\":\"unnerve\",\"item\":\"lifeorb\",\"pokeball\":\"pokeball\",\"ability\":\"unnerve\",\"commanding\":false,\"reviving\":false,\"teraType\":\"Fire\",\"terastallized\":\"Fire\"}]},\"rqid\":47}\n|inactive|Time left: 300 sec this turn | 300 sec total\n|\n|t:|1783391097\n|move|p1a: Minior|Shell Smash|p1a: Minior\n|-unboost|p1a: Minior|def|1\n|-unboost|p1a: Minior|spd|1\n|-boost|p1a: Minior|atk|2\n|-boost|p1a: Minior|spa|2\n|-boost|p1a: Minior|spe|2\n|-enditem|p1a: Minior|White Herb\n|-clearnegativeboost|p1a: Minior|[silent]\n|move|p2a: Perrserker|Iron Head|p1a: Minior\n|-supereffective|p1a: Minior\n|-damage|p1a: Minior|0 fnt\n|faint|p1a: Minior\n|-damage|p2a: Perrserker|14/269|[from] item: Life Orb\n|\n|win|p0y0137be9", "uploadtime": 1783391097, "views": 0, "rating": 0, "private": 0, "password": null, "_winner": "p0y0137be9", "_our_name": "p0y0137be9"}levitate\",\"item\":\"leftovers\",\"pokeball\":\"pokeball\",\"ability\":\"levitate\",\"commanding\":false,\"reviving\":false,\"teraType\":\"Fairy\",\"terastallized\":\"\"}]},\"rqid\":46}\n|inactive|Time left: 300 sec this turn | 300 sec total\n|\n|t:|1783391097\n|move|p1a: Minior|Shell Smash|p1a: Minior\n|-unboost|p1a: Minior|def|1\n|-unboost|p1a: Minior|spd|1\n|-boost|p1a: Minior|atk|2\n|-boost|p1a: Minior|spa|2\n|-boost|p1a: Minior|spe|2\n|-enditem|p1a: Minior|White Herb\n|-clearnegativeboost|p1a: Minior|[silent]\n|move|p2a: Perrserker|Iron Head|p1a: Minior\n|-supereffective|p1a: Minior\n|-damage|p1a: Minior|0 fnt\n|faint|p1a: Minior\n|-damage|p2a: Perrserker|6/100|[from] item: Life Orb\n|\n|win|p0y0137be9", "uploadtime": 1783391097, "views": 0, "rating": 0, "private": 0, "password": null, "_winner": "p0y0137be9", "_our_name": "p0x01363f8"}