{"id": "battle-gen9randombattle-281", "formatid": "gen9randombattle", "format": "[Gen 9] Random Battle", "players": ["p0x079c550", "p0y079e689"], "log": "|init|battle\n|title|p0x079c550 vs. p0y079e689\n|j|\u2606p0x079c550\n|j|\u2606p0y079e689\n|t:|1783392201\n|gametype|singles\n|player|p1|p0x079c550|170|\n|player|p2|p0y079e689|1|\n|gen|9\n|tier|[Gen 9] Random Battle\n|rule|Species Clause: Limit one of each Pok\u00e9mon\n|rule|HP Percentage Mod: HP is shown in percentages\n|rule|Sleep Clause Mod: Limit one foe put to sleep\n|rule|Illusion Level Mod: Illusion disguises the Pok\u00e9mon's true level\n|\n|t:|1783392201\n|teamsize|p1|6\n|teamsize|p2|6\n|start\n|switch|p1a: Milotic|Milotic, L83, M|100/100\n|switch|p2a: Blissey|Blissey, L85, F|572/572\n|turn|1\n|request|{\"active\":[{\"moves\":[{\"move\":\"Stealth Rock\",\"id\":\"stealthrock\",\"pp\":32,\"maxpp\":32,\"target\":\"foeSide\",\"disabled\":false},{\"move\":\"Soft-Boiled\",\"id\":\"softboiled\",\"pp\":8,\"maxpp\":8,\"target\":\"self\",\"disabled\":false},{\"move\":\"Thunder Wave\",\"id\":\"thunderwave\",\"pp\":32,\"maxpp\":32,\"target\":\"normal\",\"disabled\":false},{\"move\":\"Seismic Toss\",\"id\":\"seismictoss\",\"pp\":32,\"maxpp\":32,\"target\":\"normal\",\"disabled\":false}],\"canTerastallize\":\"Poison\"}],\"side\":{\"name\":\"p0y079e689\",\"id\":\"p2\",\"pokemon\":[{\"ident\":\"p2: Blissey\",\"details\":\"Blissey, L85, F\",\"condition\":\"572/572\",\"active\":true,\"stats\":{\"atk\":22,\"def\":66,\"spa\":176,\"spd\":278,\"spe\":142},\"moves\":[\"stealthrock\",\"softboiled\",\"thunderwave\",\"seismictoss\"],\"baseAbility\":\"naturalcure\",\"item\":\"leftovers\",\"pokeball\":\"pokeball\",\"ability\":\"naturalcure\",\"commanding\":false,\"reviving\":false,\"teraType\":\"Poison\",\"terastallized\":\"\"},{\"ident\":\"p2: Kilowattrel\",\"details\":\"Kilowattrel, L83, M\",\"condition\":\"252/252\",\"active\":false,\"stats\":{\"atk\":164,\"def\":147,\"spa\":222,\"spd\":147,\"spe\":255},\"moves\":[\"discharge\",\"uturn\",\"hurricane\",\"roost\"],\"baseAbility\":\"voltabsorb\",\"item\":\"heavydutyboots\",\"pokeball\":\"pokeball\",\"ability\":\"voltabsorb\",\"commanding\":false,\"reviving\":false,\"teraType\":\"Steel\",\"terastallized\":\"\"},{\"ident\":\"p2: Golurk\",\"details\":\"Golurk, L87\",\"condition\":\"297/297\",\"active\":false,\"stats\":{\"atk\":266,\"def\":189,\"spa\":145,\"spd\":189,\"spe\":145},\"moves\":[\"earthquake\",\"dynamicpunch\",\"stoneedge\",\"poltergeist\"],\"baseAbility\":\"noguard\",\"item\":\"choiceband\",\"pokeball\":\"pokeball\",\"ability\":\"noguard\",\"commanding\":false,\"reviving\":false,\"teraType\":\"Ghost\",\"terastallized\":\"\"},{\"ident\":\"p2: Clefable\",\"details\":\"Clefable, L83, M\",\"condition\":\"293/293\",\"active\":false,\"stats\":{\"atk\":121,\"def\":169,\"spa\":205,\"spd\":197,\"spe\":147},\"moves\":[\"moonblast\",\"calmmind\",\"moonlight\",\"fireblast\"],\"baseAbility\":\"magicguard\",\"item\":\"lifeorb\",\"pokeball\":\"pokeball\",\"ability\":\"magicguard\",\"commanding\":false,\"reviving\":false,\"teraType\":\"Steel\",\"terastallized\":\"\"},{\"ident\":\"p2: Goodra\",\"details\":\"Goodra-Hisui, L82, M\",\"condition\":\"265/265\",\"active\":false,\"stats\":{\"atk\":211,\"def\":211,\"spa\":228,\"spd\":293,\"spe\":146},\"moves\":[\"heavyslam\",\"earthquake\",\"dragontail\",\"dracometeor\"],\"baseAbility\":\"sapsipper\",\"item\":\"assaultvest\",\"pokeball\":\"pokeball\",\"ability\":\"sapsipper\",\"commanding\":false,\"reviving\":false,\"teraType\":\"Ground\",\"terastallized\":\"\"},{\"ident\":\"p2: Skuntank\",\"details\":\"Skuntank, L84, F\",\"condition\":\"310/310\",\"active\":false,\"stats\":{\"atk\":204,\"def\":161,\"spa\":167,\"spd\":151,\"spe\":189},\"moves\":[\"gunkshot\",\"knockoff\",\"taunt\",\"toxicspikes\"],\"baseAbility\":\"aftermath\",\"item\":\"leftovers\",\"pokeball\":\"pokeball\",\"ability\":\"aftermath\",\"commanding\":false,\"reviving\":false,\"teraType\":\"Poison\",\"terastallized\":\"\"}]},\"rqid\":3}\n|inactive|Battle timer is ON: inactive players will automatically lose when time's up. (requested by p0x079c550)\n|inactive|Time left: 300 sec this turn | 300 sec total | 60 sec grace\n|html|<div class=\"message-error\">You must be registered to chat in temporary rooms (like battles).</div>You may register in the <button name=\"openOptions\"><i class=\"fa fa-cog\"></i> Options</button> menu.\n|inactive|p0y079e689 also wants the timer to be on.\n|\n|t:|1783392202\n|switch|p1a: Lycanroc|Lycanroc-Midnight, L89, M|100/100\n|move|p2a: Blissey|Stealth Rock|p1a: Lycanroc\n|-sidestart|p1: p0x079c550|move: Stealth Rock\n|\n|upkeep\n|turn|2\n|request|{\"active\":[{\"moves\":[{\"move\":\"Stealth Rock\",\"id\":\"stealthrock\",\"pp\":31,\"maxpp\":32,\"target\":\"foeSide\",\"disabled\":false},{\"move\":\"Soft-Boiled\",\"id\":\"softboiled\",\"pp\":8,\"maxpp\":8,\"target\":\"self\",\"disabled\":false},{\"move\":\"Thunder Wave\",\"id\":\"thunderwave\",\"pp\":32,\"maxpp\":32,\"target\":\"normal\",\"disabled\":false},{\"move\":\"Seismic Toss\",\"id\":\"seismictoss\",\"pp\":32,\"maxpp\":32,\"target\":\"normal\",\"disabled\":false}],\"canTerastallize\":\"Poison\"}],\"side\":{\"name\":\"p0y079e689\",\"id\":\"p2\",\"pokemon\":[{\"ident\":\"p2: Blissey\",\"details\":\"Blissey, L85, F\",\"condition\":\"572/572\",\"active\":true,\"stats\":{\"atk\":22,\"def\":66,\"spa\":176,\"spd\":278,\"spe\":142},\"moves\":[\"stealthrock\",\"softboiled\",\"thunderwave\",\"seismictoss\"],\"baseAbility\":\"naturalcure\",\"item\":\"leftovers\",\"pokeball\":\"pokeball\",\"ability\":\"naturalcure\",\"commanding\":false,\"reviving\":false,\"teraType\":\"Poison\",\"terastallized\":\"\"},{\"ident\":\"p2: Kilowattrel\",\"details\":\"Kilowattrel, L83, M\",\"condition\":\"252/252\",\"active\":false,\"stats\":{\"atk\":164,\"def\":147,\"spa\":222,\"spd\":147,\"spe\":255},\"moves\":[\"discharge\",\"uturn\",\"hurricane\",\"roost\"],\"baseAbility\":\"voltabsorb\",\"item\":\"heavydutyboots\",\"pokeball\":\"pokeball\",\"ability\":\"voltabsorb\",\"commanding\":false,\"reviving\":false,\"teraType\":\"Steel\",\"terastallized\":\"\"},{\"ident\":\"p2: Golurk\",\"details\":\"Golurk, L87\",\"condition\":\"297/297\",\"active\":false,\"stats\":{\"atk\":266,\"def\":189,\"spa\":145,\"spd\":189,\"spe\":145},\"moves\":[\"earthquake\",\"dynamicpunch\",\"stoneedge\",\"poltergeist\"],\"baseAbility\":\"noguard\",\"item\":\"choiceband\",\"pokeball\":\"pokeball\",\"ability\":\"noguard\",\"commanding\":false,\"reviving\":false,\"teraType\":\"Ghost\",\"terastallized\":\"\"},{\"ident\":\"p2: Clefable\",\"details\":\"Clefable, L83, M\",\"condition\":\"293/293\",\"active\":false,\"stats\":{\"atk\":121,\"def\":169,\"spa\":205,\"spd\":197,\"spe\":147},\"moves\":[\"moonblast\",\"calmmind\",\"moonlight\",\"fireblast\"],\"baseAbility\":\"magicguard\",\"item\":\"lifeorb\",\"pokeball\":\"pokeball\",\"ability\":\"magicguard\",\"commanding\":false,\"reviving\":false,\"teraType\":\"Steel\",\"terastallized\":\"\"},{\"ident\":\"p2: Goodra\",\"details\":\"Goodra-Hisui, L82, M\",\"condition\":\"265/265\",\"active\":false,\"stats\":{\"atk\":211,\"def\":211,\"spa\":228,\"spd\":293,\"spe\":146},\"moves\":[\"heavyslam\",\"earthquake\",\"dragontail\",\"dracometeor\"],\"baseAbility\":\"sapsipper\",\"item\":\"assaultvest\",\"pokeball\":\"pokeball\",\"ability\":\"sapsipper\",\"commanding\":false,\"reviving\":false,\"teraType\":\"Ground\",\"terastallized\":\"\"},{\"ident\":\"p2: Skuntank\",\"details\":\"Skuntank, L84, F\",\"condition\":\"310/310\",\"active\":false,\"stats\":{\"atk\":204,\"def\":161,\"spa\":167,\"spd\":151,\"spe\":189},\"moves\":[\"gunkshot\",\"knockoff\",\"taunt\",\"toxicspikes\"],\"baseAbility\":\"aftermath\",\"item\":\"leftovers\",\"pokeball\":\"pokeball\",\"ability\":\"aftermath\",\"commanding\":false,\"reviving\":false,\"teraType\":\"Poison\",\"terastallized\":\"\"}]},\"rqid\":5}\n|inactive|Time left: 300 sec this turn | 300 sec total\n|\n|t:|1783392202\n|switch|p2a: Golurk|Golurk, L87|297/297\n|move|p1a: Lycanroc|Stone Edge|p2a: Golurk\n|-resisted|p2a: Golurk\n|-damage|p2a: Golurk|197/297\n|\n|upkeep\n|turn|3\n|request|{\"active\":[{\"moves\":[{\"move\":\"Earthquake\",\"id\":\"earthquake\",\"pp\":16,\"maxpp\":16,\"target\":\"allAdjacent\",\"disabled\":false},{\"move\":\"Dynamic Punch\",\"id\":\"dynamicpunch\",\"pp\":8,\"maxpp\":8,\"target\":\"normal\",\"disabled\":false},{\"move\":\"Stone Edge\",\"id\":\"stoneedge\",\"pp\":8,\"maxpp\":8,\"target\":\"normal\",\"disabled\":false},{\"move\":\"Poltergeist\",\"id\":\"poltergeist\",\"pp\":8,\"maxpp\":8,\"target\":\"normal\",\"disabled\":false}],\"canTerastallize\":\"Ghost\"}],\"side\":{\"name\":\"p0y079e689\",\"id\":\"p2\",\"pokemon\":[{\"ident\":\"p2: Golurk\",\"details\":\"Golurk, L87\",\"condition\":\"197/297\",\"active\":true,\"stats\":{\"atk\":266,\"def\":189,\"spa\":145,\"spd\":189,\"spe\":145},\"moves\":[\"earthquake\",\"dynamicpunch\",\"stoneedge\",\"poltergeist\"],\"baseAbility\":\"noguard\",\"item\":\"choiceband\",\"pokeball\":\"pokeball\",\"ability\":\"noguard\",\"commanding\":false,\"reviving\":false,\"teraType\":\"Ghost\",\"terastallized\":\"\"},{\"ident\":\"p2: Kilowattrel\",\"details\":\"Kilowattrel, L83, M\",\"condition\":\"252/252\",\"active\":false,\"stats\":{\"atk\":164,\"def\":147,\"spa\":222,\"spd\":147,\"spe\":255},\"moves\":[\"discharge\",\"uturn\",\"hurricane\",\"roost\"],\"baseAbility\":\"voltabsorb\",\"item\":\"heavydutyboots\",\"pokeball\":\"pokeball\",\"ability\":\"voltabsorb\",\"commanding\":false,\"reviving\":false,\"teraType\":\"Steel\",\"terastallized\":\"\"},{\"ident\":\"p2: Blissey\",\"details\":\"Blissey, L85, F\",\"condition\":\"572/572\",\"active\":false,\"stats\":{\"atk\":22,\"def\":66,\"spa\":176,\"spd\":278,\"spe\":142},\"moves\":[\"stealthrock\",\"softboiled\",\"thunderwave\",\"seismictoss\"],\"baseAbility\":\"naturalcure\",\"item\":\"leftovers\",\"pokeball\":\"pokeball\",\"ability\":\"naturalcure\",\"commanding\":false,\"reviving\":false,\"teraType\":\"Poison\",\"terastallized\":\"\"},{\"ident\":\"p2: Clefable\",\"details\":\"Clefable, L83, M\",\"condition\":\"293/293\",\"active\":false,\"stats\":{\"atk\":121,\"def\":169,\"spa\":205,\"spd\":197,\"spe\":147},\"moves\":[\"moonblast\",\"calmmind\",\"moonlight\",\"fireblast\"],\"baseAbility\":\"magicguard\",\"item\":\"lifeorb\",\"pokeball\":\"pokeball\",\"ability\":\"magicguard\",\"commanding\":false,\"reviving\":false,\"teraType\":\"Steel\",\"terastallized\":\"\"},{\"ident\":\"p2: Goodra\",\"details\":\"Goodra-Hisui, L82, M\",\"condition\":\"265/265\",\"active\":false,\"stats\":{\"atk\":211,\"def\":211,\"spa\":228,\"spd\":293,\"spe\":146},\"moves\":[\"heavyslam\",\"earthquake\",\"dragontail\",\"dracometeor\"],\"baseAbility\":\"sapsipper\",\"item\":\"assaultvest\",\"pokeball\":\"pokeball\",\"ability\":\"sapsipper\",\"commanding\":false,\"reviving\":false,\"teraType\":\"Ground\",\"terastallized\":\"\"},{\"ident\":\"p2: Skuntank\",\"details\":\"Skuntank, L84, F\",\"condition\":\"310/310\",\"active\":false,\"stats\":{\"atk\":204,\"def\":161,\"spa\":167,\"spd\":151,\"spe\":189},\"moves\":[\"gunkshot\",\"knockoff\",\"taunt\",\"toxicspikes\"],\"baseAbility\":\"aftermath\",\"item\":\"leftovers\",\"pokeball\":\"pokeball\",\"ability\":\"aftermath\",\"commanding\":false,\"reviving\":false,\"teraType\":\"Poison\",\"terastallized\":\"\"}]},\"rqid\":7}\n|inactive|Time left: 300 sec this turn | 300 sec total\n|\n|t:|1783392202\n|move|p1a: Lycanroc|Stone Edge|p2a: Golurk\n|-resisted|p2a: Golurk\n|-damage|p2a: Golurk|86/297\n|move|p2a: Golurk|Earthquake|p1a: Lycanroc\n|-supereffective|p1a: Lycanroc\n|-damage|p1a: Lycanroc|0 fnt\n|faint|p1a: Lycanroc\n|\n|upkeep\n|request|{\"wait\":true,\"side\":{\"name\":\"p0y079e689\",\"id\":\"p2\",\"pokemon\":[{\"ident\":\"p2: Golurk\",\"details\":\"Golurk, L87\",\"condition\":\"86/297\",\"active\":true,\"stats\":{\"atk\":266,\"def\":189,\"spa\":145,\"spd\":189,\"spe\":145},\"moves\":[\"earthquake\",\"dynamicpunch\",\"stoneedge\",\"poltergeist\"],\"baseAbility\":\"noguard\",\"item\":\"choiceband\",\"pokeball\":\"pokeball\",\"ability\":\"noguard\",\"commanding\":false,\"reviving\":false,\"teraType\":\"Ghost\",\"terastallized\":\"\"},{\"ident\":\"p2: Kilowattrel\",\"details\":\"Kilowattrel, L83, M\",\"condition\":\"252/252\",\"active\":false,\"stats\":{\"atk\":164,\"def\":147,\"spa\":222,\"spd\":147,\"spe\":255},\"moves\":[\"discharge\",\"uturn\",\"hurricane\",\"roost\"],\"baseAbility\":\"voltabsorb\",\"item\":\"heavydutyboots\",\"pokeball\":\"pokeball\",\"ability\":\"voltabsorb\",\"commanding\":false,\"reviving\":false,\"teraType\":\"Steel\",\"terastallized\":\"\"},{\"ident\":\"p2: Blissey\",\"details\":\"Blissey, L85, F\",\"condition\":\"572/572\",\"active\":false,\"stats\":{\"atk\":22,\"def\":66,\"spa\":176,\"spd\":278,\"spe\":142},\"moves\":[\"stealthrock\",\"softboiled\",\"thunderwave\",\"seismictoss\"],\"baseAbility\":\"naturalcure\",\"item\":\"leftovers\",\"pokeball\":\"pokeball\",\"ability\":\"naturalcure\",\"commanding\":false,\"reviving\":false,\"teraType\":\"Poison\",\"terastallized\":\"\"},{\"ident\":\"p2: Clefable\",\"details\":\"Clefable, L83, M\",\"condition\":\"293/293\",\"active\":false,\"stats\":{\"atk\":121,\"def\":169,\"spa\":205,\"spd\":197,\"spe\":147},\"moves\":[\"moonblast\",\"calmmind\",\"moonlight\",\"fireblast\"],\"baseAbility\":\"magicguard\",\"item\":\"lifeorb\",\"pokeball\":\"pokeball\",\"ability\":\"magicguard\",\"commanding\":false,\"reviving\":false,\"teraType\":\"Steel\",\"terastallized\":\"\"},{\"ident\":\"p2: Goodra\",\"details\":\"Goodra-Hisui, L82, M\",\"condition\":\"265/265\",\"active\":false,\"stats\":{\"atk\":211,\"def\":211,\"spa\":228,\"spd\":293,\"spe\":146},\"moves\":[\"heavyslam\",\"earthquake\",\"dragontail\",\"dracometeor\"],\"baseAbility\":\"sapsipper\",\"item\":\"assaultvest\",\"pokeball\":\"pokeball\",\"ability\":\"sapsipper\",\"commanding\":false,\"reviving\":false,\"teraType\":\"Ground\",\"terastallized\":\"\"},{\"ident\":\"p2: Skuntank\",\"details\":\"Skuntank, L84, F\",\"condition\":\"310/310\",\"active\":false,\"stats\":{\"atk\":204,\"def\":161,\"spa\":167,\"spd\":151,\"spe\":189},\"moves\":[\"gunkshot\",\"knockoff\",\"taunt\",\"toxicspikes\"],\"baseAbility\":\"aftermath\",\"item\":\"leftovers\",\"pokeball\":\"pokeball\",\"ability\":\"aftermath\",\"commanding\":false,\"reviving\":false,\"teraType\":\"Poison\",\"terastallized\":\"\"}]},\"rqid\":9}\n|\n|t:|1783392202\n|switch|p1a: Entei|Entei, L78|100/100\n|-damage|p1a: Entei|76/100|[from] Stealth Rock\n|turn|4\n|request|{\"active\":[{\"moves\":[{\"move\":\"Earthquake\",\"id\":\"earthquake\",\"pp\":15,\"maxpp\":16,\"target\":\"allAdjacent\",\"disabled\":false},{\"move\":\"Dynamic Punch\",\"id\":\"dynamicpunch\",\"pp\":8,\"maxpp\":8,\"target\":\"normal\",\"disabled\":true},{\"move\":\"Stone Edge\",\"id\":\"stoneedge\",\"pp\":8,\"maxpp\":8,\"target\":\"normal\",\"disabled\":true},{\"move\":\"Poltergeist\",\"id\":\"poltergeist\",\"pp\":8,\"maxpp\":8,\"target\":\"normal\",\"disabled\":true}],\"canTerastallize\":\"Ghost\"}],\"side\":{\"name\":\"p0y079e689\",\"id\":\"p2\",\"pokemon\":[{\"ident\":\"p2: Golurk\",\"details\":\"Golurk, L87\",\"condition\":\"86/297\",\"active\":true,\"stats\":{\"atk\":266,\"def\":189,\"spa\":145,\"spd\":189,\"spe\":145},\"moves\":[\"earthquake\",\"dynamicpunch\",\"stoneedge\",\"poltergeist\"],\"baseAbility\":\"noguard\",\"item\":\"choiceband\",\"pokeball\":\"pokeball\",\"ability\":\"noguard\",\"commanding\":false,\"reviving\":false,\"teraType\":\"Ghost\",\"terastallized\":\"\"},{\"ident\":\"p2: Kilowattrel\",\"details\":\"Kilowattrel, L83, M\",\"condition\":\"252/252\",\"active\":false,\"stats\":{\"atk\":164,\"def\":147,\"spa\":222,\"spd\":147,\"spe\":255},\"moves\":[\"discharge\",\"uturn\",\"hurricane\",\"roost\"],\"baseAbility\":\"voltabsorb\",\"item\":\"heavydutyboots\",\"pokeball\":\"pokeball\",\"ability\":\"voltabsorb\",\"commanding\":false,\"reviving\":false,\"teraType\":\"Steel\",\"terastallized\":\"\"},{\"ident\":\"p2: Blissey\",\"details\":\"Blissey, L85, F\",\"condition\":\"572/572\",\"active\":false,\"stats\":{\"atk\":22,\"def\":66,\"spa\":176,\"spd\":278,\"spe\":142},\"moves\":[\"stealthrock\",\"softboiled\",\"thunderwave\",\"seismictoss\"],\"baseAbility\":\"naturalcure\",\"item\":\"leftovers\",\"pokeball\":\"pokeball\",\"ability\":\"naturalcure\",\"commanding\":false,\"reviving\":false,\"teraType\":\"Poison\",\"terastallized\":\"\"},{\"ident\":\"p2: Clefable\",\"details\":\"Clefable, L83, M\",\"condition\":\"293/293\",\"active\":false,\"stats\":{\"atk\":121,\"def\":169,\"spa\":205,\"spd\":197,\"spe\":147},\"moves\":[\"moonblast\",\"calmmind\",\"moonlight\",\"fireblast\"],\"baseAbility\":\"magicguard\",\"item\":\"lifeorb\",\"pokeball\":\"pokeball\",\"ability\":\"magicguard\",\"commanding\":false,\"reviving\":false,\"teraType\":\"Steel\",\"terastallized\":\"\"},{\"ident\":\"p2: Goodra\",\"details\":\"Goodra-Hisui, L82, M\",\"condition\":\"265/265\",\"active\":false,\"stats\":{\"atk\":211,\"def\":211,\"spa\":228,\"spd\":293,\"spe\":146},\"moves\":[\"heavyslam\",\"earthquake\",\"dragontail\",\"dracometeor\"],\"baseAbility\":\"sapsipper\",\"item\":\"assaultvest\",\"pokeball\":\"pokeball\",\"ability\":\"sapsipper\",\"commanding\":false,\"reviving\":false,\"teraType\":\"Ground\",\"terastallized\":\"\"},{\"ident\":\"p2: Skuntank\",\"details\":\"Skuntank, L84, F\",\"condition\":\"310/310\",\"active\":false,\"stats\":{\"atk\":204,\"def\":161,\"spa\":167,\"spd\":151,\"spe\":189},\"moves\":[\"gunkshot\",\"knockoff\",\"taunt\",\"toxicspikes\"],\"baseAbility\":\"aftermath\",\"item\":\"leftovers\",\"pokeball\":\"pokeball\",\"ability\":\"aftermath\",\"commanding\":false,\"reviving\":false,\"teraType\":\"Poison\",\"terastallized\":\"\"}]},\"rqid\":11}\n|inactive|Time left: 300 sec this turn | 300 sec total\n|\n|t:|1783392203\n|move|p1a: Entei|Sacred Fire|p2a: Golurk\n|-damage|p2a: Golurk|0 fnt\n|faint|p2a: Golurk\n|\n|upkeep\n|request|{\"forceSwitch\":[true],\"side\":{\"name\":\"p0y079e689\",\"id\":\"p2\",\"pokemon\":[{\"ident\":\"p2: Golurk\",\"details\":\"Golurk, L87\",\"condition\":\"0 fnt\",\"active\":true,\"stats\":{\"atk\":266,\"def\":189,\"spa\":145,\"spd\":189,\"spe\":145},\"moves\":[\"earthquake\",\"dynamicpunch\",\"stoneedge\",\"poltergeist\"],\"baseAbility\":\"noguard\",\"item\":\"choiceband\",\"pokeball\":\"pokeball\",\"ability\":\"noguard\",\"commanding\":false,\"reviving\":false,\"teraType\":\"Ghost\",\"terastallized\":\"\"},{\"ident\":\"p2: Kilowattrel\",\"details\":\"Kilowattrel, L83, M\",\"condition\":\"252/252\",\"active\":false,\"stats\":{\"atk\":164,\"def\":147,\"spa\":222,\"spd\":147,\"spe\":255},\"moves\":[\"discharge\",\"uturn\",\"hurricane\",\"roost\"],\"baseAbility\":\"voltabsorb\",\"item\":\"heavydutyboots\",\"pokeball\":\"pokeball\",\"ability\":\"voltabsorb\",\"commanding\":false,\"reviving\":false,\"teraType\":\"Steel\",\"terastallized\":\"\"},{\"ident\":\"p2: Blissey\",\"details\":\"Blissey, L85, F\",\"condition\":\"572/572\",\"active\":false,\"stats\":{\"atk\":22,\"def\":66,\"spa\":176,\"spd\":278,\"spe\":142},\"moves\":[\"stealthrock\",\"softboiled\",\"thunderwave\",\"seismictoss\"],\"baseAbility\":\"naturalcure\",\"item\":\"leftovers\",\"pokeball\":\"pokeball\",\"ability\":\"naturalcure\",\"commanding\":false,\"reviving\":false,\"teraType\":\"Poison\",\"terastallized\":\"\"},{\"ident\":\"p2: Clefable\",\"details\":\"Clefable, L83, M\",\"condition\":\"293/293\",\"active\":false,\"stats\":{\"atk\":121,\"def\":169,\"spa\":205,\"spd\":197,\"spe\":147},\"moves\":[\"moonblast\",\"calmmind\",\"moonlight\",\"fireblast\"],\"baseAbility\":\"magicguard\",\"item\":\"lifeorb\",\"pokeball\":\"pokeball\",\"ability\":\"magicguard\",\"commanding\":false,\"reviving\":false,\"teraType\":\"Steel\",\"terastallized\":\"\"},{\"ident\":\"p2: Goodra\",\"details\":\"Goodra-Hisui, L82, M\",\"condition\":\"265/265\",\"active\":false,\"stats\":{\"atk\":211,\"def\":211,\"spa\":228,\"spd\":293,\"spe\":146},\"moves\":[\"heavyslam\",\"earthquake\",\"dragontail\",\"dracometeor\"],\"baseAbility\":\"sapsipper\",\"item\":\"assaultvest\",\"pokeball\":\"pokeball\",\"ability\":\"sapsipper\",\"commanding\":false,\"reviving\":false,\"teraType\":\"Ground\",\"terastallized\":\"\"},{\"ident\":\"p2: Skuntank\",\"details\":\"Skuntank, L84, F\",\"condition\":\"310/310\",\"active\":false,\"stats\":{\"atk\":204,\"def\":161,\"spa\":167,\"spd\":151,\"spe\":189},\"moves\":[\"gunkshot\",\"knockoff\",\"taunt\",\"toxicspikes\"],\"baseAbility\":\"aftermath\",\"item\":\"leftovers\",\"pokeball\":\"pokeball\",\"ability\":\"aftermath\",\"commanding\":false,\"reviving\":false,\"teraType\":\"Poison\",\"terastallized\":\"\"}]},\"noCancel\":true,\"rqid\":13}\n|inactive|Time left: 300 sec this turn | 300 sec total | 5 sec grace\n|\n|t:|1783392203\n|switch|p2a: Kilowattrel|Kilowattrel, L83, M|252/252\n|turn|5\n|request|{\"active\":[{\"moves\":[{\"move\":\"Discharge\",\"id\":\"discharge\",\"pp\":24,\"maxpp\":24,\"target\":\"allAdjacent\",\"disabled\":false},{\"move\":\"U-turn\",\"id\":\"uturn\",\"pp\":32,\"maxpp\":32,\"target\":\"normal\",\"disabled\":false},{\"move\":\"Hurricane\",\"id\":\"hurricane\",\"pp\":16,\"maxpp\":16,\"target\":\"any\",\"disabled\":false},{\"move\":\"Roost\",\"id\":\"roost\",\"pp\":8,\"maxpp\":8,\"target\":\"self\",\"disabled\":false}],\"canTerastallize\":\"Steel\"}],\"side\":{\"name\":\"p0y079e689\",\"id\":\"p2\",\"pokemon\":[{\"ident\":\"p2: Kilowattrel\",\"details\":\"Kilowattrel, L83, M\",\"condition\":\"252/252\",\"active\":true,\"stats\":{\"atk\":164,\"def\":147,\"spa\":222,\"spd\":147,\"spe\":255},\"moves\":[\"discharge\",\"uturn\",\"hurricane\",\"roost\"],\"baseAbility\":\"voltabsorb\",\"item\":\"heavydutyboots\",\"pokeball\":\"pokeball\",\"ability\":\"voltabsorb\",\"commanding\":false,\"reviving\":false,\"teraType\":\"Steel\",\"terastallized\":\"\"},{\"ident\":\"p2: Golurk\",\"details\":\"Golurk, L87\",\"condition\":\"0 fnt\",\"active\":false,\"stats\":{\"atk\":266,\"def\":189,\"spa\":145,\"spd\":189,\"spe\":145},\"moves\":[\"earthquake\",\"dynamicpunch\",\"stoneedge\",\"poltergeist\"],\"baseAbility\":\"noguard\",\"item\":\"choiceband\",\"pokeball\":\"pokeball\",\"ability\":\"noguard\",\"commanding\":false,\"reviving\":false,\"teraType\":\"Ghost\",\"terastallized\":\"\"},{\"ident\":\"p2: Blissey\",\"details\":\"Blissey, L85, F\",\"condition\":\"572/572\",\"active\":false,\"stats\":{\"atk\":22,\"def\":66,\"spa\":176,\"spd\":278,\"spe\":142},\"moves\":[\"stealthrock\",\"softboiled\",\"thunderwave\",\"seismictoss\"],\"baseAbility\":\"naturalcure\",\"item\":\"leftovers\",\"pokeball\":\"pokeball\",\"ability\":\"naturalcure\",\"commanding\":false,\"reviving\":false,\"teraType\":\"Poison\",\"terastallized\":\"\"},{\"ident\":\"p2: Clefable\",\"details\":\"Clefable, L83, M\",\"condition\":\"293/293\",\"active\":false,\"stats\":{\"atk\":121,\"def\":169,\"spa\":205,\"spd\":197,\"spe\":147},\"moves\":[\"moonblast\",\"calmmind\",\"moonlight\",\"fireblast\"],\"baseAbility\":\"magicguard\",\"item\":\"lifeorb\",\"pokeball\":\"pokeball\",\"ability\":\"magicguard\",\"commanding\":false,\"reviving\":false,\"teraType\":\"Steel\",\"terastallized\":\"\"},{\"ident\":\"p2: Goodra\",\"details\":\"Goodra-Hisui, L82, M\",\"condition\":\"265/265\",\"active\":false,\"stats\":{\"atk\":211,\"def\":211,\"spa\":228,\"spd\":293,\"spe\":146},\"moves\":[\"heavyslam\",\"earthquake\",\"dragontail\",\"dracometeor\"],\"baseAbility\":\"sapsipper\",\"item\":\"assaultvest\",\"pokeball\":\"pokeball\",\"ability\":\"sapsipper\",\"commanding\":false,\"reviving\":false,\"teraType\":\"Ground\",\"terastallized\":\"\"},{\"ident\":\"p2: Skuntank\",\"details\":\"Skuntank, L84, F\",\"condition\":\"310/310\",\"active\":false,\"stats\":{\"atk\":204,\"def\":161,\"spa\":167,\"spd\":151,\"spe\":189},\"moves\":[\"gunkshot\",\"knockoff\",\"taunt\",\"toxicspikes\"],\"baseAbility\":\"aftermath\",\"item\":\"leftovers\",\"pokeball\":\"pokeball\",\"ability\":\"aftermath\",\"commanding\":false,\"reviving\":false,\"teraType\":\"Poison\",\"terastallized\":\"\"}]},\"rqid\":15}\n|inactive|Time left: 300 sec this turn | 300 sec total\n|\n|t:|1783392203\n|move|p2a: Kilowattrel|Discharge|p1a: Entei\n|-damage|p1a: Entei|38/100\n|move|p1a: Entei|Sacred Fire|p2a: Kilowattrel\n|-damage|p2a: Kilowattrel|36/252\n|\n|upkeep\n|turn|6\n|request|{\"active\":[{\"moves\":[{\"move\":\"Discharge\",\"id\":\"discharge\",\"pp\":23,\"maxpp\":24,\"target\":\"allAdjacent\",\"disabled\":false},{\"move\":\"U-turn\",\"id\":\"uturn\",\"pp\":32,\"maxpp\":32,\"target\":\"normal\",\"disabled\":false},{\"move\":\"Hurricane\",\"id\":\"hurricane\",\"pp\":16,\"maxpp\":16,\"target\":\"any\",\"disabled\":false},{\"move\":\"Roost\",\"id\":\"roost\",\"pp\":8,\"maxpp\":8,\"target\":\"self\",\"disabled\":false}],\"canTerastallize\":\"Steel\"}],\"side\":{\"name\":\"p0y079e689\",\"id\":\"p2\",\"pokemon\":[{\"ident\":\"p2: Kilowattrel\",\"details\":\"Kilowattrel, L83, M\",\"condition\":\"36/252\",\"active\":true,\"stats\":{\"atk\":164,\"def\":147,\"spa\":222,\"spd\":147,\"spe\":255},\"moves\":[\"discharge\",\"uturn\",\"hurricane\",\"roost\"],\"baseAbility\":\"voltabsorb\",\"item\":\"heavydutyboots\",\"pokeball\":\"pokeball\",\"ability\":\"voltabsorb\",\"commanding\":false,\"reviving\":false,\"teraType\":\"Steel\",\"terastallized\":\"\"},{\"ident\":\"p2: Golurk\",\"details\":\"Golurk, L87\",\"condition\":\"0 fnt\",\"active\":false,\"stats\":{\"atk\":266,\"def\":189,\"spa\":145,\"spd\":189,\"spe\":145},\"moves\":[\"earthquake\",\"dynamicpunch\",\"stoneedge\",\"poltergeist\"],\"baseAbility\":\"noguard\",\"item\":\"choiceband\",\"pokeball\":\"pokeball\",\"ability\":\"noguard\",\"commanding\":false,\"reviving\":false,\"teraType\":\"Ghost\",\"terastallized\":\"\"},{\"ident\":\"p2: Blissey\",\"details\":\"Blissey, L85, F\",\"condition\":\"572/572\",\"active\":false,\"stats\":{\"atk\":22,\"def\":66,\"spa\":176,\"spd\":278,\"spe\":142},\"moves\":[\"stealthrock\",\"softboiled\",\"thunderwave\",\"seismictoss\"],\"baseAbility\":\"naturalcure\",\"item\":\"leftovers\",\"pokeball\":\"pokeball\",\"ability\":\"naturalcure\",\"commanding\":false,\"reviving\":false,\"teraType\":\"Poison\",\"terastallized\":\"\"},{\"ident\":\"p2: Clefable\",\"details\":\"Clefable, L83, M\",\"condition\":\"293/293\",\"active\":false,\"stats\":{\"atk\":121,\"def\":169,\"spa\":205,\"spd\":197,\"spe\":147},\"moves\":[\"moonblast\",\"calmmind\",\"moonlight\",\"fireblast\"],\"baseAbility\":\"magicguard\",\"item\":\"lifeorb\",\"pokeball\":\"pokeball\",\"ability\":\"magicguard\",\"commanding\":false,\"reviving\":false,\"teraType\":\"Steel\",\"terastallized\":\"\"},{\"ident\":\"p2: Goodra\",\"details\":\"Goodra-Hisui, L82, M\",\"condition\":\"265/265\",\"active\":false,\"stats\":{\"atk\":211,\"def\":211,\"spa\":228,\"spd\":293,\"spe\":146},\"moves\":[\"heavyslam\",\"earthquake\",\"dragontail\",\"dracometeor\"],\"baseAbility\":\"sapsipper\",\"item\":\"assaultvest\",\"pokeball\":\"pokeball\",\"ability\":\"sapsipper\",\"commanding\":false,\"reviving\":false,\"teraType\":\"Ground\",\"terastallized\":\"\"},{\"ident\":\"p2: Skuntank\",\"details\":\"Skuntank, L84, F\",\"condition\":\"310/310\",\"active\":false,\"stats\":{\"atk\":204,\"def\":161,\"spa\":167,\"spd\":151,\"spe\":189},\"moves\":[\"gunkshot\",\"knockoff\",\"taunt\",\"toxicspikes\"],\"baseAbility\":\"aftermath\",\"item\":\"leftovers\",\"pokeball\":\"pokeball\",\"ability\":\"aftermath\",\"commanding\":false,\"reviving\":false,\"teraType\":\"Poison\",\"terastallized\":\"\"}]},\"rqid\":17}\n|inactive|Time left: 300 sec this turn | 300 sec total\n|\n|t:|1783392203\n|move|p2a: Kilowattrel|Hurricane|p1a: Entei\n|-damage|p1a: Entei|0 fnt\n|faint|p1a: Entei\n|\n|upkeep\n|request|{\"wait\":true,\"side\":{\"name\":\"p0y079e689\",\"id\":\"p2\",\"pokemon\":[{\"ident\":\"p2: Kilowattrel\",\"details\":\"Kilowattrel, L83, M\",\"condition\":\"36/252\",\"active\":true,\"stats\":{\"atk\":164,\"def\":147,\"spa\":222,\"spd\":147,\"spe\":255},\"moves\":[\"discharge\",\"uturn\",\"hurricane\",\"roost\"],\"baseAbility\":\"voltabsorb\",\"item\":\"heavydutyboots\",\"pokeball\":\"pokeball\",\"ability\":\"voltabsorb\",\"commanding\":false,\"reviving\":false,\"teraType\":\"Steel\",\"terastallized\":\"\"},{\"ident\":\"p2: Golurk\",\"details\":\"Golurk, L87\",\"condition\":\"0 fnt\",\"active\":false,\"stats\":{\"atk\":266,\"def\":189,\"spa\":145,\"spd\":189,\"spe\":145},\"moves\":[\"earthquake\",\"dynamicpunch\",\"stoneedge\",\"poltergeist\"],\"baseAbility\":\"noguard\",\"item\":\"choiceband\",\"pokeball\":\"pokeball\",\"ability\":\"noguard\",\"commanding\":false,\"reviving\":false,\"teraType\":\"Ghost\",\"terastallized\":\"\"},{\"ident\":\"p2: Blissey\",\"details\":\"Blissey, L85, F\",\"condition\":\"572/572\",\"active\":false,\"stats\":{\"atk\":22,\"def\":66,\"spa\":176,\"spd\":278,\"spe\":142},\"moves\":[\"stealthrock\",\"softboiled\",\"thunderwave\",\"seismictoss\"],\"baseAbility\":\"naturalcure\",\"item\":\"leftovers\",\"pokeball\":\"pokeball\",\"ability\":\"naturalcure\",\"commanding\":false,\"reviving\":false,\"teraType\":\"Poison\",\"terastallized\":\"\"},{\"ident\":\"p2: Clefable\",\"details\":\"Clefable, L83, M\",\"condition\":\"293/293\",\"active\":false,\"stats\":{\"atk\":121,\"def\":169,\"spa\":205,\"spd\":197,\"spe\":147},\"moves\":[\"moonblast\",\"calmmind\",\"moonlight\",\"fireblast\"],\"baseAbility\":\"magicguard\",\"item\":\"lifeorb\",\"pokeball\":\"pokeball\",\"ability\":\"magicguard\",\"commanding\":false,\"reviving\":false,\"teraType\":\"Steel\",\"terastallized\":\"\"},{\"ident\":\"p2: Goodra\",\"details\":\"Goodra-Hisui, L82, M\",\"condition\":\"265/265\",\"active\":false,\"stats\":{\"atk\":211,\"def\":211,\"spa\":228,\"spd\":293,\"spe\":146},\"moves\":[\"heavyslam\",\"earthquake\",\"dragontail\",\"dracometeor\"],\"baseAbility\":\"sapsipper\",\"item\":\"assaultvest\",\"pokeball\":\"pokeball\",\"ability\":\"sapsipper\",\"commanding\":false,\"reviving\":false,\"teraType\":\"Ground\",\"terastallized\":\"\"},{\"ident\":\"p2: Skuntank\",\"details\":\"Skuntank, L84, F\",\"condition\":\"310/310\",\"active\":false,\"stats\":{\"atk\":204,\"def\":161,\"spa\":167,\"spd\":151,\"spe\":189},\"moves\":[\"gunkshot\",\"knockoff\",\"taunt\",\"toxicspikes\"],\"baseAbility\":\"aftermath\",\"item\":\"leftovers\",\"pokeball\":\"pokeball\",\"ability\":\"aftermath\",\"commanding\":false,\"reviving\":false,\"teraType\":\"Poison\",\"terastallized\":\"\"}]},\"rqid\":19}\n|\n|t:|1783392204\n|switch|p1a: Toedscruel|Toedscruel, L87, F|100/100\n|-damage|p1a: Toedscruel|94/100|[from] Stealth Rock\n|turn|7\n|request|{\"active\":[{\"moves\":[{\"move\":\"Discharge\",\"id\":\"discharge\",\"pp\":23,\"maxpp\":24,\"target\":\"allAdjacent\",\"disabled\":false},{\"move\":\"U-turn\",\"id\":\"uturn\",\"pp\":32,\"maxpp\":32,\"target\":\"normal\",\"disabled\":false},{\"move\":\"Hurricane\",\"id\":\"hurricane\",\"pp\":15,\"maxpp\":16,\"target\":\"any\",\"disabled\":false},{\"move\":\"Roost\",\"id\":\"roost\",\"pp\":8,\"maxpp\":8,\"target\":\"self\",\"disabled\":false}],\"canTerastallize\":\"Steel\"}],\"side\":{\"name\":\"p0y079e689\",\"id\":\"p2\",\"pokemon\":[{\"ident\":\"p2: Kilowattrel\",\"details\":\"Kilowattrel, L83, M\",\"condition\":\"36/252\",\"active\":true,\"stats\":{\"atk\":164,\"def\":147,\"spa\":222,\"spd\":147,\"spe\":255},\"moves\":[\"discharge\",\"uturn\",\"hurricane\",\"roost\"],\"baseAbility\":\"voltabsorb\",\"item\":\"heavydutyboots\",\"pokeball\":\"pokeball\",\"ability\":\"voltabsorb\",\"commanding\":false,\"reviving\":false,\"teraType\":\"Steel\",\"terastallized\":\"\"},{\"ident\":\"p2: Golurk\",\"details\":\"Golurk, L87\",\"condition\":\"0 fnt\",\"active\":false,\"stats\":{\"atk\":266,\"def\":189,\"spa\":145,\"spd\":189,\"spe\":145},\"moves\":[\"earthquake\",\"dynamicpunch\",\"stoneedge\",\"poltergeist\"],\"baseAbility\":\"noguard\",\"item\":\"choiceband\",\"pokeball\":\"pokeball\",\"ability\":\"noguard\",\"commanding\":false,\"reviving\":false,\"teraType\":\"Ghost\",\"terastallized\":\"\"},{\"ident\":\"p2: Blissey\",\"details\":\"Blissey, L85, F\",\"condition\":\"572/572\",\"active\":false,\"stats\":{\"atk\":22,\"def\":66,\"spa\":176,\"spd\":278,\"spe\":142},\"moves\":[\"stealthrock\",\"softboiled\",\"thunderwave\",\"seismictoss\"],\"baseAbility\":\"naturalcure\",\"item\":\"leftovers\",\"pokeball\":\"pokeball\",\"ability\":\"naturalcure\",\"commanding\":false,\"reviving\":false,\"teraType\":\"Poison\",\"terastallized\":\"\"},{\"ident\":\"p2: Clefable\",\"details\":\"Clefable, L83, M\",\"condition\":\"293/293\",\"active\":false,\"stats\":{\"atk\":121,\"def\":169,\"spa\":205,\"spd\":197,\"spe\":147},\"moves\":[\"moonblast\",\"calmmind\",\"moonlight\",\"fireblast\"],\"baseAbility\":\"magicguard\",\"item\":\"lifeorb\",\"pokeball\":\"pokeball\",\"ability\":\"magicguard\",\"commanding\":false,\"reviving\":false,\"teraType\":\"Steel\",\"terastallized\":\"\"},{\"ident\":\"p2: Goodra\",\"details\":\"Goodra-Hisui, L82, M\",\"condition\":\"265/265\",\"active\":false,\"stats\":{\"atk\":211,\"def\":211,\"spa\":228,\"spd\":293,\"spe\":146},\"moves\":[\"heavyslam\",\"earthquake\",\"dragontail\",\"dracometeor\"],\"baseAbility\":\"sapsipper\",\"item\":\"assaultvest\",\"pokeball\":\"pokeball\",\"ability\":\"sapsipper\",\"commanding\":false,\"reviving\":false,\"teraType\":\"Ground\",\"terastallized\":\"\"},{\"ident\":\"p2: Skuntank\",\"details\":\"Skuntank, L84, F\",\"condition\":\"310/310\",\"active\":false,\"stats\":{\"atk\":204,\"def\":161,\"spa\":167,\"spd\":151,\"spe\":189},\"moves\":[\"gunkshot\",\"knockoff\",\"taunt\",\"toxicspikes\"],\"baseAbility\":\"aftermath\",\"item\":\"leftovers\",\"pokeball\":\"pokeball\",\"ability\":\"aftermath\",\"commanding\":false,\"reviving\":false,\"teraType\":\"Poison\",\"terastallized\":\"\"}]},\"rqid\":21}\n|inactive|Time left: 300 sec this turn | 300 sec total\n|\n|t:|1783392204\n|move|p2a: Kilowattrel|U-turn|p1a: Toedscruel\n|-supereffective|p1a: Toedscruel\n|-damage|p1a: Toedscruel|62/100\n|request|{\"forceSwitch\":[true],\"side\":{\"name\":\"p0y079e689\",\"id\":\"p2\",\"pokemon\":[{\"ident\":\"p2: Kilowattrel\",\"details\":\"Kilowattrel, L83, M\",\"condition\":\"36/252\",\"active\":true,\"stats\":{\"atk\":164,\"def\":147,\"spa\":222,\"spd\":147,\"spe\":255},\"moves\":[\"discharge\",\"uturn\",\"hurricane\",\"roost\"],\"baseAbility\":\"voltabsorb\",\"item\":\"heavydutyboots\",\"pokeball\":\"pokeball\",\"ability\":\"voltabsorb\",\"commanding\":false,\"reviving\":false,\"teraType\":\"Steel\",\"terastallized\":\"\"},{\"ident\":\"p2: Golurk\",\"details\":\"Golurk, L87\",\"condition\":\"0 fnt\",\"active\":false,\"stats\":{\"atk\":266,\"def\":189,\"spa\":145,\"spd\":189,\"spe\":145},\"moves\":[\"earthquake\",\"dynamicpunch\",\"stoneedge\",\"poltergeist\"],\"baseAbility\":\"noguard\",\"item\":\"choiceband\",\"pokeball\":\"pokeball\",\"ability\":\"noguard\",\"commanding\":false,\"reviving\":false,\"teraType\":\"Ghost\",\"terastallized\":\"\"},{\"ident\":\"p2: Blissey\",\"details\":\"Blissey, L85, F\",\"condition\":\"572/572\",\"active\":false,\"stats\":{\"atk\":22,\"def\":66,\"spa\":176,\"spd\":278,\"spe\":142},\"moves\":[\"stealthrock\",\"softboiled\",\"thunderwave\",\"seismictoss\"],\"baseAbility\":\"naturalcure\",\"item\":\"leftovers\",\"pokeball\":\"pokeball\",\"ability\":\"naturalcure\",\"commanding\":false,\"reviving\":false,\"teraType\":\"Poison\",\"terastallized\":\"\"},{\"ident\":\"p2: Clefable\",\"details\":\"Clefable, L83, M\",\"condition\":\"293/293\",\"active\":false,\"stats\":{\"atk\":121,\"def\":169,\"spa\":205,\"spd\":197,\"spe\":147},\"moves\":[\"moonblast\",\"calmmind\",\"moonlight\",\"fireblast\"],\"baseAbility\":\"magicguard\",\"item\":\"lifeorb\",\"pokeball\":\"pokeball\",\"ability\":\"magicguard\",\"commanding\":false,\"reviving\":false,\"teraType\":\"Steel\",\"terastallized\":\"\"},{\"ident\":\"p2: Goodra\",\"details\":\"Goodra-Hisui, L82, M\",\"condition\":\"265/265\",\"active\":false,\"stats\":{\"atk\":211,\"def\":211,\"spa\":228,\"spd\":293,\"spe\":146},\"moves\":[\"heavyslam\",\"earthquake\",\"dragontail\",\"dracometeor\"],\"baseAbility\":\"sapsipper\",\"item\":\"assaultvest\",\"pokeball\":\"pokeball\",\"ability\":\"sapsipper\",\"commanding\":false,\"reviving\":false,\"teraType\":\"Ground\",\"terastallized\":\"\"},{\"ident\":\"p2: Skuntank\",\"details\":\"Skuntank, L84, F\",\"condition\":\"310/310\",\"active\":false,\"stats\":{\"atk\":204,\"def\":161,\"spa\":167,\"spd\":151,\"spe\":189},\"moves\":[\"gunkshot\",\"knockoff\",\"taunt\",\"toxicspikes\"],\"baseAbility\":\"aftermath\",\"item\":\"leftovers\",\"pokeball\":\"pokeball\",\"ability\":\"aftermath\",\"commanding\":false,\"reviving\":false,\"teraType\":\"Poison\",\"terastallized\":\"\"}]},\"noCancel\":true,\"rqid\":23}\n|inactive|Time left: 300 sec this turn | 300 sec total | 5 sec grace\n|\n|t:|1783392204\n|switch|p2a: Goodra|Goodra-Hisui, L82, M|265/265|[from] U-turn\n|move|p1a: Toedscruel|Rapid Spin|p2a: Goodra\n|-resisted|p2a: Goodra\n|-damage|p2a: Goodra|251/265\n|-boost|p1a: Toedscruel|spe|1\n|-sideend|p1: p0x079c550|Stealth Rock|[from] move: Rapid Spin|[of] p1a: Toedscruel\n|\n|-heal|p1a: Toedscruel|68/100|[from] item: Leftovers\n|upkeep\n|turn|8\n|request|{\"active\":[{\"moves\":[{\"move\":\"Heavy Slam\",\"id\":\"heavyslam\",\"pp\":16,\"maxpp\":16,\"target\":\"normal\",\"disabled\":false},{\"move\":\"Earthquake\",\"id\":\"earthquake\",\"pp\":16,\"maxpp\":16,\"target\":\"allAdjacent\",\"disabled\":false},{\"move\":\"Dragon Tail\",\"id\":\"dragontail\",\"pp\":16,\"maxpp\":16,\"target\":\"normal\",\"disabled\":false},{\"move\":\"Draco Meteor\",\"id\":\"dracometeor\",\"pp\":8,\"maxpp\":8,\"target\":\"normal\",\"disabled\":false}],\"canTerastallize\":\"Ground\"}],\"side\":{\"name\":\"p0y079e689\",\"id\":\"p2\",\"pokemon\":[{\"ident\":\"p2: Goodra\",\"details\":\"Goodra-Hisui, L82, M\",\"condition\":\"251/265\",\"active\":true,\"stats\":{\"atk\":211,\"def\":211,\"spa\":228,\"spd\":293,\"spe\":146},\"moves\":[\"heavyslam\",\"earthquake\",\"dragontail\",\"dracometeor\"],\"baseAbility\":\"sapsipper\",\"item\":\"assaultvest\",\"pokeball\":\"pokeball\",\"ability\":\"sapsipper\",\"commanding\":false,\"reviving\":false,\"teraType\":\"Ground\",\"terastallized\":\"\"},{\"ident\":\"p2: Golurk\",\"details\":\"Golurk, L87\",\"condition\":\"0 fnt\",\"active\":false,\"stats\":{\"atk\":266,\"def\":189,\"spa\":145,\"spd\":189,\"spe\":145},\"moves\":[\"earthquake\",\"dynamicpunch\",\"stoneedge\",\"poltergeist\"],\"baseAbility\":\"noguard\",\"item\":\"choiceband\",\"pokeball\":\"pokeball\",\"ability\":\"noguard\",\"commanding\":false,\"reviving\":false,\"teraType\":\"Ghost\",\"terastallized\":\"\"},{\"ident\":\"p2: Blissey\",\"details\":\"Blissey, L85, F\",\"condition\":\"572/572\",\"active\":false,\"stats\":{\"atk\":22,\"def\":66,\"spa\":176,\"spd\":278,\"spe\":142},\"moves\":[\"stealthrock\",\"softboiled\",\"thunderwave\",\"seismictoss\"],\"baseAbility\":\"naturalcure\",\"item\":\"leftovers\",\"pokeball\":\"pokeball\",\"ability\":\"naturalcure\",\"commanding\":false,\"reviving\":false,\"teraType\":\"Poison\",\"terastallized\":\"\"},{\"ident\":\"p2: Clefable\",\"details\":\"Clefable, L83, M\",\"condition\":\"293/293\",\"active\":false,\"stats\":{\"atk\":121,\"def\":169,\"spa\":205,\"spd\":197,\"spe\":147},\"moves\":[\"moonblast\",\"calmmind\",\"moonlight\",\"fireblast\"],\"baseAbility\":\"magicguard\",\"item\":\"lifeorb\",\"pokeball\":\"pokeball\",\"ability\":\"magicguard\",\"commanding\":false,\"reviving\":false,\"teraType\":\"Steel\",\"terastallized\":\"\"},{\"ident\":\"p2: Kilowattrel\",\"details\":\"Kilowattrel, L83, M\",\"condition\":\"36/252\",\"active\":false,\"stats\":{\"atk\":164,\"def\":147,\"spa\":222,\"spd\":147,\"spe\":255},\"moves\":[\"discharge\",\"uturn\",\"hurricane\",\"roost\"],\"baseAbility\":\"voltabsorb\",\"item\":\"heavydutyboots\",\"pokeball\":\"pokeball\",\"ability\":\"voltabsorb\",\"commanding\":false,\"reviving\":false,\"teraType\":\"Steel\",\"terastallized\":\"\"},{\"ident\":\"p2: Skuntank\",\"details\":\"Skuntank, L84, F\",\"condition\":\"310/310\",\"active\":false,\"stats\":{\"atk\":204,\"def\":161,\"spa\":167,\"spd\":151,\"spe\":189},\"moves\":[\"gunkshot\",\"knockoff\",\"taunt\",\"toxicspikes\"],\"baseAbility\":\"aftermath\",\"item\":\"leftovers\",\"pokeball\":\"pokeball\",\"ability\":\"aftermath\",\"commanding\":false,\"reviving\":false,\"teraType\":\"Poison\",\"terastallized\":\"\"}]},\"rqid\":25}\n|inactive|Time left: 300 sec this turn | 300 sec total\n|\n|t:|1783392204\n|move|p2a: Goodra|Heavy Slam|p1a: Toedscruel\n|-crit|p1a: Toedscruel\n|-damage|p1a: Toedscruel|0 fnt\n|faint|p1a: Toedscruel\n|\n|upkeep\n|request|{\"wait\":true,\"side\":{\"name\":\"p0y079e689\",\"id\":\"p2\",\"pokemon\":[{\"ident\":\"p2: Goodra\",\"details\":\"Goodra-Hisui, L82, M\",\"condition\":\"251/265\",\"active\":true,\"stats\":{\"atk\":211,\"def\":211,\"spa\":228,\"spd\":293,\"spe\":146},\"moves\":[\"heavyslam\",\"earthquake\",\"dragontail\",\"dracometeor\"],\"baseAbility\":\"sapsipper\",\"item\":\"assaultvest\",\"pokeball\":\"pokeball\",\"ability\":\"sapsipper\",\"commanding\":false,\"reviving\":false,\"teraType\":\"Ground\",\"terastallized\":\"\"},{\"ident\":\"p2: Golurk\",\"details\":\"Golurk, L87\",\"condition\":\"0 fnt\",\"active\":false,\"stats\":{\"atk\":266,\"def\":189,\"spa\":145,\"spd\":189,\"spe\":145},\"moves\":[\"earthquake\",\"dynamicpunch\",\"stoneedge\",\"poltergeist\"],\"baseAbility\":\"noguard\",\"item\":\"choiceband\",\"pokeball\":\"pokeball\",\"ability\":\"noguard\",\"commanding\":false,\"reviving\":false,\"teraType\":\"Ghost\",\"terastallized\":\"\"},{\"ident\":\"p2: Blissey\",\"details\":\"Blissey, L85, F\",\"condition\":\"572/572\",\"active\":false,\"stats\":{\"atk\":22,\"def\":66,\"spa\":176,\"spd\":278,\"spe\":142},\"moves\":[\"stealthrock\",\"softboiled\",\"thunderwave\",\"seismictoss\"],\"baseAbility\":\"naturalcure\",\"item\":\"leftovers\",\"pokeball\":\"pokeball\",\"ability\":\"naturalcure\",\"commanding\":false,\"reviving\":false,\"teraType\":\"Poison\",\"terastallized\":\"\"},{\"ident\":\"p2: Clefable\",\"details\":\"Clefable, L83, M\",\"condition\":\"293/293\",\"active\":false,\"stats\":{\"atk\":121,\"def\":169,\"spa\":205,\"spd\":197,\"spe\":147},\"moves\":[\"moonblast\",\"calmmind\",\"moonlight\",\"fireblast\"],\"baseAbility\":\"magicguard\",\"item\":\"lifeorb\",\"pokeball\":\"pokeball\",\"ability\":\"magicguard\",\"commanding\":false,\"reviving\":false,\"teraType\":\"Steel\",\"terastallized\":\"\"},{\"ident\":\"p2: Kilowattrel\",\"details\":\"Kilowattrel, L83, M\",\"condition\":\"36/252\",\"active\":false,\"stats\":{\"atk\":164,\"def\":147,\"spa\":222,\"spd\":147,\"spe\":255},\"moves\":[\"discharge\",\"uturn\",\"hurricane\",\"roost\"],\"baseAbility\":\"voltabsorb\",\"item\":\"heavydutyboots\",\"pokeball\":\"pokeball\",\"ability\":\"voltabsorb\",\"commanding\":false,\"reviving\":false,\"teraType\":\"Steel\",\"terastallized\":\"\"},{\"ident\":\"p2: Skuntank\",\"details\":\"Skuntank, L84, F\",\"condition\":\"310/310\",\"active\":false,\"stats\":{\"atk\":204,\"def\":161,\"spa\":167,\"spd\":151,\"spe\":189},\"moves\":[\"gunkshot\",\"knockoff\",\"taunt\",\"toxicspikes\"],\"baseAbility\":\"aftermath\",\"item\":\"leftovers\",\"pokeball\":\"pokeball\",\"ability\":\"aftermath\",\"commanding\":false,\"reviving\":false,\"teraType\":\"Poison\",\"terastallized\":\"\"}]},\"rqid\":27}\n|\n|t:|1783392205\n|switch|p1a: Muk|Muk, L86, M|100/100\n|turn|9\n|request|{\"active\":[{\"moves\":[{\"move\":\"Heavy Slam\",\"id\":\"heavyslam\",\"pp\":15,\"maxpp\":16,\"target\":\"normal\",\"disabled\":false},{\"move\":\"Earthquake\",\"id\":\"earthquake\",\"pp\":16,\"maxpp\":16,\"target\":\"allAdjacent\",\"disabled\":false},{\"move\":\"Dragon Tail\",\"id\":\"dragontail\",\"pp\":16,\"maxpp\":16,\"target\":\"normal\",\"disabled\":false},{\"move\":\"Draco Meteor\",\"id\":\"dracometeor\",\"pp\":8,\"maxpp\":8,\"target\":\"normal\",\"disabled\":false}],\"canTerastallize\":\"Ground\"}],\"side\":{\"name\":\"p0y079e689\",\"id\":\"p2\",\"pokemon\":[{\"ident\":\"p2: Goodra\",\"details\":\"Goodra-Hisui, L82, M\",\"condition\":\"251/265\",\"active\":true,\"stats\":{\"atk\":211,\"def\":211,\"spa\":228,\"spd\":293,\"spe\":146},\"moves\":[\"heavyslam\",\"earthquake\",\"dragontail\",\"dracometeor\"],\"baseAbility\":\"sapsipper\",\"item\":\"assaultvest\",\"pokeball\":\"pokeball\",\"ability\":\"sapsipper\",\"commanding\":false,\"reviving\":false,\"teraType\":\"Ground\",\"terastallized\":\"\"},{\"ident\":\"p2: Golurk\",\"details\":\"Golurk, L87\",\"condition\":\"0 fnt\",\"active\":false,\"stats\":{\"atk\":266,\"def\":189,\"spa\":145,\"spd\":189,\"spe\":145},\"moves\":[\"earthquake\",\"dynamicpunch\",\"stoneedge\",\"poltergeist\"],\"baseAbility\":\"noguard\",\"item\":\"choiceband\",\"pokeball\":\"pokeball\",\"ability\":\"noguard\",\"commanding\":false,\"reviving\":false,\"teraType\":\"Ghost\",\"terastallized\":\"\"},{\"ident\":\"p2: Blissey\",\"details\":\"Blissey, L85, F\",\"condition\":\"572/572\",\"active\":false,\"stats\":{\"atk\":22,\"def\":66,\"spa\":176,\"spd\":278,\"spe\":142},\"moves\":[\"stealthrock\",\"softboiled\",\"thunderwave\",\"seismictoss\"],\"baseAbility\":\"naturalcure\",\"item\":\"leftovers\",\"pokeball\":\"pokeball\",\"ability\":\"naturalcure\",\"commanding\":false,\"reviving\":false,\"teraType\":\"Poison\",\"terastallized\":\"\"},{\"ident\":\"p2: Clefable\",\"details\":\"Clefable, L83, M\",\"condition\":\"293/293\",\"active\":false,\"stats\":{\"atk\":121,\"def\":169,\"spa\":205,\"spd\":197,\"spe\":147},\"moves\":[\"moonblast\",\"calmmind\",\"moonlight\",\"fireblast\"],\"baseAbility\":\"magicguard\",\"item\":\"lifeorb\",\"pokeball\":\"pokeball\",\"ability\":\"magicguard\",\"commanding\":false,\"reviving\":false,\"teraType\":\"Steel\",\"terastallized\":\"\"},{\"ident\":\"p2: Kilowattrel\",\"details\":\"Kilowattrel, L83, M\",\"condition\":\"36/252\",\"active\":false,\"stats\":{\"atk\":164,\"def\":147,\"spa\":222,\"spd\":147,\"spe\":255},\"moves\":[\"discharge\",\"uturn\",\"hurricane\",\"roost\"],\"baseAbility\":\"voltabsorb\",\"item\":\"heavydutyboots\",\"pokeball\":\"pokeball\",\"ability\":\"voltabsorb\",\"commanding\":false,\"reviving\":false,\"teraType\":\"Steel\",\"terastallized\":\"\"},{\"ident\":\"p2: Skuntank\",\"details\":\"Skuntank, L84, F\",\"condition\":\"310/310\",\"active\":false,\"stats\":{\"atk\":204,\"def\":161,\"spa\":167,\"spd\":151,\"spe\":189},\"moves\":[\"gunkshot\",\"knockoff\",\"taunt\",\"toxicspikes\"],\"baseAbility\":\"aftermath\",\"item\":\"leftovers\",\"pokeball\":\"pokeball\",\"ability\":\"aftermath\",\"commanding\":false,\"reviving\":false,\"teraType\":\"Poison\",\"terastallized\":\"\"}]},\"rqid\":29}\n|inactive|Time left: 300 sec this turn | 300 sec total\n|\n|t:|1783392205\n|move|p2a: Goodra|Earthquake|p1a: Muk\n|-supereffective|p1a: Muk\n|-damage|p1a: Muk|54/100\n|move|p1a: Muk|Drain Punch|p2a: Goodra\n|-supereffective|p2a: Goodra\n|-damage|p2a: Goodra|137/265\n|-heal|p1a: Muk|72/100|[from] drain|[of] p2a: Goodra\n|\n|upkeep\n|turn|10\n|request|{\"active\":[{\"moves\":[{\"move\":\"Heavy Slam\",\"id\":\"heavyslam\",\"pp\":15,\"maxpp\":16,\"target\":\"normal\",\"disabled\":false},{\"move\":\"Earthquake\",\"id\":\"earthquake\",\"pp\":15,\"maxpp\":16,\"target\":\"allAdjacent\",\"disabled\":false},{\"move\":\"Dragon Tail\",\"id\":\"dragontail\",\"pp\":16,\"maxpp\":16,\"target\":\"normal\",\"disabled\":false},{\"move\":\"Draco Meteor\",\"id\":\"dracometeor\",\"pp\":8,\"maxpp\":8,\"target\":\"normal\",\"disabled\":false}],\"canTerastallize\":\"Ground\"}],\"side\":{\"name\":\"p0y079e689\",\"id\":\"p2\",\"pokemon\":[{\"ident\":\"p2: Goodra\",\"details\":\"Goodra-Hisui, L82, M\",\"condition\":\"137/265\",\"active\":true,\"stats\":{\"atk\":211,\"def\":211,\"spa\":228,\"spd\":293,\"spe\":146},\"moves\":[\"heavyslam\",\"earthquake\",\"dragontail\",\"dracometeor\"],\"baseAbility\":\"sapsipper\",\"item\":\"assaultvest\",\"pokeball\":\"pokeball\",\"ability\":\"sapsipper\",\"commanding\":false,\"reviving\":false,\"teraType\":\"Ground\",\"terastallized\":\"\"},{\"ident\":\"p2: Golurk\",\"details\":\"Golurk, L87\",\"condition\":\"0 fnt\",\"active\":false,\"stats\":{\"atk\":266,\"def\":189,\"spa\":145,\"spd\":189,\"spe\":145},\"moves\":[\"earthquake\",\"dynamicpunch\",\"stoneedge\",\"poltergeist\"],\"baseAbility\":\"noguard\",\"item\":\"choiceband\",\"pokeball\":\"pokeball\",\"ability\":\"noguard\",\"commanding\":false,\"reviving\":false,\"teraType\":\"Ghost\",\"terastallized\":\"\"},{\"ident\":\"p2: Blissey\",\"details\":\"Blissey, L85, F\",\"condition\":\"572/572\",\"active\":false,\"stats\":{\"atk\":22,\"def\":66,\"spa\":176,\"spd\":278,\"spe\":142},\"moves\":[\"stealthrock\",\"softboiled\",\"thunderwave\",\"seismictoss\"],\"baseAbility\":\"naturalcure\",\"item\":\"leftovers\",\"pokeball\":\"pokeball\",\"ability\":\"naturalcure\",\"commanding\":false,\"reviving\":false,\"teraType\":\"Poison\",\"terastallized\":\"\"},{\"ident\":\"p2: Clefable\",\"details\":\"Clefable, L83, M\",\"condition\":\"293/293\",\"active\":false,\"stats\":{\"atk\":121,\"def\":169,\"spa\":205,\"spd\":197,\"spe\":147},\"moves\":[\"moonblast\",\"calmmind\",\"moonlight\",\"fireblast\"],\"baseAbility\":\"magicguard\",\"item\":\"lifeorb\",\"pokeball\":\"pokeball\",\"ability\":\"magicguard\",\"commanding\":false,\"reviving\":false,\"teraType\":\"Steel\",\"terastallized\":\"\"},{\"ident\":\"p2: Kilowattrel\",\"details\":\"Kilowattrel, L83, M\",\"condition\":\"36/252\",\"active\":false,\"stats\":{\"atk\":164,\"def\":147,\"spa\":222,\"spd\":147,\"spe\":255},\"moves\":[\"discharge\",\"uturn\",\"hurricane\",\"roost\"],\"baseAbility\":\"voltabsorb\",\"item\":\"heavydutyboots\",\"pokeball\":\"pokeball\",\"ability\":\"voltabsorb\",\"commanding\":false,\"reviving\":false,\"teraType\":\"Steel\",\"terastallized\":\"\"},{\"ident\":\"p2: Skuntank\",\"details\":\"Skuntank, L84, F\",\"condition\":\"310/310\",\"active\":false,\"stats\":{\"atk\":204,\"def\":161,\"spa\":167,\"spd\":151,\"spe\":189},\"moves\":[\"gunkshot\",\"knockoff\",\"taunt\",\"toxicspikes\"],\"baseAbility\":\"aftermath\",\"item\":\"leftovers\",\"pokeball\":\"pokeball\",\"ability\":\"aftermath\",\"commanding\":false,\"reviving\":false,\"teraType\":\"Poison\",\"terastallized\":\"\"}]},\"rqid\":31}\n|inactive|Time left: 300 sec this turn | 300 sec total\n|\n|t:|1783392205\n|move|p2a: Goodra|Heavy Slam|p1a: Muk\n|-damage|p1a: Muk|30/100\n|move|p1a: Muk|Drain Punch|p2a: Goodra\n|-supereffective|p2a: Goodra\n|-damage|p2a: Goodra|27/265\n|-heal|p1a: Muk|48/100|[from] drain|[of] p2a: Goodra\n|\n|upkeep\n|turn|11\n|request|{\"active\":[{\"moves\":[{\"move\":\"Heavy Slam\",\"id\":\"heavyslam\",\"pp\":14,\"maxpp\":16,\"target\":\"normal\",\"disabled\":false},{\"move\":\"Earthquake\",\"id\":\"earthquake\",\"pp\":15,\"maxpp\":16,\"target\":\"allAdjacent\",\"disabled\":false},{\"move\":\"Dragon Tail\",\"id\":\"dragontail\",\"pp\":16,\"maxpp\":16,\"target\":\"normal\",\"disabled\":false},{\"move\":\"Draco Meteor\",\"id\":\"dracometeor\",\"pp\":8,\"maxpp\":8,\"target\":\"normal\",\"disabled\":false}],\"canTerastallize\":\"Ground\"}],\"side\":{\"name\":\"p0y079e689\",\"id\":\"p2\",\"pokemon\":[{\"ident\":\"p2: Goodra\",\"details\":\"Goodra-Hisui, L82, M\",\"condition\":\"27/265\",\"active\":true,\"stats\":{\"atk\":211,\"def\":211,\"spa\":228,\"spd\":293,\"spe\":146},\"moves\":[\"heavyslam\",\"earthquake\",\"dragontail\",\"dracometeor\"],\"baseAbility\":\"sapsipper\",\"item\":\"assaultvest\",\"pokeball\":\"pokeball\",\"ability\":\"sapsipper\",\"commanding\":false,\"reviving\":false,\"teraType\":\"Ground\",\"terastallized\":\"\"},{\"ident\":\"p2: Golurk\",\"details\":\"Golurk, L87\",\"condition\":\"0 fnt\",\"active\":false,\"stats\":{\"atk\":266,\"def\":189,\"spa\":145,\"spd\":189,\"spe\":145},\"moves\":[\"earthquake\",\"dynamicpunch\",\"stoneedge\",\"poltergeist\"],\"baseAbility\":\"noguard\",\"item\":\"choiceband\",\"pokeball\":\"pokeball\",\"ability\":\"noguard\",\"commanding\":false,\"reviving\":false,\"teraType\":\"Ghost\",\"terastallized\":\"\"},{\"ident\":\"p2: Blissey\",\"details\":\"Blissey, L85, F\",\"condition\":\"572/572\",\"active\":false,\"stats\":{\"atk\":22,\"def\":66,\"spa\":176,\"spd\":278,\"spe\":142},\"moves\":[\"stealthrock\",\"softboiled\",\"thunderwave\",\"seismictoss\"],\"baseAbility\":\"naturalcure\",\"item\":\"leftovers\",\"pokeball\":\"pokeball\",\"ability\":\"naturalcure\",\"commanding\":false,\"reviving\":false,\"teraType\":\"Poison\",\"terastallized\":\"\"},{\"ident\":\"p2: Clefable\",\"details\":\"Clefable, L83, M\",\"condition\":\"293/293\",\"active\":false,\"stats\":{\"atk\":121,\"def\":169,\"spa\":205,\"spd\":197,\"spe\":147},\"moves\":[\"moonblast\",\"calmmind\",\"moonlight\",\"fireblast\"],\"baseAbility\":\"magicguard\",\"item\":\"lifeorb\",\"pokeball\":\"pokeball\",\"ability\":\"magicguard\",\"commanding\":false,\"reviving\":false,\"teraType\":\"Steel\",\"terastallized\":\"\"},{\"ident\":\"p2: Kilowattrel\",\"details\":\"Kilowattrel, L83, M\",\"condition\":\"36/252\",\"active\":false,\"stats\":{\"atk\":164,\"def\":147,\"spa\":222,\"spd\":147,\"spe\":255},\"moves\":[\"discharge\",\"uturn\",\"hurricane\",\"roost\"],\"baseAbility\":\"voltabsorb\",\"item\":\"heavydutyboots\",\"pokeball\":\"pokeball\",\"ability\":\"voltabsorb\",\"commanding\":false,\"reviving\":false,\"teraType\":\"Steel\",\"terastallized\":\"\"},{\"ident\":\"p2: Skuntank\",\"details\":\"Skuntank, L84, F\",\"condition\":\"310/310\",\"active\":false,\"stats\":{\"atk\":204,\"def\":161,\"spa\":167,\"spd\":151,\"spe\":189},\"moves\":[\"gunkshot\",\"knockoff\",\"taunt\",\"toxicspikes\"],\"baseAbility\":\"aftermath\",\"item\":\"leftovers\",\"pokeball\":\"pokeball\",\"ability\":\"aftermath\",\"commanding\":false,\"reviving\":false,\"teraType\":\"Poison\",\"terastallized\":\"\"}]},\"rqid\":33}\n|inactive|Time left: 300 sec this turn | 300 sec total\n|\n|t:|1783392205\n|switch|p2a: Skuntank|Skuntank, L84, F|310/310\n|move|p1a: Muk|Shadow Sneak|p2a: Skuntank\n|-resisted|p2a: Skuntank\n|-damage|p2a: Skuntank|289/310\n|\n|-heal|p2a: Skuntank|308/310|[from] item: Leftovers\n|upkeep\n|turn|12\n|request|{\"active\":[{\"moves\":[{\"move\":\"Gunk Shot\",\"id\":\"gunkshot\",\"pp\":8,\"maxpp\":8,\"target\":\"normal\",\"disabled\":false},{\"move\":\"Knock Off\",\"id\":\"knockoff\",\"pp\":32,\"maxpp\":32,\"target\":\"normal\",\"disabled\":false},{\"move\":\"Taunt\",\"id\":\"taunt\",\"pp\":32,\"maxpp\":32,\"target\":\"normal\",\"disabled\":false},{\"move\":\"Toxic Spikes\",\"id\":\"toxicspikes\",\"pp\":32,\"maxpp\":32,\"target\":\"foeSide\",\"disabled\":false}],\"canTerastallize\":\"Poison\"}],\"side\":{\"name\":\"p0y079e689\",\"id\":\"p2\",\"pokemon\":[{\"ident\":\"p2: Skuntank\",\"details\":\"Skuntank, L84, F\",\"condition\":\"308/310\",\"active\":true,\"stats\":{\"atk\":204,\"def\":161,\"spa\":167,\"spd\":151,\"spe\":189},\"moves\":[\"gunkshot\",\"knockoff\",\"taunt\",\"toxicspikes\"],\"baseAbility\":\"aftermath\",\"item\":\"leftovers\",\"pokeball\":\"pokeball\",\"ability\":\"aftermath\",\"commanding\":false,\"reviving\":false,\"teraType\":\"Poison\",\"terastallized\":\"\"},{\"ident\":\"p2: Golurk\",\"details\":\"Golurk, L87\",\"condition\":\"0 fnt\",\"active\":false,\"stats\":{\"atk\":266,\"def\":189,\"spa\":145,\"spd\":189,\"spe\":145},\"moves\":[\"earthquake\",\"dynamicpunch\",\"stoneedge\",\"poltergeist\"],\"baseAbility\":\"noguard\",\"item\":\"choiceband\",\"pokeball\":\"pokeball\",\"ability\":\"noguard\",\"commanding\":false,\"reviving\":false,\"teraType\":\"Ghost\",\"terastallized\":\"\"},{\"ident\":\"p2: Blissey\",\"details\":\"Blissey, L85, F\",\"condition\":\"572/572\",\"active\":false,\"stats\":{\"atk\":22,\"def\":66,\"spa\":176,\"spd\":278,\"spe\":142},\"moves\":[\"stealthrock\",\"softboiled\",\"thunderwave\",\"seismictoss\"],\"baseAbility\":\"naturalcure\",\"item\":\"leftovers\",\"pokeball\":\"pokeball\",\"ability\":\"naturalcure\",\"commanding\":false,\"reviving\":false,\"teraType\":\"Poison\",\"terastallized\":\"\"},{\"ident\":\"p2: Clefable\",\"details\":\"Clefable, L83, M\",\"condition\":\"293/293\",\"active\":false,\"stats\":{\"atk\":121,\"def\":169,\"spa\":205,\"spd\":197,\"spe\":147},\"moves\":[\"moonblast\",\"calmmind\",\"moonlight\",\"fireblast\"],\"baseAbility\":\"magicguard\",\"item\":\"lifeorb\",\"pokeball\":\"pokeball\",\"ability\":\"magicguard\",\"commanding\":false,\"reviving\":false,\"teraType\":\"Steel\",\"terastallized\":\"\"},{\"ident\":\"p2: Kilowattrel\",\"details\":\"Kilowattrel, L83, M\",\"condition\":\"36/252\",\"active\":false,\"stats\":{\"atk\":164,\"def\":147,\"spa\":222,\"spd\":147,\"spe\":255},\"moves\":[\"discharge\",\"uturn\",\"hurricane\",\"roost\"],\"baseAbility\":\"voltabsorb\",\"item\":\"heavydutyboots\",\"pokeball\":\"pokeball\",\"ability\":\"voltabsorb\",\"commanding\":false,\"reviving\":false,\"teraType\":\"Steel\",\"terastallized\":\"\"},{\"ident\":\"p2: Goodra\",\"details\":\"Goodra-Hisui, L82, M\",\"condition\":\"27/265\",\"active\":false,\"stats\":{\"atk\":211,\"def\":211,\"spa\":228,\"spd\":293,\"spe\":146},\"moves\":[\"heavyslam\",\"earthquake\",\"dragontail\",\"dracometeor\"],\"baseAbility\":\"sapsipper\",\"item\":\"assaultvest\",\"pokeball\":\"pokeball\",\"ability\":\"sapsipper\",\"commanding\":false,\"reviving\":false,\"teraType\":\"Ground\",\"terastallized\":\"\"}]},\"rqid\":35}\n|inactive|Time left: 300 sec this turn | 300 sec total\n|\n|t:|1783392206\n|move|p2a: Skuntank|Knock Off|p1a: Muk\n|-damage|p1a: Muk|13/100\n|-enditem|p1a: Muk|Assault Vest|[from] move: Knock Off|[of] p2a: Skuntank\n|move|p1a: Muk|Drain Punch|p2a: Skuntank\n|-damage|p2a: Skuntank|235/310\n|-heal|p1a: Muk|24/100|[from] drain|[of] p2a: Skuntank\n|\n|-heal|p2a: Skuntank|254/310|[from] item: Leftovers\n|upkeep\n|turn|13\n|request|{\"active\":[{\"moves\":[{\"move\":\"Gunk Shot\",\"id\":\"gunkshot\",\"pp\":8,\"maxpp\":8,\"target\":\"normal\",\"disabled\":false},{\"move\":\"Knock Off\",\"id\":\"knockoff\",\"pp\":31,\"maxpp\":32,\"target\":\"normal\",\"disabled\":false},{\"move\":\"Taunt\",\"id\":\"taunt\",\"pp\":32,\"maxpp\":32,\"target\":\"normal\",\"disabled\":false},{\"move\":\"Toxic Spikes\",\"id\":\"toxicspikes\",\"pp\":32,\"maxpp\":32,\"target\":\"foeSide\",\"disabled\":false}],\"canTerastallize\":\"Poison\"}],\"side\":{\"name\":\"p0y079e689\",\"id\":\"p2\",\"pokemon\":[{\"ident\":\"p2: Skuntank\",\"details\":\"Skuntank, L84, F\",\"condition\":\"254/310\",\"active\":true,\"stats\":{\"atk\":204,\"def\":161,\"spa\":167,\"spd\":151,\"spe\":189},\"moves\":[\"gunkshot\",\"knockoff\",\"taunt\",\"toxicspikes\"],\"baseAbility\":\"aftermath\",\"item\":\"leftovers\",\"pokeball\":\"pokeball\",\"ability\":\"aftermath\",\"commanding\":false,\"reviving\":false,\"teraType\":\"Poison\",\"terastallized\":\"\"},{\"ident\":\"p2: Golurk\",\"details\":\"Golurk, L87\",\"condition\":\"0 fnt\",\"active\":false,\"stats\":{\"atk\":266,\"def\":189,\"spa\":145,\"spd\":189,\"spe\":145},\"moves\":[\"earthquake\",\"dynamicpunch\",\"stoneedge\",\"poltergeist\"],\"baseAbility\":\"noguard\",\"item\":\"choiceband\",\"pokeball\":\"pokeball\",\"ability\":\"noguard\",\"commanding\":false,\"reviving\":false,\"teraType\":\"Ghost\",\"terastallized\":\"\"},{\"ident\":\"p2: Blissey\",\"details\":\"Blissey, L85, F\",\"condition\":\"572/572\",\"active\":false,\"stats\":{\"atk\":22,\"def\":66,\"spa\":176,\"spd\":278,\"spe\":142},\"moves\":[\"stealthrock\",\"softboiled\",\"thunderwave\",\"seismictoss\"],\"baseAbility\":\"naturalcure\",\"item\":\"leftovers\",\"pokeball\":\"pokeball\",\"ability\":\"naturalcure\",\"commanding\":false,\"reviving\":false,\"teraType\":\"Poison\",\"terastallized\":\"\"},{\"ident\":\"p2: Clefable\",\"details\":\"Clefable, L83, M\",\"condition\":\"293/293\",\"active\":false,\"stats\":{\"atk\":121,\"def\":169,\"spa\":205,\"spd\":197,\"spe\":147},\"moves\":[\"moonblast\",\"calmmind\",\"moonlight\",\"fireblast\"],\"baseAbility\":\"magicguard\",\"item\":\"lifeorb\",\"pokeball\":\"pokeball\",\"ability\":\"magicguard\",\"commanding\":false,\"reviving\":false,\"teraType\":\"Steel\",\"terastallized\":\"\"},{\"ident\":\"p2: Kilowattrel\",\"details\":\"Kilowattrel, L83, M\",\"condition\":\"36/252\",\"active\":false,\"stats\":{\"atk\":164,\"def\":147,\"spa\":222,\"spd\":147,\"spe\":255},\"moves\":[\"discharge\",\"uturn\",\"hurricane\",\"roost\"],\"baseAbility\":\"voltabsorb\",\"item\":\"heavydutyboots\",\"pokeball\":\"pokeball\",\"ability\":\"voltabsorb\",\"commanding\":false,\"reviving\":false,\"teraType\":\"Steel\",\"terastallized\":\"\"},{\"ident\":\"p2: Goodra\",\"details\":\"Goodra-Hisui, L82, M\",\"condition\":\"27/265\",\"active\":false,\"stats\":{\"atk\":211,\"def\":211,\"spa\":228,\"spd\":293,\"spe\":146},\"moves\":[\"heavyslam\",\"earthquake\",\"dragontail\",\"dracometeor\"],\"baseAbility\":\"sapsipper\",\"item\":\"assaultvest\",\"pokeball\":\"pokeball\",\"ability\":\"sapsipper\",\"commanding\":false,\"reviving\":false,\"teraType\":\"Ground\",\"terastallized\":\"\"}]},\"rqid\":37}\n|inactive|Time left: 300 sec this turn | 300 sec total\n|\n|t:|1783392206\n|move|p2a: Skuntank|Knock Off|p1a: Muk\n|-damage|p1a: Muk|0 fnt\n|faint|p1a: Muk\n|\n|-heal|p2a: Skuntank|273/310|[from] item: Leftovers\n|upkeep\n|request|{\"wait\":true,\"side\":{\"name\":\"p0y079e689\",\"id\":\"p2\",\"pokemon\":[{\"ident\":\"p2: Skuntank\",\"details\":\"Skuntank, L84, F\",\"condition\":\"273/310\",\"active\":true,\"stats\":{\"atk\":204,\"def\":161,\"spa\":167,\"spd\":151,\"spe\":189},\"moves\":[\"gunkshot\",\"knockoff\",\"taunt\",\"toxicspikes\"],\"baseAbility\":\"aftermath\",\"item\":\"leftovers\",\"pokeball\":\"pokeball\",\"ability\":\"aftermath\",\"commanding\":false,\"reviving\":false,\"teraType\":\"Poison\",\"terastallized\":\"\"},{\"ident\":\"p2: Golurk\",\"details\":\"Golurk, L87\",\"condition\":\"0 fnt\",\"active\":false,\"stats\":{\"atk\":266,\"def\":189,\"spa\":145,\"spd\":189,\"spe\":145},\"moves\":[\"earthquake\",\"dynamicpunch\",\"stoneedge\",\"poltergeist\"],\"baseAbility\":\"noguard\",\"item\":\"choiceband\",\"pokeball\":\"pokeball\",\"ability\":\"noguard\",\"commanding\":false,\"reviving\":false,\"teraType\":\"Ghost\",\"terastallized\":\"\"},{\"ident\":\"p2: Blissey\",\"details\":\"Blissey, L85, F\",\"condition\":\"572/572\",\"active\":false,\"stats\":{\"atk\":22,\"def\":66,\"spa\":176,\"spd\":278,\"spe\":142},\"moves\":[\"stealthrock\",\"softboiled\",\"thunderwave\",\"seismictoss\"],\"baseAbility\":\"naturalcure\",\"item\":\"leftovers\",\"pokeball\":\"pokeball\",\"ability\":\"naturalcure\",\"commanding\":false,\"reviving\":false,\"teraType\":\"Poison\",\"terastallized\":\"\"},{\"ident\":\"p2: Clefable\",\"details\":\"Clefable, L83, M\",\"condition\":\"293/293\",\"active\":false,\"stats\":{\"atk\":121,\"def\":169,\"spa\":205,\"spd\":197,\"spe\":147},\"moves\":[\"moonblast\",\"calmmind\",\"moonlight\",\"fireblast\"],\"baseAbility\":\"magicguard\",\"item\":\"lifeorb\",\"pokeball\":\"pokeball\",\"ability\":\"magicguard\",\"commanding\":false,\"reviving\":false,\"teraType\":\"Steel\",\"terastallized\":\"\"},{\"ident\":\"p2: Kilowattrel\",\"details\":\"Kilowattrel, L83, M\",\"condition\":\"36/252\",\"active\":false,\"stats\":{\"atk\":164,\"def\":147,\"spa\":222,\"spd\":147,\"spe\":255},\"moves\":[\"discharge\",\"uturn\",\"hurricane\",\"roost\"],\"baseAbility\":\"voltabsorb\",\"item\":\"heavydutyboots\",\"pokeball\":\"pokeball\",\"ability\":\"voltabsorb\",\"commanding\":false,\"reviving\":false,\"teraType\":\"Steel\",\"terastallized\":\"\"},{\"ident\":\"p2: Goodra\",\"details\":\"Goodra-Hisui, L82, M\",\"condition\":\"27/265\",\"active\":false,\"stats\":{\"atk\":211,\"def\":211,\"spa\":228,\"spd\":293,\"spe\":146},\"moves\":[\"heavyslam\",\"earthquake\",\"dragontail\",\"dracometeor\"],\"baseAbility\":\"sapsipper\",\"item\":\"assaultvest\",\"pokeball\":\"pokeball\",\"ability\":\"sapsipper\",\"commanding\":false,\"reviving\":false,\"teraType\":\"Ground\",\"terastallized\":\"\"}]},\"rqid\":39}\n|\n|t:|1783392206\n|switch|p1a: Milotic|Milotic, L83, M|100/100\n|turn|14\n|request|{\"active\":[{\"moves\":[{\"move\":\"Gunk Shot\",\"id\":\"gunkshot\",\"pp\":8,\"maxpp\":8,\"target\":\"normal\",\"disabled\":false},{\"move\":\"Knock Off\",\"id\":\"knockoff\",\"pp\":30,\"maxpp\":32,\"target\":\"normal\",\"disabled\":false},{\"move\":\"Taunt\",\"id\":\"taunt\",\"pp\":32,\"maxpp\":32,\"target\":\"normal\",\"disabled\":false},{\"move\":\"Toxic Spikes\",\"id\":\"toxicspikes\",\"pp\":32,\"maxpp\":32,\"target\":\"foeSide\",\"disabled\":false}],\"canTerastallize\":\"Poison\"}],\"side\":{\"name\":\"p0y079e689\",\"id\":\"p2\",\"pokemon\":[{\"ident\":\"p2: Skuntank\",\"details\":\"Skuntank, L84, F\",\"condition\":\"273/310\",\"active\":true,\"stats\":{\"atk\":204,\"def\":161,\"spa\":167,\"spd\":151,\"spe\":189},\"moves\":[\"gunkshot\",\"knockoff\",\"taunt\",\"toxicspikes\"],\"baseAbility\":\"aftermath\",\"item\":\"leftovers\",\"pokeball\":\"pokeball\",\"ability\":\"aftermath\",\"commanding\":false,\"reviving\":false,\"teraType\":\"Poison\",\"terastallized\":\"\"},{\"ident\":\"p2: Golurk\",\"details\":\"Golurk, L87\",\"condition\":\"0 fnt\",\"active\":false,\"stats\":{\"atk\":266,\"def\":189,\"spa\":145,\"spd\":189,\"spe\":145},\"moves\":[\"earthquake\",\"dynamicpunch\",\"stoneedge\",\"poltergeist\"],\"baseAbility\":\"noguard\",\"item\":\"choiceband\",\"pokeball\":\"pokeball\",\"ability\":\"noguard\",\"commanding\":false,\"reviving\":false,\"teraType\":\"Ghost\",\"terastallized\":\"\"},{\"ident\":\"p2: Blissey\",\"details\":\"Blissey, L85, F\",\"condition\":\"572/572\",\"active\":false,\"stats\":{\"atk\":22,\"def\":66,\"spa\":176,\"spd\":278,\"spe\":142},\"moves\":[\"stealthrock\",\"softboiled\",\"thunderwave\",\"seismictoss\"],\"baseAbility\":\"naturalcure\",\"item\":\"leftovers\",\"pokeball\":\"pokeball\",\"ability\":\"naturalcure\",\"commanding\":false,\"reviving\":false,\"teraType\":\"Poison\",\"terastallized\":\"\"},{\"ident\":\"p2: Clefable\",\"details\":\"Clefable, L83, M\",\"condition\":\"293/293\",\"active\":false,\"stats\":{\"atk\":121,\"def\":169,\"spa\":205,\"spd\":197,\"spe\":147},\"moves\":[\"moonblast\",\"calmmind\",\"moonlight\",\"fireblast\"],\"baseAbility\":\"magicguard\",\"item\":\"lifeorb\",\"pokeball\":\"pokeball\",\"ability\":\"magicguard\",\"commanding\":false,\"reviving\":false,\"teraType\":\"Steel\",\"terastallized\":\"\"},{\"ident\":\"p2: Kilowattrel\",\"details\":\"Kilowattrel, L83, M\",\"condition\":\"36/252\",\"active\":false,\"stats\":{\"atk\":164,\"def\":147,\"spa\":222,\"spd\":147,\"spe\":255},\"moves\":[\"discharge\",\"uturn\",\"hurricane\",\"roost\"],\"baseAbility\":\"voltabsorb\",\"item\":\"heavydutyboots\",\"pokeball\":\"pokeball\",\"ability\":\"voltabsorb\",\"commanding\":false,\"reviving\":false,\"teraType\":\"Steel\",\"terastallized\":\"\"},{\"ident\":\"p2: Goodra\",\"details\":\"Goodra-Hisui, L82, M\",\"condition\":\"27/265\",\"active\":false,\"stats\":{\"atk\":211,\"def\":211,\"spa\":228,\"spd\":293,\"spe\":146},\"moves\":[\"heavyslam\",\"earthquake\",\"dragontail\",\"dracometeor\"],\"baseAbility\":\"sapsipper\",\"item\":\"assaultvest\",\"pokeball\":\"pokeball\",\"ability\":\"sapsipper\",\"commanding\":false,\"reviving\":false,\"teraType\":\"Ground\",\"terastallized\":\"\"}]},\"rqid\":41}\n|inactive|Time left: 300 sec this turn | 300 sec total\n|\n|t:|1783392206\n|move|p2a: Skuntank|Knock Off|p1a: Milotic\n|-damage|p1a: Milotic|66/100\n|-enditem|p1a: Milotic|Leftovers|[from] move: Knock Off|[of] p2a: Skuntank\n|move|p1a: Milotic|Scald|p2a: Skuntank\n|-damage|p2a: Skuntank|167/310\n|-status|p2a: Skuntank|brn\n|\n|-heal|p2a: Skuntank|186/310 brn|[from] item: Leftovers\n|-damage|p2a: Skuntank|167/310 brn|[from] brn\n|upkeep\n|turn|15\n|request|{\"active\":[{\"moves\":[{\"move\":\"Gunk Shot\",\"id\":\"gunkshot\",\"pp\":8,\"maxpp\":8,\"target\":\"normal\",\"disabled\":false},{\"move\":\"Knock Off\",\"id\":\"knockoff\",\"pp\":29,\"maxpp\":32,\"target\":\"normal\",\"disabled\":false},{\"move\":\"Taunt\",\"id\":\"taunt\",\"pp\":32,\"maxpp\":32,\"target\":\"normal\",\"disabled\":false},{\"move\":\"Toxic Spikes\",\"id\":\"toxicspikes\",\"pp\":32,\"maxpp\":32,\"target\":\"foeSide\",\"disabled\":false}],\"canTerastallize\":\"Poison\"}],\"side\":{\"name\":\"p0y079e689\",\"id\":\"p2\",\"pokemon\":[{\"ident\":\"p2: Skuntank\",\"details\":\"Skuntank, L84, F\",\"condition\":\"167/310 brn\",\"active\":true,\"stats\":{\"atk\":204,\"def\":161,\"spa\":167,\"spd\":151,\"spe\":189},\"moves\":[\"gunkshot\",\"knockoff\",\"taunt\",\"toxicspikes\"],\"baseAbility\":\"aftermath\",\"item\":\"leftovers\",\"pokeball\":\"pokeball\",\"ability\":\"aftermath\",\"commanding\":false,\"reviving\":false,\"teraType\":\"Poison\",\"terastallized\":\"\"},{\"ident\":\"p2: Golurk\",\"details\":\"Golurk, L87\",\"condition\":\"0 fnt\",\"active\":false,\"stats\":{\"atk\":266,\"def\":189,\"spa\":145,\"spd\":189,\"spe\":145},\"moves\":[\"earthquake\",\"dynamicpunch\",\"stoneedge\",\"poltergeist\"],\"baseAbility\":\"noguard\",\"item\":\"choiceband\",\"pokeball\":\"pokeball\",\"ability\":\"noguard\",\"commanding\":false,\"reviving\":false,\"teraType\":\"Ghost\",\"terastallized\":\"\"},{\"ident\":\"p2: Blissey\",\"details\":\"Blissey, L85, F\",\"condition\":\"572/572\",\"active\":false,\"stats\":{\"atk\":22,\"def\":66,\"spa\":176,\"spd\":278,\"spe\":142},\"moves\":[\"stealthrock\",\"softboiled\",\"thunderwave\",\"seismictoss\"],\"baseAbility\":\"naturalcure\",\"item\":\"leftovers\",\"pokeball\":\"pokeball\",\"ability\":\"naturalcure\",\"commanding\":false,\"reviving\":false,\"teraType\":\"Poison\",\"terastallized\":\"\"},{\"ident\":\"p2: Clefable\",\"details\":\"Clefable, L83, M\",\"condition\":\"293/293\",\"active\":false,\"stats\":{\"atk\":121,\"def\":169,\"spa\":205,\"spd\":197,\"spe\":147},\"moves\":[\"moonblast\",\"calmmind\",\"moonlight\",\"fireblast\"],\"baseAbility\":\"magicguard\",\"item\":\"lifeorb\",\"pokeball\":\"pokeball\",\"ability\":\"magicguard\",\"commanding\":false,\"reviving\":false,\"teraType\":\"Steel\",\"terastallized\":\"\"},{\"ident\":\"p2: Kilowattrel\",\"details\":\"Kilowattrel, L83, M\",\"condition\":\"36/252\",\"active\":false,\"stats\":{\"atk\":164,\"def\":147,\"spa\":222,\"spd\":147,\"spe\":255},\"moves\":[\"discharge\",\"uturn\",\"hurricane\",\"roost\"],\"baseAbility\":\"voltabsorb\",\"item\":\"heavydutyboots\",\"pokeball\":\"pokeball\",\"ability\":\"voltabsorb\",\"commanding\":false,\"reviving\":false,\"teraType\":\"Steel\",\"terastallized\":\"\"},{\"ident\":\"p2: Goodra\",\"details\":\"Goodra-Hisui, L82, M\",\"condition\":\"27/265\",\"active\":false,\"stats\":{\"atk\":211,\"def\":211,\"spa\":228,\"spd\":293,\"spe\":146},\"moves\":[\"heavyslam\",\"earthquake\",\"dragontail\",\"dracometeor\"],\"baseAbility\":\"sapsipper\",\"item\":\"assaultvest\",\"pokeball\":\"pokeball\",\"ability\":\"sapsipper\",\"commanding\":false,\"reviving\":false,\"teraType\":\"Ground\",\"terastallized\":\"\"}]},\"rqid\":43}\n|inactive|Time left: 300 sec this turn | 300 sec total\n|\n|t:|1783392207\n|move|p2a: Skuntank|Gunk Shot|p1a: Milotic\n|-crit|p1a: Milotic\n|-damage|p1a: Milotic|35/100\n|-status|p1a: Milotic|psn\n|move|p1a: Milotic|Recover|p1a: Milotic\n|-heal|p1a: Milotic|85/100 psn\n|\n|-heal|p2a: Skuntank|186/310 brn|[from] item: Leftovers\n|-damage|p1a: Milotic|73/100 psn|[from] psn\n|-damage|p2a: Skuntank|167/310 brn|[from] brn\n|upkeep\n|turn|16\n|request|{\"active\":[{\"moves\":[{\"move\":\"Gunk Shot\",\"id\":\"gunkshot\",\"pp\":7,\"maxpp\":8,\"target\":\"normal\",\"disabled\":false},{\"move\":\"Knock Off\",\"id\":\"knockoff\",\"pp\":29,\"maxpp\":32,\"target\":\"normal\",\"disabled\":false},{\"move\":\"Taunt\",\"id\":\"taunt\",\"pp\":32,\"maxpp\":32,\"target\":\"normal\",\"disabled\":false},{\"move\":\"Toxic Spikes\",\"id\":\"toxicspikes\",\"pp\":32,\"maxpp\":32,\"target\":\"foeSide\",\"disabled\":false}],\"canTerastallize\":\"Poison\"}],\"side\":{\"name\":\"p0y079e689\",\"id\":\"p2\",\"pokemon\":[{\"ident\":\"p2: Skuntank\",\"details\":\"Skuntank, L84, F\",\"condition\":\"167/310 brn\",\"active\":true,\"stats\":{\"atk\":204,\"def\":161,\"spa\":167,\"spd\":151,\"spe\":189},\"moves\":[\"gunkshot\",\"knockoff\",\"taunt\",\"toxicspikes\"],\"baseAbility\":\"aftermath\",\"item\":\"leftovers\",\"pokeball\":\"pokeball\",\"ability\":\"aftermath\",\"commanding\":false,\"reviving\":false,\"teraType\":\"Poison\",\"terastallized\":\"\"},{\"ident\":\"p2: Golurk\",\"details\":\"Golurk, L87\",\"condition\":\"0 fnt\",\"active\":false,\"stats\":{\"atk\":266,\"def\":189,\"spa\":145,\"spd\":189,\"spe\":145},\"moves\":[\"earthquake\",\"dynamicpunch\",\"stoneedge\",\"poltergeist\"],\"baseAbility\":\"noguard\",\"item\":\"choiceband\",\"pokeball\":\"pokeball\",\"ability\":\"noguard\",\"commanding\":false,\"reviving\":false,\"teraType\":\"Ghost\",\"terastallized\":\"\"},{\"ident\":\"p2: Blissey\",\"details\":\"Blissey, L85, F\",\"condition\":\"572/572\",\"active\":false,\"stats\":{\"atk\":22,\"def\":66,\"spa\":176,\"spd\":278,\"spe\":142},\"moves\":[\"stealthrock\",\"softboiled\",\"thunderwave\",\"seismictoss\"],\"baseAbility\":\"naturalcure\",\"item\":\"leftovers\",\"pokeball\":\"pokeball\",\"ability\":\"naturalcure\",\"commanding\":false,\"reviving\":false,\"teraType\":\"Poison\",\"terastallized\":\"\"},{\"ident\":\"p2: Clefable\",\"details\":\"Clefable, L83, M\",\"condition\":\"293/293\",\"active\":false,\"stats\":{\"atk\":121,\"def\":169,\"spa\":205,\"spd\":197,\"spe\":147},\"moves\":[\"moonblast\",\"calmmind\",\"moonlight\",\"fireblast\"],\"baseAbility\":\"magicguard\",\"item\":\"lifeorb\",\"pokeball\":\"pokeball\",\"ability\":\"magicguard\",\"commanding\":false,\"reviving\":false,\"teraType\":\"Steel\",\"terastallized\":\"\"},{\"ident\":\"p2: Kilowattrel\",\"details\":\"Kilowattrel, L83, M\",\"condition\":\"36/252\",\"active\":false,\"stats\":{\"atk\":164,\"def\":147,\"spa\":222,\"spd\":147,\"spe\":255},\"moves\":[\"discharge\",\"uturn\",\"hurricane\",\"roost\"],\"baseAbility\":\"voltabsorb\",\"item\":\"heavydutyboots\",\"pokeball\":\"pokeball\",\"ability\":\"voltabsorb\",\"commanding\":false,\"reviving\":false,\"teraType\":\"Steel\",\"terastallized\":\"\"},{\"ident\":\"p2: Goodra\",\"details\":\"Goodra-Hisui, L82, M\",\"condition\":\"27/265\",\"active\":false,\"stats\":{\"atk\":211,\"def\":211,\"spa\":228,\"spd\":293,\"spe\":146},\"moves\":[\"heavyslam\",\"earthquake\",\"dragontail\",\"dracometeor\"],\"baseAbility\":\"sapsipper\",\"item\":\"assaultvest\",\"pokeball\":\"pokeball\",\"ability\":\"sapsipper\",\"commanding\":false,\"reviving\":false,\"teraType\":\"Ground\",\"terastallized\":\"\"}]},\"rqid\":45}\n|inactive|Time left: 300 sec this turn | 300 sec total\n|\n|t:|1783392207\n|move|p2a: Skuntank|Gunk Shot|p1a: Milotic\n|-damage|p1a: Milotic|50/100 psn\n|move|p1a: Milotic|Recover|p1a: Milotic\n|-heal|p1a: Milotic|99/100 psn\n|\n|-heal|p2a: Skuntank|186/310 brn|[from] item: Leftovers\n|-damage|p1a: Milotic|88/100 psn|[from] psn\n|-damage|p2a: Skuntank|167/310 brn|[from] brn\n|upkeep\n|turn|17\n|request|{\"active\":[{\"moves\":[{\"move\":\"Gunk Shot\",\"id\":\"gunkshot\",\"pp\":6,\"maxpp\":8,\"target\":\"normal\",\"disabled\":false},{\"move\":\"Knock Off\",\"id\":\"knockoff\",\"pp\":29,\"maxpp\":32,\"target\":\"normal\",\"disabled\":false},{\"move\":\"Taunt\",\"id\":\"taunt\",\"pp\":32,\"maxpp\":32,\"target\":\"normal\",\"disabled\":false},{\"move\":\"Toxic Spikes\",\"id\":\"toxicspikes\",\"pp\":32,\"maxpp\":32,\"target\":\"foeSide\",\"disabled\":false}],\"canTerastallize\":\"Poison\"}],\"side\":{\"name\":\"p0y079e689\",\"id\":\"p2\",\"pokemon\":[{\"ident\":\"p2: Skuntank\",\"details\":\"Skuntank, L84, F\",\"condition\":\"167/310 brn\",\"active\":true,\"stats\":{\"atk\":204,\"def\":161,\"spa\":167,\"spd\":151,\"spe\":189},\"moves\":[\"gunkshot\",\"knockoff\",\"taunt\",\"toxicspikes\"],\"baseAbility\":\"aftermath\",\"item\":\"leftovers\",\"pokeball\":\"pokeball\",\"ability\":\"aftermath\",\"commanding\":false,\"reviving\":false,\"teraType\":\"Poison\",\"terastallized\":\"\"},{\"ident\":\"p2: Golurk\",\"details\":\"Golurk, L87\",\"condition\":\"0 fnt\",\"active\":false,\"stats\":{\"atk\":266,\"def\":189,\"spa\":145,\"spd\":189,\"spe\":145},\"moves\":[\"earthquake\",\"dynamicpunch\",\"stoneedge\",\"poltergeist\"],\"baseAbility\":\"noguard\",\"item\":\"choiceband\",\"pokeball\":\"pokeball\",\"ability\":\"noguard\",\"commanding\":false,\"reviving\":false,\"teraType\":\"Ghost\",\"terastallized\":\"\"},{\"ident\":\"p2: Blissey\",\"details\":\"Blissey, L85, F\",\"condition\":\"572/572\",\"active\":false,\"stats\":{\"atk\":22,\"def\":66,\"spa\":176,\"spd\":278,\"spe\":142},\"moves\":[\"stealthrock\",\"softboiled\",\"thunderwave\",\"seismictoss\"],\"baseAbility\":\"naturalcure\",\"item\":\"leftovers\",\"pokeball\":\"pokeball\",\"ability\":\"naturalcure\",\"commanding\":false,\"reviving\":false,\"teraType\":\"Poison\",\"terastallized\":\"\"},{\"ident\":\"p2: Clefable\",\"details\":\"Clefable, L83, M\",\"condition\":\"293/293\",\"active\":false,\"stats\":{\"atk\":121,\"def\":169,\"spa\":205,\"spd\":197,\"spe\":147},\"moves\":[\"moonblast\",\"calmmind\",\"moonlight\",\"fireblast\"],\"baseAbility\":\"magicguard\",\"item\":\"lifeorb\",\"pokeball\":\"pokeball\",\"ability\":\"magicguard\",\"commanding\":false,\"reviving\":false,\"teraType\":\"Steel\",\"terastallized\":\"\"},{\"ident\":\"p2: Kilowattrel\",\"details\":\"Kilowattrel, L83, M\",\"condition\":\"36/252\",\"active\":false,\"stats\":{\"atk\":164,\"def\":147,\"spa\":222,\"spd\":147,\"spe\":255},\"moves\":[\"discharge\",\"uturn\",\"hurricane\",\"roost\"],\"baseAbility\":\"voltabsorb\",\"item\":\"heavydutyboots\",\"pokeball\":\"pokeball\",\"ability\":\"voltabsorb\",\"commanding\":false,\"reviving\":false,\"teraType\":\"Steel\",\"terastallized\":\"\"},{\"ident\":\"p2: Goodra\",\"details\":\"Goodra-Hisui, L82, M\",\"condition\":\"27/265\",\"active\":false,\"stats\":{\"atk\":211,\"def\":211,\"spa\":228,\"spd\":293,\"spe\":146},\"moves\":[\"heavyslam\",\"earthquake\",\"dragontail\",\"dracometeor\"],\"baseAbility\":\"sapsipper\",\"item\":\"assaultvest\",\"pokeball\":\"pokeball\",\"ability\":\"sapsipper\",\"commanding\":false,\"reviving\":false,\"teraType\":\"Ground\",\"terastallized\":\"\"}]},\"rqid\":47}\n|inactive|Time left: 300 sec this turn | 300 sec total\n|\n|t:|1783392207\n|move|p2a: Skuntank|Knock Off|p1a: Milotic\n|-damage|p1a: Milotic|76/100 psn\n|move|p1a: Milotic|Ice Beam|p2a: Skuntank\n|-damage|p2a: Skuntank|90/310 brn\n|\n|-heal|p2a: Skuntank|109/310 brn|[from] item: Leftovers\n|-damage|p1a: Milotic|63/100 psn|[from] psn\n|-damage|p2a: Skuntank|90/310 brn|[from] brn\n|upkeep\n|turn|18\n|request|{\"active\":[{\"moves\":[{\"move\":\"Gunk Shot\",\"id\":\"gunkshot\",\"pp\":6,\"maxpp\":8,\"target\":\"normal\",\"disabled\":false},{\"move\":\"Knock Off\",\"id\":\"knockoff\",\"pp\":28,\"maxpp\":32,\"target\":\"normal\",\"disabled\":false},{\"move\":\"Taunt\",\"id\":\"taunt\",\"pp\":32,\"maxpp\":32,\"target\":\"normal\",\"disabled\":false},{\"move\":\"Toxic Spikes\",\"id\":\"toxicspikes\",\"pp\":32,\"maxpp\":32,\"target\":\"foeSide\",\"disabled\":false}],\"canTerastallize\":\"Poison\"}],\"side\":{\"name\":\"p0y079e689\",\"id\":\"p2\",\"pokemon\":[{\"ident\":\"p2: Skuntank\",\"details\":\"Skuntank, L84, F\",\"condition\":\"90/310 brn\",\"active\":true,\"stats\":{\"atk\":204,\"def\":161,\"spa\":167,\"spd\":151,\"spe\":189},\"moves\":[\"gunkshot\",\"knockoff\",\"taunt\",\"toxicspikes\"],\"baseAbility\":\"aftermath\",\"item\":\"leftovers\",\"pokeball\":\"pokeball\",\"ability\":\"aftermath\",\"commanding\":false,\"reviving\":false,\"teraType\":\"Poison\",\"terastallized\":\"\"},{\"ident\":\"p2: Golurk\",\"details\":\"Golurk, L87\",\"condition\":\"0 fnt\",\"active\":false,\"stats\":{\"atk\":266,\"def\":189,\"spa\":145,\"spd\":189,\"spe\":145},\"moves\":[\"earthquake\",\"dynamicpunch\",\"stoneedge\",\"poltergeist\"],\"baseAbility\":\"noguard\",\"item\":\"choiceband\",\"pokeball\":\"pokeball\",\"ability\":\"noguard\",\"commanding\":false,\"reviving\":false,\"teraType\":\"Ghost\",\"terastallized\":\"\"},{\"ident\":\"p2: Blissey\",\"details\":\"Blissey, L85, F\",\"condition\":\"572/572\",\"active\":false,\"stats\":{\"atk\":22,\"def\":66,\"spa\":176,\"spd\":278,\"spe\":142},\"moves\":[\"stealthrock\",\"softboiled\",\"thunderwave\",\"seismictoss\"],\"baseAbility\":\"naturalcure\",\"item\":\"leftovers\",\"pokeball\":\"pokeball\",\"ability\":\"naturalcure\",\"commanding\":false,\"reviving\":false,\"teraType\":\"Poison\",\"terastallized\":\"\"},{\"ident\":\"p2: Clefable\",\"details\":\"Clefable, L83, M\",\"condition\":\"293/293\",\"active\":false,\"stats\":{\"atk\":121,\"def\":169,\"spa\":205,\"spd\":197,\"spe\":147},\"moves\":[\"moonblast\",\"calmmind\",\"moonlight\",\"fireblast\"],\"baseAbility\":\"magicguard\",\"item\":\"lifeorb\",\"pokeball\":\"pokeball\",\"ability\":\"magicguard\",\"commanding\":false,\"reviving\":false,\"teraType\":\"Steel\",\"terastallized\":\"\"},{\"ident\":\"p2: Kilowattrel\",\"details\":\"Kilowattrel, L83, M\",\"condition\":\"36/252\",\"active\":false,\"stats\":{\"atk\":164,\"def\":147,\"spa\":222,\"spd\":147,\"spe\":255},\"moves\":[\"discharge\",\"uturn\",\"hurricane\",\"roost\"],\"baseAbility\":\"voltabsorb\",\"item\":\"heavydutyboots\",\"pokeball\":\"pokeball\",\"ability\":\"voltabsorb\",\"commanding\":false,\"reviving\":false,\"teraType\":\"Steel\",\"terastallized\":\"\"},{\"ident\":\"p2: Goodra\",\"details\":\"Goodra-Hisui, L82, M\",\"condition\":\"27/265\",\"active\":false,\"stats\":{\"atk\":211,\"def\":211,\"spa\":228,\"spd\":293,\"spe\":146},\"moves\":[\"heavyslam\",\"earthquake\",\"dragontail\",\"dracometeor\"],\"baseAbility\":\"sapsipper\",\"item\":\"assaultvest\",\"pokeball\":\"pokeball\",\"ability\":\"sapsipper\",\"commanding\":false,\"reviving\":false,\"teraType\":\"Ground\",\"terastallized\":\"\"}]},\"rqid\":49}\n|inactive|Time left: 300 sec this turn | 300 sec total\n|\n|t:|1783392207\n|switch|p2a: Clefable|Clefable, L83, M|293/293\n|move|p1a: Milotic|Recover|p1a: Milotic\n|-heal|p1a: Milotic|100/100 psn\n|\n|-damage|p1a: Milotic|88/100 psn|[from] psn\n|upkeep\n|turn|19\n|request|{\"active\":[{\"moves\":[{\"move\":\"Moonblast\",\"id\":\"moonblast\",\"pp\":24,\"maxpp\":24,\"target\":\"normal\",\"disabled\":false},{\"move\":\"Calm Mind\",\"id\":\"calmmind\",\"pp\":32,\"maxpp\":32,\"target\":\"self\",\"disabled\":false},{\"move\":\"Moonlight\",\"id\":\"moonlight\",\"pp\":8,\"maxpp\":8,\"target\":\"self\",\"disabled\":false},{\"move\":\"Fire Blast\",\"id\":\"fireblast\",\"pp\":8,\"maxpp\":8,\"target\":\"normal\",\"disabled\":false}],\"canTerastallize\":\"Steel\"}],\"side\":{\"name\":\"p0y079e689\",\"id\":\"p2\",\"pokemon\":[{\"ident\":\"p2: Clefable\",\"details\":\"Clefable, L83, M\",\"condition\":\"293/293\",\"active\":true,\"stats\":{\"atk\":121,\"def\":169,\"spa\":205,\"spd\":197,\"spe\":147},\"moves\":[\"moonblast\",\"calmmind\",\"moonlight\",\"fireblast\"],\"baseAbility\":\"magicguard\",\"item\":\"lifeorb\",\"pokeball\":\"pokeball\",\"ability\":\"magicguard\",\"commanding\":false,\"reviving\":false,\"teraType\":\"Steel\",\"terastallized\":\"\"},{\"ident\":\"p2: Golurk\",\"details\":\"Golurk, L87\",\"condition\":\"0 fnt\",\"active\":false,\"stats\":{\"atk\":266,\"def\":189,\"spa\":145,\"spd\":189,\"spe\":145},\"moves\":[\"earthquake\",\"dynamicpunch\",\"stoneedge\",\"poltergeist\"],\"baseAbility\":\"noguard\",\"item\":\"choiceband\",\"pokeball\":\"pokeball\",\"ability\":\"noguard\",\"commanding\":false,\"reviving\":false,\"teraType\":\"Ghost\",\"terastallized\":\"\"},{\"ident\":\"p2: Blissey\",\"details\":\"Blissey, L85, F\",\"condition\":\"572/572\",\"active\":false,\"stats\":{\"atk\":22,\"def\":66,\"spa\":176,\"spd\":278,\"spe\":142},\"moves\":[\"stealthrock\",\"softboiled\",\"thunderwave\",\"seismictoss\"],\"baseAbility\":\"naturalcure\",\"item\":\"leftovers\",\"pokeball\":\"pokeball\",\"ability\":\"naturalcure\",\"commanding\":false,\"reviving\":false,\"teraType\":\"Poison\",\"terastallized\":\"\"},{\"ident\":\"p2: Skuntank\",\"details\":\"Skuntank, L84, F\",\"condition\":\"90/310 brn\",\"active\":false,\"stats\":{\"atk\":204,\"def\":161,\"spa\":167,\"spd\":151,\"spe\":189},\"moves\":[\"gunkshot\",\"knockoff\",\"taunt\",\"toxicspikes\"],\"baseAbility\":\"aftermath\",\"item\":\"leftovers\",\"pokeball\":\"pokeball\",\"ability\":\"aftermath\",\"commanding\":false,\"reviving\":false,\"teraType\":\"Poison\",\"terastallized\":\"\"},{\"ident\":\"p2: Kilowattrel\",\"details\":\"Kilowattrel, L83, M\",\"condition\":\"36/252\",\"active\":false,\"stats\":{\"atk\":164,\"def\":147,\"spa\":222,\"spd\":147,\"spe\":255},\"moves\":[\"discharge\",\"uturn\",\"hurricane\",\"roost\"],\"baseAbility\":\"voltabsorb\",\"item\":\"heavydutyboots\",\"pokeball\":\"pokeball\",\"ability\":\"voltabsorb\",\"commanding\":false,\"reviving\":false,\"teraType\":\"Steel\",\"terastallized\":\"\"},{\"ident\":\"p2: Goodra\",\"details\":\"Goodra-Hisui, L82, M\",\"condition\":\"27/265\",\"active\":false,\"stats\":{\"atk\":211,\"def\":211,\"spa\":228,\"spd\":293,\"spe\":146},\"moves\":[\"heavyslam\",\"earthquake\",\"dragontail\",\"dracometeor\"],\"baseAbility\":\"sapsipper\",\"item\":\"assaultvest\",\"pokeball\":\"pokeball\",\"ability\":\"sapsipper\",\"commanding\":false,\"reviving\":false,\"teraType\":\"Ground\",\"terastallized\":\"\"}]},\"rqid\":51}\n|inactive|Time left: 300 sec this turn | 300 sec total\n|\n|t:|1783392208\n|move|p1a: Milotic|Scald|p2a: Clefable\n|-damage|p2a: Clefable|208/293\n|-status|p2a: Clefable|brn\n|move|p2a: Clefable|Calm Mind|p2a: Clefable\n|-boost|p2a: Clefable|spa|1\n|-boost|p2a: Clefable|spd|1\n|\n|-damage|p1a: Milotic|76/100 psn|[from] psn\n|upkeep\n|turn|20\n|request|{\"active\":[{\"moves\":[{\"move\":\"Moonblast\",\"id\":\"moonblast\",\"pp\":24,\"maxpp\":24,\"target\":\"normal\",\"disabled\":false},{\"move\":\"Calm Mind\",\"id\":\"calmmind\",\"pp\":31,\"maxpp\":32,\"target\":\"self\",\"disabled\":false},{\"move\":\"Moonlight\",\"id\":\"moonlight\",\"pp\":8,\"maxpp\":8,\"target\":\"self\",\"disabled\":false},{\"move\":\"Fire Blast\",\"id\":\"fireblast\",\"pp\":8,\"maxpp\":8,\"target\":\"normal\",\"disabled\":false}],\"canTerastallize\":\"Steel\"}],\"side\":{\"name\":\"p0y079e689\",\"id\":\"p2\",\"pokemon\":[{\"ident\":\"p2: Clefable\",\"details\":\"Clefable, L83, M\",\"condition\":\"208/293 brn\",\"active\":true,\"stats\":{\"atk\":121,\"def\":169,\"spa\":205,\"spd\":197,\"spe\":147},\"moves\":[\"moonblast\",\"calmmind\",\"moonlight\",\"fireblast\"],\"baseAbility\":\"magicguard\",\"item\":\"lifeorb\",\"pokeball\":\"pokeball\",\"ability\":\"magicguard\",\"commanding\":false,\"reviving\":false,\"teraType\":\"Steel\",\"terastallized\":\"\"},{\"ident\":\"p2: Golurk\",\"details\":\"Golurk, L87\",\"condition\":\"0 fnt\",\"active\":false,\"stats\":{\"atk\":266,\"def\":189,\"spa\":145,\"spd\":189,\"spe\":145},\"moves\":[\"earthquake\",\"dynamicpunch\",\"stoneedge\",\"poltergeist\"],\"baseAbility\":\"noguard\",\"item\":\"choiceband\",\"pokeball\":\"pokeball\",\"ability\":\"noguard\",\"commanding\":false,\"reviving\":false,\"teraType\":\"Ghost\",\"terastallized\":\"\"},{\"ident\":\"p2: Blissey\",\"details\":\"Blissey, L85, F\",\"condition\":\"572/572\",\"active\":false,\"stats\":{\"atk\":22,\"def\":66,\"spa\":176,\"spd\":278,\"spe\":142},\"moves\":[\"stealthrock\",\"softboiled\",\"thunderwave\",\"seismictoss\"],\"baseAbility\":\"naturalcure\",\"item\":\"leftovers\",\"pokeball\":\"pokeball\",\"ability\":\"naturalcure\",\"commanding\":false,\"reviving\":false,\"teraType\":\"Poison\",\"terastallized\":\"\"},{\"ident\":\"p2: Skuntank\",\"details\":\"Skuntank, L84, F\",\"condition\":\"90/310 brn\",\"active\":false,\"stats\":{\"atk\":204,\"def\":161,\"spa\":167,\"spd\":151,\"spe\":189},\"moves\":[\"gunkshot\",\"knockoff\",\"taunt\",\"toxicspikes\"],\"baseAbility\":\"aftermath\",\"item\":\"leftovers\",\"pokeball\":\"pokeball\",\"ability\":\"aftermath\",\"commanding\":false,\"reviving\":false,\"teraType\":\"Poison\",\"terastallized\":\"\"},{\"ident\":\"p2: Kilowattrel\",\"details\":\"Kilowattrel, L83, M\",\"condition\":\"36/252\",\"active\":false,\"stats\":{\"atk\":164,\"def\":147,\"spa\":222,\"spd\":147,\"spe\":255},\"moves\":[\"discharge\",\"uturn\",\"hurricane\",\"roost\"],\"baseAbility\":\"voltabsorb\",\"item\":\"heavydutyboots\",\"pokeball\":\"pokeball\",\"ability\":\"voltabsorb\",\"commanding\":false,\"reviving\":false,\"teraType\":\"Steel\",\"terastallized\":\"\"},{\"ident\":\"p2: Goodra\",\"details\":\"Goodra-Hisui, L82, M\",\"condition\":\"27/265\",\"active\":false,\"stats\":{\"atk\":211,\"def\":211,\"spa\":228,\"spd\":293,\"spe\":146},\"moves\":[\"heavyslam\",\"earthquake\",\"dragontail\",\"dracometeor\"],\"baseAbility\":\"sapsipper\",\"item\":\"assaultvest\",\"pokeball\":\"pokeball\",\"ability\":\"sapsipper\",\"commanding\":false,\"reviving\":false,\"teraType\":\"Ground\",\"terastallized\":\"\"}]},\"rqid\":53}\n|inactive|Time left: 300 sec this turn | 300 sec total\n|\n|t:|1783392208\n|move|p1a: Milotic|Scald|p2a: Clefable\n|-damage|p2a: Clefable|156/293 brn\n|move|p2a: Clefable|Calm Mind|p2a: Clefable\n|-boost|p2a: Clefable|spa|1\n|-boost|p2a: Clefable|spd|1\n|\n|-damage|p1a: Milotic|64/100 psn|[from] psn\n|upkeep\n|turn|21\n|request|{\"active\":[{\"moves\":[{\"move\":\"Moonblast\",\"id\":\"moonblast\",\"pp\":24,\"maxpp\":24,\"target\":\"normal\",\"disabled\":false},{\"move\":\"Calm Mind\",\"id\":\"calmmind\",\"pp\":30,\"maxpp\":32,\"target\":\"self\",\"disabled\":false},{\"move\":\"Moonlight\",\"id\":\"moonlight\",\"pp\":8,\"maxpp\":8,\"target\":\"self\",\"disabled\":false},{\"move\":\"Fire Blast\",\"id\":\"fireblast\",\"pp\":8,\"maxpp\":8,\"target\":\"normal\",\"disabled\":false}],\"canTerastallize\":\"Steel\"}],\"side\":{\"name\":\"p0y079e689\",\"id\":\"p2\",\"pokemon\":[{\"ident\":\"p2: Clefable\",\"details\":\"Clefable, L83, M\",\"condition\":\"156/293 brn\",\"active\":true,\"stats\":{\"atk\":121,\"def\":169,\"spa\":205,\"spd\":197,\"spe\":147},\"moves\":[\"moonblast\",\"calmmind\",\"moonlight\",\"fireblast\"],\"baseAbility\":\"magicguard\",\"item\":\"lifeorb\",\"pokeball\":\"pokeball\",\"ability\":\"magicguard\",\"commanding\":false,\"reviving\":false,\"teraType\":\"Steel\",\"terastallized\":\"\"},{\"ident\":\"p2: Golurk\",\"details\":\"Golurk, L87\",\"condition\":\"0 fnt\",\"active\":false,\"stats\":{\"atk\":266,\"def\":189,\"spa\":145,\"spd\":189,\"spe\":145},\"moves\":[\"earthquake\",\"dynamicpunch\",\"stoneedge\",\"poltergeist\"],\"baseAbility\":\"noguard\",\"item\":\"choiceband\",\"pokeball\":\"pokeball\",\"ability\":\"noguard\",\"commanding\":false,\"reviving\":false,\"teraType\":\"Ghost\",\"terastallized\":\"\"},{\"ident\":\"p2: Blissey\",\"details\":\"Blissey, L85, F\",\"condition\":\"572/572\",\"active\":false,\"stats\":{\"atk\":22,\"def\":66,\"spa\":176,\"spd\":278,\"spe\":142},\"moves\":[\"stealthrock\",\"softboiled\",\"thunderwave\",\"seismictoss\"],\"baseAbility\":\"naturalcure\",\"item\":\"leftovers\",\"pokeball\":\"pokeball\",\"ability\":\"naturalcure\",\"commanding\":false,\"reviving\":false,\"teraType\":\"Poison\",\"terastallized\":\"\"},{\"ident\":\"p2: Skuntank\",\"details\":\"Skuntank, L84, F\",\"condition\":\"90/310 brn\",\"active\":false,\"stats\":{\"atk\":204,\"def\":161,\"spa\":167,\"spd\":151,\"spe\":189},\"moves\":[\"gunkshot\",\"knockoff\",\"taunt\",\"toxicspikes\"],\"baseAbility\":\"aftermath\",\"item\":\"leftovers\",\"pokeball\":\"pokeball\",\"ability\":\"aftermath\",\"commanding\":false,\"reviving\":false,\"teraType\":\"Poison\",\"terastallized\":\"\"},{\"ident\":\"p2: Kilowattrel\",\"details\":\"Kilowattrel, L83, M\",\"condition\":\"36/252\",\"active\":false,\"stats\":{\"atk\":164,\"def\":147,\"spa\":222,\"spd\":147,\"spe\":255},\"moves\":[\"discharge\",\"uturn\",\"hurricane\",\"roost\"],\"baseAbility\":\"voltabsorb\",\"item\":\"heavydutyboots\",\"pokeball\":\"pokeball\",\"ability\":\"voltabsorb\",\"commanding\":false,\"reviving\":false,\"teraType\":\"Steel\",\"terastallized\":\"\"},{\"ident\":\"p2: Goodra\",\"details\":\"Goodra-Hisui, L82, M\",\"condition\":\"27/265\",\"active\":false,\"stats\":{\"atk\":211,\"def\":211,\"spa\":228,\"spd\":293,\"spe\":146},\"moves\":[\"heavyslam\",\"earthquake\",\"dragontail\",\"dracometeor\"],\"baseAbility\":\"sapsipper\",\"item\":\"assaultvest\",\"pokeball\":\"pokeball\",\"ability\":\"sapsipper\",\"commanding\":false,\"reviving\":false,\"teraType\":\"Ground\",\"terastallized\":\"\"}]},\"rqid\":55}\n|inactive|Time left: 300 sec this turn | 300 sec total\n|\n|t:|1783392208\n|move|p1a: Milotic|Recover|p1a: Milotic\n|-heal|p1a: Milotic|100/100 psn\n|move|p2a: Clefable|Moonlight|p2a: Clefable\n|-heal|p2a: Clefable|293/293 brn\n|\n|-damage|p1a: Milotic|88/100 psn|[from] psn\n|upkeep\n|turn|22\n|request|{\"active\":[{\"moves\":[{\"move\":\"Moonblast\",\"id\":\"moonblast\",\"pp\":24,\"maxpp\":24,\"target\":\"normal\",\"disabled\":false},{\"move\":\"Calm Mind\",\"id\":\"calmmind\",\"pp\":30,\"maxpp\":32,\"target\":\"self\",\"disabled\":false},{\"move\":\"Moonlight\",\"id\":\"moonlight\",\"pp\":7,\"maxpp\":8,\"target\":\"self\",\"disabled\":false},{\"move\":\"Fire Blast\",\"id\":\"fireblast\",\"pp\":8,\"maxpp\":8,\"target\":\"normal\",\"disabled\":false}],\"canTerastallize\":\"Steel\"}],\"side\":{\"name\":\"p0y079e689\",\"id\":\"p2\",\"pokemon\":[{\"ident\":\"p2: Clefable\",\"details\":\"Clefable, L83, M\",\"condition\":\"293/293 brn\",\"active\":true,\"stats\":{\"atk\":121,\"def\":169,\"spa\":205,\"spd\":197,\"spe\":147},\"moves\":[\"moonblast\",\"calmmind\",\"moonlight\",\"fireblast\"],\"baseAbility\":\"magicguard\",\"item\":\"lifeorb\",\"pokeball\":\"pokeball\",\"ability\":\"magicguard\",\"commanding\":false,\"reviving\":false,\"teraType\":\"Steel\",\"terastallized\":\"\"},{\"ident\":\"p2: Golurk\",\"details\":\"Golurk, L87\",\"condition\":\"0 fnt\",\"active\":false,\"stats\":{\"atk\":266,\"def\":189,\"spa\":145,\"spd\":189,\"spe\":145},\"moves\":[\"earthquake\",\"dynamicpunch\",\"stoneedge\",\"poltergeist\"],\"baseAbility\":\"noguard\",\"item\":\"choiceband\",\"pokeball\":\"pokeball\",\"ability\":\"noguard\",\"commanding\":false,\"reviving\":false,\"teraType\":\"Ghost\",\"terastallized\":\"\"},{\"ident\":\"p2: Blissey\",\"details\":\"Blissey, L85, F\",\"condition\":\"572/572\",\"active\":false,\"stats\":{\"atk\":22,\"def\":66,\"spa\":176,\"spd\":278,\"spe\":142},\"moves\":[\"stealthrock\",\"softboiled\",\"thunderwave\",\"seismictoss\"],\"baseAbility\":\"naturalcure\",\"item\":\"leftovers\",\"pokeball\":\"pokeball\",\"ability\":\"naturalcure\",\"commanding\":false,\"reviving\":false,\"teraType\":\"Poison\",\"terastallized\":\"\"},{\"ident\":\"p2: Skuntank\",\"details\":\"Skuntank, L84, F\",\"condition\":\"90/310 brn\",\"active\":false,\"stats\":{\"atk\":204,\"def\":161,\"spa\":167,\"spd\":151,\"spe\":189},\"moves\":[\"gunkshot\",\"knockoff\",\"taunt\",\"toxicspikes\"],\"baseAbility\":\"aftermath\",\"item\":\"leftovers\",\"pokeball\":\"pokeball\",\"ability\":\"aftermath\",\"commanding\":false,\"reviving\":false,\"teraType\":\"Poison\",\"terastallized\":\"\"},{\"ident\":\"p2: Kilowattrel\",\"details\":\"Kilowattrel, L83, M\",\"condition\":\"36/252\",\"active\":false,\"stats\":{\"atk\":164,\"def\":147,\"spa\":222,\"spd\":147,\"spe\":255},\"moves\":[\"discharge\",\"uturn\",\"hurricane\",\"roost\"],\"baseAbility\":\"voltabsorb\",\"item\":\"heavydutyboots\",\"pokeball\":\"pokeball\",\"ability\":\"voltabsorb\",\"commanding\":false,\"reviving\":false,\"teraType\":\"Steel\",\"terastallized\":\"\"},{\"ident\":\"p2: Goodra\",\"details\":\"Goodra-Hisui, L82, M\",\"condition\":\"27/265\",\"active\":false,\"stats\":{\"atk\":211,\"def\":211,\"spa\":228,\"spd\":293,\"spe\":146},\"moves\":[\"heavyslam\",\"earthquake\",\"dragontail\",\"dracometeor\"],\"baseAbility\":\"sapsipper\",\"item\":\"assaultvest\",\"pokeball\":\"pokeball\",\"ability\":\"sapsipper\",\"commanding\":false,\"reviving\":false,\"teraType\":\"Ground\",\"terastallized\":\"\"}]},\"rqid\":57}\n|inactive|Time left: 300 sec this turn | 300 sec total\n|\n|t:|1783392208\n|move|p1a: Milotic|Ice Beam|p2a: Clefable\n|-damage|p2a: Clefable|261/293 brn\n|move|p2a: Clefable|Calm Mind|p2a: Clefable\n|-boost|p2a: Clefable|spa|1\n|-boost|p2a: Clefable|spd|1\n|\n|-damage|p1a: Milotic|76/100 psn|[from] psn\n|upkeep\n|turn|23\n|request|{\"active\":[{\"moves\":[{\"move\":\"Moonblast\",\"id\":\"moonblast\",\"pp\":24,\"maxpp\":24,\"target\":\"normal\",\"disabled\":false},{\"move\":\"Calm Mind\",\"id\":\"calmmind\",\"pp\":29,\"maxpp\":32,\"target\":\"self\",\"disabled\":false},{\"move\":\"Moonlight\",\"id\":\"moonlight\",\"pp\":7,\"maxpp\":8,\"target\":\"self\",\"disabled\":false},{\"move\":\"Fire Blast\",\"id\":\"fireblast\",\"pp\":8,\"maxpp\":8,\"target\":\"normal\",\"disabled\":false}],\"canTerastallize\":\"Steel\"}],\"side\":{\"name\":\"p0y079e689\",\"id\":\"p2\",\"pokemon\":[{\"ident\":\"p2: Clefable\",\"details\":\"Clefable, L83, M\",\"condition\":\"261/293 brn\",\"active\":true,\"stats\":{\"atk\":121,\"def\":169,\"spa\":205,\"spd\":197,\"spe\":147},\"moves\":[\"moonblast\",\"calmmind\",\"moonlight\",\"fireblast\"],\"baseAbility\":\"magicguard\",\"item\":\"lifeorb\",\"pokeball\":\"pokeball\",\"ability\":\"magicguard\",\"commanding\":false,\"reviving\":false,\"teraType\":\"Steel\",\"terastallized\":\"\"},{\"ident\":\"p2: Golurk\",\"details\":\"Golurk, L87\",\"condition\":\"0 fnt\",\"active\":false,\"stats\":{\"atk\":266,\"def\":189,\"spa\":145,\"spd\":189,\"spe\":145},\"moves\":[\"earthquake\",\"dynamicpunch\",\"stoneedge\",\"poltergeist\"],\"baseAbility\":\"noguard\",\"item\":\"choiceband\",\"pokeball\":\"pokeball\",\"ability\":\"noguard\",\"commanding\":false,\"reviving\":false,\"teraType\":\"Ghost\",\"terastallized\":\"\"},{\"ident\":\"p2: Blissey\",\"details\":\"Blissey, L85, F\",\"condition\":\"572/572\",\"active\":false,\"stats\":{\"atk\":22,\"def\":66,\"spa\":176,\"spd\":278,\"spe\":142},\"moves\":[\"stealthrock\",\"softboiled\",\"thunderwave\",\"seismictoss\"],\"baseAbility\":\"naturalcure\",\"item\":\"leftovers\",\"pokeball\":\"pokeball\",\"ability\":\"naturalcure\",\"commanding\":false,\"reviving\":false,\"teraType\":\"Poison\",\"terastallized\":\"\"},{\"ident\":\"p2: Skuntank\",\"details\":\"Skuntank, L84, F\",\"condition\":\"90/310 brn\",\"active\":false,\"stats\":{\"atk\":204,\"def\":161,\"spa\":167,\"spd\":151,\"spe\":189},\"moves\":[\"gunkshot\",\"knockoff\",\"taunt\",\"toxicspikes\"],\"baseAbility\":\"aftermath\",\"item\":\"leftovers\",\"pokeball\":\"pokeball\",\"ability\":\"aftermath\",\"commanding\":false,\"reviving\":false,\"teraType\":\"Poison\",\"terastallized\":\"\"},{\"ident\":\"p2: Kilowattrel\",\"details\":\"Kilowattrel, L83, M\",\"condition\":\"36/252\",\"active\":false,\"stats\":{\"atk\":164,\"def\":147,\"spa\":222,\"spd\":147,\"spe\":255},\"moves\":[\"discharge\",\"uturn\",\"hurricane\",\"roost\"],\"baseAbility\":\"voltabsorb\",\"item\":\"heavydutyboots\",\"pokeball\":\"pokeball\",\"ability\":\"voltabsorb\",\"commanding\":false,\"reviving\":false,\"teraType\":\"Steel\",\"terastallized\":\"\"},{\"ident\":\"p2: Goodra\",\"details\":\"Goodra-Hisui, L82, M\",\"condition\":\"27/265\",\"active\":false,\"stats\":{\"atk\":211,\"def\":211,\"spa\":228,\"spd\":293,\"spe\":146},\"moves\":[\"heavyslam\",\"earthquake\",\"dragontail\",\"dracometeor\"],\"baseAbility\":\"sapsipper\",\"item\":\"assaultvest\",\"pokeball\":\"pokeball\",\"ability\":\"sapsipper\",\"commanding\":false,\"reviving\":false,\"teraType\":\"Ground\",\"terastallized\":\"\"}]},\"rqid\":59}\n|inactive|Time left: 300 sec this turn | 300 sec total\n|\n|t:|1783392209\n|move|p1a: Milotic|Recover|p1a: Milotic\n|-heal|p1a: Milotic|100/100 psn\n|move|p2a: Clefable|Moonblast|p1a: Milotic\n|-damage|p1a: Milotic|17/100 psn\n|\n|-damage|p1a: Milotic|4/100 psn|[from] psn\n|upkeep\n|turn|24\n|request|{\"active\":[{\"moves\":[{\"move\":\"Moonblast\",\"id\":\"moonblast\",\"pp\":23,\"maxpp\":24,\"target\":\"normal\",\"disabled\":false},{\"move\":\"Calm Mind\",\"id\":\"calmmind\",\"pp\":29,\"maxpp\":32,\"target\":\"self\",\"disabled\":false},{\"move\":\"Moonlight\",\"id\":\"moonlight\",\"pp\":7,\"maxpp\":8,\"target\":\"self\",\"disabled\":false},{\"move\":\"Fire Blast\",\"id\":\"fireblast\",\"pp\":8,\"maxpp\":8,\"target\":\"normal\",\"disabled\":false}],\"canTerastallize\":\"Steel\"}],\"side\":{\"name\":\"p0y079e689\",\"id\":\"p2\",\"pokemon\":[{\"ident\":\"p2: Clefable\",\"details\":\"Clefable, L83, M\",\"condition\":\"261/293 brn\",\"active\":true,\"stats\":{\"atk\":121,\"def\":169,\"spa\":205,\"spd\":197,\"spe\":147},\"moves\":[\"moonblast\",\"calmmind\",\"moonlight\",\"fireblast\"],\"baseAbility\":\"magicguard\",\"item\":\"lifeorb\",\"pokeball\":\"pokeball\",\"ability\":\"magicguard\",\"commanding\":false,\"reviving\":false,\"teraType\":\"Steel\",\"terastallized\":\"\"},{\"ident\":\"p2: Golurk\",\"details\":\"Golurk, L87\",\"condition\":\"0 fnt\",\"active\":false,\"stats\":{\"atk\":266,\"def\":189,\"spa\":145,\"spd\":189,\"spe\":145},\"moves\":[\"earthquake\",\"dynamicpunch\",\"stoneedge\",\"poltergeist\"],\"baseAbility\":\"noguard\",\"item\":\"choiceband\",\"pokeball\":\"pokeball\",\"ability\":\"noguard\",\"commanding\":false,\"reviving\":false,\"teraType\":\"Ghost\",\"terastallized\":\"\"},{\"ident\":\"p2: Blissey\",\"details\":\"Blissey, L85, F\",\"condition\":\"572/572\",\"active\":false,\"stats\":{\"atk\":22,\"def\":66,\"spa\":176,\"spd\":278,\"spe\":142},\"moves\":[\"stealthrock\",\"softboiled\",\"thunderwave\",\"seismictoss\"],\"baseAbility\":\"naturalcure\",\"item\":\"leftovers\",\"pokeball\":\"pokeball\",\"ability\":\"naturalcure\",\"commanding\":false,\"reviving\":false,\"teraType\":\"Poison\",\"terastallized\":\"\"},{\"ident\":\"p2: Skuntank\",\"details\":\"Skuntank, L84, F\",\"condition\":\"90/310 brn\",\"active\":false,\"stats\":{\"atk\":204,\"def\":161,\"spa\":167,\"spd\":151,\"spe\":189},\"moves\":[\"gunkshot\",\"knockoff\",\"taunt\",\"toxicspikes\"],\"baseAbility\":\"aftermath\",\"item\":\"leftovers\",\"pokeball\":\"pokeball\",\"ability\":\"aftermath\",\"commanding\":false,\"reviving\":false,\"teraType\":\"Poison\",\"terastallized\":\"\"},{\"ident\":\"p2: Kilowattrel\",\"details\":\"Kilowattrel, L83, M\",\"condition\":\"36/252\",\"active\":false,\"stats\":{\"atk\":164,\"def\":147,\"spa\":222,\"spd\":147,\"spe\":255},\"moves\":[\"discharge\",\"uturn\",\"hurricane\",\"roost\"],\"baseAbility\":\"voltabsorb\",\"item\":\"heavydutyboots\",\"pokeball\":\"pokeball\",\"ability\":\"voltabsorb\",\"commanding\":false,\"reviving\":false,\"teraType\":\"Steel\",\"terastallized\":\"\"},{\"ident\":\"p2: Goodra\",\"details\":\"Goodra-Hisui, L82, M\",\"condition\":\"27/265\",\"active\":false,\"stats\":{\"atk\":211,\"def\":211,\"spa\":228,\"spd\":293,\"spe\":146},\"moves\":[\"heavyslam\",\"earthquake\",\"dragontail\",\"dracometeor\"],\"baseAbility\":\"sapsipper\",\"item\":\"assaultvest\",\"pokeball\":\"pokeball\",\"ability\":\"sapsipper\",\"commanding\":false,\"reviving\":false,\"teraType\":\"Ground\",\"terastallized\":\"\"}]},\"rqid\":61}\n|inactive|Time left: 300 sec this turn | 300 sec total\n|\n|t:|1783392209\n|move|p1a: Milotic|Recover|p1a: Milotic\n|-heal|p1a: Milotic|54/100 psn\n|move|p2a: Clefable|Moonblast|p1a: Milotic\n|-damage|p1a: Milotic|0 fnt\n|faint|p1a: Milotic\n|\n|upkeep\n|request|{\"wait\":true,\"side\":{\"name\":\"p0y079e689\",\"id\":\"p2\",\"pokemon\":[{\"ident\":\"p2: Clefable\",\"details\":\"Clefable, L83, M\",\"condition\":\"261/293 brn\",\"active\":true,\"stats\":{\"atk\":121,\"def\":169,\"spa\":205,\"spd\":197,\"spe\":147},\"moves\":[\"moonblast\",\"calmmind\",\"moonlight\",\"fireblast\"],\"baseAbility\":\"magicguard\",\"item\":\"lifeorb\",\"pokeball\":\"pokeball\",\"ability\":\"magicguard\",\"commanding\":false,\"reviving\":false,\"teraType\":\"Steel\",\"terastallized\":\"\"},{\"ident\":\"p2: Golurk\",\"details\":\"Golurk, L87\",\"condition\":\"0 fnt\",\"active\":false,\"stats\":{\"atk\":266,\"def\":189,\"spa\":145,\"spd\":189,\"spe\":145},\"moves\":[\"earthquake\",\"dynamicpunch\",\"stoneedge\",\"poltergeist\"],\"baseAbility\":\"noguard\",\"item\":\"choiceband\",\"pokeball\":\"pokeball\",\"ability\":\"noguard\",\"commanding\":false,\"reviving\":false,\"teraType\":\"Ghost\",\"terastallized\":\"\"},{\"ident\":\"p2: Blissey\",\"details\":\"Blissey, L85, F\",\"condition\":\"572/572\",\"active\":false,\"stats\":{\"atk\":22,\"def\":66,\"spa\":176,\"spd\":278,\"spe\":142},\"moves\":[\"stealthrock\",\"softboiled\",\"thunderwave\",\"seismictoss\"],\"baseAbility\":\"naturalcure\",\"item\":\"leftovers\",\"pokeball\":\"pokeball\",\"ability\":\"naturalcure\",\"commanding\":false,\"reviving\":false,\"teraType\":\"Poison\",\"terastallized\":\"\"},{\"ident\":\"p2: Skuntank\",\"details\":\"Skuntank, L84, F\",\"condition\":\"90/310 brn\",\"active\":false,\"stats\":{\"atk\":204,\"def\":161,\"spa\":167,\"spd\":151,\"spe\":189},\"moves\":[\"gunkshot\",\"knockoff\",\"taunt\",\"toxicspikes\"],\"baseAbility\":\"aftermath\",\"item\":\"leftovers\",\"pokeball\":\"pokeball\",\"ability\":\"aftermath\",\"commanding\":false,\"reviving\":false,\"teraType\":\"Poison\",\"terastallized\":\"\"},{\"ident\":\"p2: Kilowattrel\",\"details\":\"Kilowattrel, L83, M\",\"condition\":\"36/252\",\"active\":false,\"stats\":{\"atk\":164,\"def\":147,\"spa\":222,\"spd\":147,\"spe\":255},\"moves\":[\"discharge\",\"uturn\",\"hurricane\",\"roost\"],\"baseAbility\":\"voltabsorb\",\"item\":\"heavydutyboots\",\"pokeball\":\"pokeball\",\"ability\":\"voltabsorb\",\"commanding\":false,\"reviving\":false,\"teraType\":\"Steel\",\"terastallized\":\"\"},{\"ident\":\"p2: Goodra\",\"details\":\"Goodra-Hisui, L82, M\",\"condition\":\"27/265\",\"active\":false,\"stats\":{\"atk\":211,\"def\":211,\"spa\":228,\"spd\":293,\"spe\":146},\"moves\":[\"heavyslam\",\"earthquake\",\"dragontail\",\"dracometeor\"],\"baseAbility\":\"sapsipper\",\"item\":\"assaultvest\",\"pokeball\":\"pokeball\",\"ability\":\"sapsipper\",\"commanding\":false,\"reviving\":false,\"teraType\":\"Ground\",\"terastallized\":\"\"}]},\"rqid\":63}\n|\n|t:|1783392209\n|switch|p1a: Luvdisc|Luvdisc, M|100/100\n|turn|25\n|request|{\"active\":[{\"moves\":[{\"move\":\"Moonblast\",\"id\":\"moonblast\",\"pp\":22,\"maxpp\":24,\"target\":\"normal\",\"disabled\":false},{\"move\":\"Calm Mind\",\"id\":\"calmmind\",\"pp\":29,\"maxpp\":32,\"target\":\"self\",\"disabled\":false},{\"move\":\"Moonlight\",\"id\":\"moonlight\",\"pp\":7,\"maxpp\":8,\"target\":\"self\",\"disabled\":false},{\"move\":\"Fire Blast\",\"id\":\"fireblast\",\"pp\":8,\"maxpp\":8,\"target\":\"normal\",\"disabled\":false}],\"canTerastallize\":\"Steel\"}],\"side\":{\"name\":\"p0y079e689\",\"id\":\"p2\",\"pokemon\":[{\"ident\":\"p2: Clefable\",\"details\":\"Clefable, L83, M\",\"condition\":\"261/293 brn\",\"active\":true,\"stats\":{\"atk\":121,\"def\":169,\"spa\":205,\"spd\":197,\"spe\":147},\"moves\":[\"moonblast\",\"calmmind\",\"moonlight\",\"fireblast\"],\"baseAbility\":\"magicguard\",\"item\":\"lifeorb\",\"pokeball\":\"pokeball\",\"ability\":\"magicguard\",\"commanding\":false,\"reviving\":false,\"teraType\":\"Steel\",\"terastallized\":\"\"},{\"ident\":\"p2: Golurk\",\"details\":\"Golurk, L87\",\"condition\":\"0 fnt\",\"active\":false,\"stats\":{\"atk\":266,\"def\":189,\"spa\":145,\"spd\":189,\"spe\":145},\"moves\":[\"earthquake\",\"dynamicpunch\",\"stoneedge\",\"poltergeist\"],\"baseAbility\":\"noguard\",\"item\":\"choiceband\",\"pokeball\":\"pokeball\",\"ability\":\"noguard\",\"commanding\":false,\"reviving\":false,\"teraType\":\"Ghost\",\"terastallized\":\"\"},{\"ident\":\"p2: Blissey\",\"details\":\"Blissey, L85, F\",\"condition\":\"572/572\",\"active\":false,\"stats\":{\"atk\":22,\"def\":66,\"spa\":176,\"spd\":278,\"spe\":142},\"moves\":[\"stealthrock\",\"softboiled\",\"thunderwave\",\"seismictoss\"],\"baseAbility\":\"naturalcure\",\"item\":\"leftovers\",\"pokeball\":\"pokeball\",\"ability\":\"naturalcure\",\"commanding\":false,\"reviving\":false,\"teraType\":\"Poison\",\"terastallized\":\"\"},{\"ident\":\"p2: Skuntank\",\"details\":\"Skuntank, L84, F\",\"condition\":\"90/310 brn\",\"active\":false,\"stats\":{\"atk\":204,\"def\":161,\"spa\":167,\"spd\":151,\"spe\":189},\"moves\":[\"gunkshot\",\"knockoff\",\"taunt\",\"toxicspikes\"],\"baseAbility\":\"aftermath\",\"item\":\"leftovers\",\"pokeball\":\"pokeball\",\"ability\":\"aftermath\",\"commanding\":false,\"reviving\":false,\"teraType\":\"Poison\",\"terastallized\":\"\"},{\"ident\":\"p2: Kilowattrel\",\"details\":\"Kilowattrel, L83, M\",\"condition\":\"36/252\",\"active\":false,\"stats\":{\"atk\":164,\"def\":147,\"spa\":222,\"spd\":147,\"spe\":255},\"moves\":[\"discharge\",\"uturn\",\"hurricane\",\"roost\"],\"baseAbility\":\"voltabsorb\",\"item\":\"heavydutyboots\",\"pokeball\":\"pokeball\",\"ability\":\"voltabsorb\",\"commanding\":false,\"reviving\":false,\"teraType\":\"Steel\",\"terastallized\":\"\"},{\"ident\":\"p2: Goodra\",\"details\":\"Goodra-Hisui, L82, M\",\"condition\":\"27/265\",\"active\":false,\"stats\":{\"atk\":211,\"def\":211,\"spa\":228,\"spd\":293,\"spe\":146},\"moves\":[\"heavyslam\",\"earthquake\",\"dragontail\",\"dracometeor\"],\"baseAbility\":\"sapsipper\",\"item\":\"assaultvest\",\"pokeball\":\"pokeball\",\"ability\":\"sapsipper\",\"commanding\":false,\"reviving\":false,\"teraType\":\"Ground\",\"terastallized\":\"\"}]},\"rqid\":65}\n|inactive|Time left: 300 sec this turn | 300 sec total\n|\n|t:|1783392209\n|move|p1a: Luvdisc|Substitute|p1a: Luvdisc\n|-start|p1a: Luvdisc|Substitute\n|-damage|p1a: Luvdisc|76/100\n|move|p2a: Clefable|Moonblast|p1a: Luvdisc\n|-end|p1a: Luvdisc|Substitute\n|\n|upkeep\n|turn|26\n|request|{\"active\":[{\"moves\":[{\"move\":\"Moonblast\",\"id\":\"moonblast\",\"pp\":21,\"maxpp\":24,\"target\":\"normal\",\"disabled\":false},{\"move\":\"Calm Mind\",\"id\":\"calmmind\",\"pp\":29,\"maxpp\":32,\"target\":\"self\",\"disabled\":false},{\"move\":\"Moonlight\",\"id\":\"moonlight\",\"pp\":7,\"maxpp\":8,\"target\":\"self\",\"disabled\":false},{\"move\":\"Fire Blast\",\"id\":\"fireblast\",\"pp\":8,\"maxpp\":8,\"target\":\"normal\",\"disabled\":false}],\"canTerastallize\":\"Steel\"}],\"side\":{\"name\":\"p0y079e689\",\"id\":\"p2\",\"pokemon\":[{\"ident\":\"p2: Clefable\",\"details\":\"Clefable, L83, M\",\"condition\":\"261/293 brn\",\"active\":true,\"stats\":{\"atk\":121,\"def\":169,\"spa\":205,\"spd\":197,\"spe\":147},\"moves\":[\"moonblast\",\"calmmind\",\"moonlight\",\"fireblast\"],\"baseAbility\":\"magicguard\",\"item\":\"lifeorb\",\"pokeball\":\"pokeball\",\"ability\":\"magicguard\",\"commanding\":false,\"reviving\":false,\"teraType\":\"Steel\",\"terastallized\":\"\"},{\"ident\":\"p2: Golurk\",\"details\":\"Golurk, L87\",\"condition\":\"0 fnt\",\"active\":false,\"stats\":{\"atk\":266,\"def\":189,\"spa\":145,\"spd\":189,\"spe\":145},\"moves\":[\"earthquake\",\"dynamicpunch\",\"stoneedge\",\"poltergeist\"],\"baseAbility\":\"noguard\",\"item\":\"choiceband\",\"pokeball\":\"pokeball\",\"ability\":\"noguard\",\"commanding\":false,\"reviving\":false,\"teraType\":\"Ghost\",\"terastallized\":\"\"},{\"ident\":\"p2: Blissey\",\"details\":\"Blissey, L85, F\",\"condition\":\"572/572\",\"active\":false,\"stats\":{\"atk\":22,\"def\":66,\"spa\":176,\"spd\":278,\"spe\":142},\"moves\":[\"stealthrock\",\"softboiled\",\"thunderwave\",\"seismictoss\"],\"baseAbility\":\"naturalcure\",\"item\":\"leftovers\",\"pokeball\":\"pokeball\",\"ability\":\"naturalcure\",\"commanding\":false,\"reviving\":false,\"teraType\":\"Poison\",\"terastallized\":\"\"},{\"ident\":\"p2: Skuntank\",\"details\":\"Skuntank, L84, F\",\"condition\":\"90/310 brn\",\"active\":false,\"stats\":{\"atk\":204,\"def\":161,\"spa\":167,\"spd\":151,\"spe\":189},\"moves\":[\"gunkshot\",\"knockoff\",\"taunt\",\"toxicspikes\"],\"baseAbility\":\"aftermath\",\"item\":\"leftovers\",\"pokeball\":\"pokeball\",\"ability\":\"aftermath\",\"commanding\":false,\"reviving\":false,\"teraType\":\"Poison\",\"terastallized\":\"\"},{\"ident\":\"p2: Kilowattrel\",\"details\":\"Kilowattrel, L83, M\",\"condition\":\"36/252\",\"active\":false,\"stats\":{\"atk\":164,\"def\":147,\"spa\":222,\"spd\":147,\"spe\":255},\"moves\":[\"discharge\",\"uturn\",\"hurricane\",\"roost\"],\"baseAbility\":\"voltabsorb\",\"item\":\"heavydutyboots\",\"pokeball\":\"pokeball\",\"ability\":\"voltabsorb\",\"commanding\":false,\"reviving\":false,\"teraType\":\"Steel\",\"terastallized\":\"\"},{\"ident\":\"p2: Goodra\",\"details\":\"Goodra-Hisui, L82, M\",\"condition\":\"27/265\",\"active\":false,\"stats\":{\"atk\":211,\"def\":211,\"spa\":228,\"spd\":293,\"spe\":146},\"moves\":[\"heavyslam\",\"earthquake\",\"dragontail\",\"dracometeor\"],\"baseAbility\":\"sapsipper\",\"item\":\"assaultvest\",\"pokeball\":\"pokeball\",\"ability\":\"sapsipper\",\"commanding\":false,\"reviving\":false,\"teraType\":\"Ground\",\"terastallized\":\"\"}]},\"rqid\":67}\n|inactive|Time left: 300 sec this turn | 300 sec total\n|\n|t:|1783392210\n|move|p1a: Luvdisc|Substitute|p1a: Luvdisc\n|-start|p1a: Luvdisc|Substitute\n|-damage|p1a: Luvdisc|51/100\n|move|p2a: Clefable|Moonblast|p1a: Luvdisc\n|-end|p1a: Luvdisc|Substitute\n|\n|upkeep\n|turn|27\n|request|{\"active\":[{\"moves\":[{\"move\":\"Moonblast\",\"id\":\"moonblast\",\"pp\":20,\"maxpp\":24,\"target\":\"normal\",\"disabled\":false},{\"move\":\"Calm Mind\",\"id\":\"calmmind\",\"pp\":29,\"maxpp\":32,\"target\":\"self\",\"disabled\":false},{\"move\":\"Moonlight\",\"id\":\"moonlight\",\"pp\":7,\"maxpp\":8,\"target\":\"self\",\"disabled\":false},{\"move\":\"Fire Blast\",\"id\":\"fireblast\",\"pp\":8,\"maxpp\":8,\"target\":\"normal\",\"disabled\":false}],\"canTerastallize\":\"Steel\"}],\"side\":{\"name\":\"p0y079e689\",\"id\":\"p2\",\"pokemon\":[{\"ident\":\"p2: Clefable\",\"details\":\"Clefable, L83, M\",\"condition\":\"261/293 brn\",\"active\":true,\"stats\":{\"atk\":121,\"def\":169,\"spa\":205,\"spd\":197,\"spe\":147},\"moves\":[\"moonblast\",\"calmmind\",\"moonlight\",\"fireblast\"],\"baseAbility\":\"magicguard\",\"item\":\"lifeorb\",\"pokeball\":\"pokeball\",\"ability\":\"magicguard\",\"commanding\":false,\"reviving\":false,\"teraType\":\"Steel\",\"terastallized\":\"\"},{\"ident\":\"p2: Golurk\",\"details\":\"Golurk, L87\",\"condition\":\"0 fnt\",\"active\":false,\"stats\":{\"atk\":266,\"def\":189,\"spa\":145,\"spd\":189,\"spe\":145},\"moves\":[\"earthquake\",\"dynamicpunch\",\"stoneedge\",\"poltergeist\"],\"baseAbility\":\"noguard\",\"item\":\"choiceband\",\"pokeball\":\"pokeball\",\"ability\":\"noguard\",\"commanding\":false,\"reviving\":false,\"teraType\":\"Ghost\",\"terastallized\":\"\"},{\"ident\":\"p2: Blissey\",\"details\":\"Blissey, L85, F\",\"condition\":\"572/572\",\"active\":false,\"stats\":{\"atk\":22,\"def\":66,\"spa\":176,\"spd\":278,\"spe\":142},\"moves\":[\"stealthrock\",\"softboiled\",\"thunderwave\",\"seismictoss\"],\"baseAbility\":\"naturalcure\",\"item\":\"leftovers\",\"pokeball\":\"pokeball\",\"ability\":\"naturalcure\",\"commanding\":false,\"reviving\":false,\"teraType\":\"Poison\",\"terastallized\":\"\"},{\"ident\":\"p2: Skuntank\",\"details\":\"Skuntank, L84, F\",\"condition\":\"90/310 brn\",\"active\":false,\"stats\":{\"atk\":204,\"def\":161,\"spa\":167,\"spd\":151,\"spe\":189},\"moves\":[\"gunkshot\",\"knockoff\",\"taunt\",\"toxicspikes\"],\"baseAbility\":\"aftermath\",\"item\":\"leftovers\",\"pokeball\":\"pokeball\",\"ability\":\"aftermath\",\"commanding\":false,\"reviving\":false,\"teraType\":\"Poison\",\"terastallized\":\"\"},{\"ident\":\"p2: Kilowattrel\",\"details\":\"Kilowattrel, L83, M\",\"condition\":\"36/252\",\"active\":false,\"stats\":{\"atk\":164,\"def\":147,\"spa\":222,\"spd\":147,\"spe\":255},\"moves\":[\"discharge\",\"uturn\",\"hurricane\",\"roost\"],\"baseAbility\":\"voltabsorb\",\"item\":\"heavydutyboots\",\"pokeball\":\"pokeball\",\"ability\":\"voltabsorb\",\"commanding\":false,\"reviving\":false,\"teraType\":\"Steel\",\"terastallized\":\"\"},{\"ident\":\"p2: Goodra\",\"details\":\"Goodra-Hisui, L82, M\",\"condition\":\"27/265\",\"active\":false,\"stats\":{\"atk\":211,\"def\":211,\"spa\":228,\"spd\":293,\"spe\":146},\"moves\":[\"heavyslam\",\"earthquake\",\"dragontail\",\"dracometeor\"],\"baseAbility\":\"sapsipper\",\"item\":\"assaultvest\",\"pokeball\":\"pokeball\",\"ability\":\"sapsipper\",\"commanding\":false,\"reviving\":false,\"teraType\":\"Ground\",\"terastallized\":\"\"}]},\"rqid\":69}\n|inactive|Time left: 300 sec this turn | 300 sec total\n|\n|t:|1783392210\n|-terastallize|p1a: Luvdisc|Ghost\n|move|p1a: Luvdisc|Substitute|p1a: Luvdisc\n|-start|p1a: Luvdisc|Substitute\n|-damage|p1a: Luvdisc|26/100\n|move|p2a: Clefable|Moonblast|p1a: Luvdisc\n|-end|p1a: Luvdisc|Substitute\n|\n|upkeep\n|turn|28\n|request|{\"active\":[{\"moves\":[{\"move\":\"Moonblast\",\"id\":\"moonblast\",\"pp\":19,\"maxpp\":24,\"target\":\"normal\",\"disabled\":false},{\"move\":\"Calm Mind\",\"id\":\"calmmind\",\"pp\":29,\"maxpp\":32,\"target\":\"self\",\"disabled\":false},{\"move\":\"Moonlight\",\"id\":\"moonlight\",\"pp\":7,\"maxpp\":8,\"target\":\"self\",\"disabled\":false},{\"move\":\"Fire Blast\",\"id\":\"fireblast\",\"pp\":8,\"maxpp\":8,\"target\":\"normal\",\"disabled\":false}],\"canTerastallize\":\"Steel\"}],\"side\":{\"name\":\"p0y079e689\",\"id\":\"p2\",\"pokemon\":[{\"ident\":\"p2: Clefable\",\"details\":\"Clefable, L83, M\",\"condition\":\"261/293 brn\",\"active\":true,\"stats\":{\"atk\":121,\"def\":169,\"spa\":205,\"spd\":197,\"spe\":147},\"moves\":[\"moonblast\",\"calmmind\",\"moonlight\",\"fireblast\"],\"baseAbility\":\"magicguard\",\"item\":\"lifeorb\",\"pokeball\":\"pokeball\",\"ability\":\"magicguard\",\"commanding\":false,\"reviving\":false,\"teraType\":\"Steel\",\"terastallized\":\"\"},{\"ident\":\"p2: Golurk\",\"details\":\"Golurk, L87\",\"condition\":\"0 fnt\",\"active\":false,\"stats\":{\"atk\":266,\"def\":189,\"spa\":145,\"spd\":189,\"spe\":145},\"moves\":[\"earthquake\",\"dynamicpunch\",\"stoneedge\",\"poltergeist\"],\"baseAbility\":\"noguard\",\"item\":\"choiceband\",\"pokeball\":\"pokeball\",\"ability\":\"noguard\",\"commanding\":false,\"reviving\":false,\"teraType\":\"Ghost\",\"terastallized\":\"\"},{\"ident\":\"p2: Blissey\",\"details\":\"Blissey, L85, F\",\"condition\":\"572/572\",\"active\":false,\"stats\":{\"atk\":22,\"def\":66,\"spa\":176,\"spd\":278,\"spe\":142},\"moves\":[\"stealthrock\",\"softboiled\",\"thunderwave\",\"seismictoss\"],\"baseAbility\":\"naturalcure\",\"item\":\"leftovers\",\"pokeball\":\"pokeball\",\"ability\":\"naturalcure\",\"commanding\":false,\"reviving\":false,\"teraType\":\"Poison\",\"terastallized\":\"\"},{\"ident\":\"p2: Skuntank\",\"details\":\"Skuntank, L84, F\",\"condition\":\"90/310 brn\",\"active\":false,\"stats\":{\"atk\":204,\"def\":161,\"spa\":167,\"spd\":151,\"spe\":189},\"moves\":[\"gunkshot\",\"knockoff\",\"taunt\",\"toxicspikes\"],\"baseAbility\":\"aftermath\",\"item\":\"leftovers\",\"pokeball\":\"pokeball\",\"ability\":\"aftermath\",\"commanding\":false,\"reviving\":false,\"teraType\":\"Poison\",\"terastallized\":\"\"},{\"ident\":\"p2: Kilowattrel\",\"details\":\"Kilowattrel, L83, M\",\"condition\":\"36/252\",\"active\":false,\"stats\":{\"atk\":164,\"def\":147,\"spa\":222,\"spd\":147,\"spe\":255},\"moves\":[\"discharge\",\"uturn\",\"hurricane\",\"roost\"],\"baseAbility\":\"voltabsorb\",\"item\":\"heavydutyboots\",\"pokeball\":\"pokeball\",\"ability\":\"voltabsorb\",\"commanding\":false,\"reviving\":false,\"teraType\":\"Steel\",\"terastallized\":\"\"},{\"ident\":\"p2: Goodra\",\"details\":\"Goodra-Hisui, L82, M\",\"condition\":\"27/265\",\"active\":false,\"stats\":{\"atk\":211,\"def\":211,\"spa\":228,\"spd\":293,\"spe\":146},\"moves\":[\"heavyslam\",\"earthquake\",\"dragontail\",\"dracometeor\"],\"baseAbility\":\"sapsipper\",\"item\":\"assaultvest\",\"pokeball\":\"pokeball\",\"ability\":\"sapsipper\",\"commanding\":false,\"reviving\":false,\"teraType\":\"Ground\",\"terastallized\":\"\"}]},\"rqid\":71}\n|inactive|Time left: 300 sec this turn | 300 sec total\n|\n|t:|1783392210\n|-terastallize|p2a: Clefable|Steel\n|move|p1a: Luvdisc|Substitute|p1a: Luvdisc\n|-start|p1a: Luvdisc|Substitute\n|-damage|p1a: Luvdisc|2/100\n|move|p2a: Clefable|Moonblast|p1a: Luvdisc\n|-end|p1a: Luvdisc|Substitute\n|\n|upkeep\n|turn|29\n|request|{\"active\":[{\"moves\":[{\"move\":\"Moonblast\",\"id\":\"moonblast\",\"pp\":18,\"maxpp\":24,\"target\":\"normal\",\"disabled\":false},{\"move\":\"Calm Mind\",\"id\":\"calmmind\",\"pp\":29,\"maxpp\":32,\"target\":\"self\",\"disabled\":false},{\"move\":\"Moonlight\",\"id\":\"moonlight\",\"pp\":7,\"maxpp\":8,\"target\":\"self\",\"disabled\":false},{\"move\":\"Fire Blast\",\"id\":\"fireblast\",\"pp\":8,\"maxpp\":8,\"target\":\"normal\",\"disabled\":false}]}],\"side\":{\"name\":\"p0y079e689\",\"id\":\"p2\",\"pokemon\":[{\"ident\":\"p2: Clefable\",\"details\":\"Clefable, L83, M\",\"condition\":\"261/293 brn\",\"active\":true,\"stats\":{\"atk\":121,\"def\":169,\"spa\":205,\"spd\":197,\"spe\":147},\"moves\":[\"moonblast\",\"calmmind\",\"moonlight\",\"fireblast\"],\"baseAbility\":\"magicguard\",\"item\":\"lifeorb\",\"pokeball\":\"pokeball\",\"ability\":\"magicguard\",\"commanding\":false,\"reviving\":false,\"teraType\":\"Steel\",\"terastallized\":\"Steel\"},{\"ident\":\"p2: Golurk\",\"details\":\"Golurk, L87\",\"condition\":\"0 fnt\",\"active\":false,\"stats\":{\"atk\":266,\"def\":189,\"spa\":145,\"spd\":189,\"spe\":145},\"moves\":[\"earthquake\",\"dynamicpunch\",\"stoneedge\",\"poltergeist\"],\"baseAbility\":\"noguard\",\"item\":\"choiceband\",\"pokeball\":\"pokeball\",\"ability\":\"noguard\",\"commanding\":false,\"reviving\":false,\"teraType\":\"Ghost\",\"terastallized\":\"\"},{\"ident\":\"p2: Blissey\",\"details\":\"Blissey, L85, F\",\"condition\":\"572/572\",\"active\":false,\"stats\":{\"atk\":22,\"def\":66,\"spa\":176,\"spd\":278,\"spe\":142},\"moves\":[\"stealthrock\",\"softboiled\",\"thunderwave\",\"seismictoss\"],\"baseAbility\":\"naturalcure\",\"item\":\"leftovers\",\"pokeball\":\"pokeball\",\"ability\":\"naturalcure\",\"commanding\":false,\"reviving\":false,\"teraType\":\"Poison\",\"terastallized\":\"\"},{\"ident\":\"p2: Skuntank\",\"details\":\"Skuntank, L84, F\",\"condition\":\"90/310 brn\",\"active\":false,\"stats\":{\"atk\":204,\"def\":161,\"spa\":167,\"spd\":151,\"spe\":189},\"moves\":[\"gunkshot\",\"knockoff\",\"taunt\",\"toxicspikes\"],\"baseAbility\":\"aftermath\",\"item\":\"leftovers\",\"pokeball\":\"pokeball\",\"ability\":\"aftermath\",\"commanding\":false,\"reviving\":false,\"teraType\":\"Poison\",\"terastallized\":\"\"},{\"ident\":\"p2: Kilowattrel\",\"details\":\"Kilowattrel, L83, M\",\"condition\":\"36/252\",\"active\":false,\"stats\":{\"atk\":164,\"def\":147,\"spa\":222,\"spd\":147,\"spe\":255},\"moves\":[\"discharge\",\"uturn\",\"hurricane\",\"roost\"],\"baseAbility\":\"voltabsorb\",\"item\":\"heavydutyboots\",\"pokeball\":\"pokeball\",\"ability\":\"voltabsorb\",\"commanding\":false,\"reviving\":false,\"teraType\":\"Steel\",\"terastallized\":\"\"},{\"ident\":\"p2: Goodra\",\"details\":\"Goodra-Hisui, L82, M\",\"condition\":\"27/265\",\"active\":false,\"stats\":{\"atk\":211,\"def\":211,\"spa\":228,\"spd\":293,\"spe\":146},\"moves\":[\"heavyslam\",\"earthquake\",\"dragontail\",\"dr, "uploadtime": 1783392210, "views": 0, "rating": 0, "private": 0, "password": null, "_winner": "p0y079e689", "_our_name": "p0x079c550"}alse,\"reviving\":false,\"teraType\":\"Ground\",\"terastallized\":\"\"}]},\"rqid\":73}\n|inactive|Time left: 300 sec this turn | 300 sec total\n|\n|t:|1783392210\n|move|p1a: Luvdisc|Substitute|p1a: Luvdisc\n|-fail|p1a: Luvdisc|move: Substitute|[weak]\n|move|p2a: Clefable|Moonblast|p1a: Luvdisc\n|-damage|p1a: Luvdisc|0 fnt\n|faint|p1a: Luvdisc\n|\n|win|p0y079e689", "uploadtime": 1783392210, "views": 0, "rating": 0, "private": 0, "password": null, "_winner": "p0y079e689", "_our_name": "p0y079e689"}