{"id": "battle-gen9randombattle-205", "formatid": "gen9randombattle", "format": "[Gen 9] Random Battle", "players": ["p0x003d598", "p0y0032520"], "log": "|init|battle\n|title|p0x003d598 vs. p0y0032520\n|j|\u2606p0x003d598\n|j|\u2606p0y0032520\n|t:|1783390927\n|gametype|singles\n|player|p1|p0x003d598|1|\n|player|p2|p0y0032520|170|\n|gen|9\n|tier|[Gen 9] Random Battle\n|rule|Species Clause: Limit one of each Pok\u00e9mon\n|rule|HP Percentage Mod: HP is shown in percentages\n|rule|Sleep Clause Mod: Limit one foe put to sleep\n|rule|Illusion Level Mod: Illusion disguises the Pok\u00e9mon's true level\n|\n|t:|1783390927\n|teamsize|p1|6\n|teamsize|p2|6\n|start\n|switch|p1a: Probopass|Probopass, L91, M|257/257\n|switch|p2a: Lunala|Lunala, L70|100/100\n|turn|1\n|request|{\"active\":[{\"moves\":[{\"move\":\"Flash Cannon\",\"id\":\"flashcannon\",\"pp\":16,\"maxpp\":16,\"target\":\"normal\",\"disabled\":false},{\"move\":\"Thunder Wave\",\"id\":\"thunderwave\",\"pp\":32,\"maxpp\":32,\"target\":\"normal\",\"disabled\":false},{\"move\":\"Iron Defense\",\"id\":\"irondefense\",\"pp\":24,\"maxpp\":24,\"target\":\"self\",\"disabled\":false},{\"move\":\"Body Press\",\"id\":\"bodypress\",\"pp\":16,\"maxpp\":16,\"target\":\"normal\",\"disabled\":false}],\"canTerastallize\":\"Fighting\"}],\"side\":{\"name\":\"p0x003d598\",\"id\":\"p1\",\"pokemon\":[{\"ident\":\"p1: Probopass\",\"details\":\"Probopass, L91, M\",\"condition\":\"257/257\",\"active\":true,\"stats\":{\"atk\":105,\"def\":316,\"spa\":188,\"spd\":325,\"spe\":125},\"moves\":[\"flashcannon\",\"thunderwave\",\"irondefense\",\"bodypress\"],\"baseAbility\":\"magnetpull\",\"item\":\"leftovers\",\"pokeball\":\"pokeball\",\"ability\":\"magnetpull\",\"commanding\":false,\"reviving\":false,\"teraType\":\"Fighting\",\"terastallized\":\"\"},{\"ident\":\"p1: Shiftry\",\"details\":\"Shiftry, L89, M\",\"condition\":\"305/305\",\"active\":false,\"stats\":{\"atk\":229,\"def\":158,\"spa\":211,\"spd\":158,\"spe\":193},\"moves\":[\"lowkick\",\"tailwind\",\"knockoff\",\"leafblade\"],\"baseAbility\":\"windrider\",\"item\":\"lifeorb\",\"pokeball\":\"pokeball\",\"ability\":\"windrider\",\"commanding\":false,\"reviving\":false,\"teraType\":\"Dark\",\"terastallized\":\"\"},{\"ident\":\"p1: Sandaconda\",\"details\":\"Sandaconda, L84, M\",\"condition\":\"258/258\",\"active\":false,\"stats\":{\"atk\":228,\"def\":258,\"spa\":157,\"spd\":166,\"spe\":167},\"moves\":[\"rest\",\"coil\",\"earthquake\",\"stoneedge\"],\"baseAbility\":\"shedskin\",\"item\":\"leftovers\",\"pokeball\":\"pokeball\",\"ability\":\"shedskin\",\"commanding\":false,\"reviving\":false,\"teraType\":\"Dragon\",\"terastallized\":\"\"},{\"ident\":\"p1: Dipplin\",\"details\":\"Dipplin, L88, M\",\"condition\":\"284/284\",\"active\":false,\"stats\":{\"atk\":191,\"def\":244,\"spa\":217,\"spd\":191,\"spe\":121},\"moves\":[\"recover\",\"gigadrain\",\"dragonpulse\",\"suckerpunch\"],\"baseAbility\":\"stickyhold\",\"item\":\"eviolite\",\"pokeball\":\"pokeball\",\"ability\":\"stickyhold\",\"commanding\":false,\"reviving\":false,\"teraType\":\"Steel\",\"terastallized\":\"\"},{\"ident\":\"p1: Lanturn\",\"details\":\"Lanturn, L89, F\",\"condition\":\"367/367\",\"active\":false,\"stats\":{\"atk\":108,\"def\":154,\"spa\":186,\"spd\":186,\"spe\":170},\"moves\":[\"scald\",\"thunderwave\",\"voltswitch\",\"thunderbolt\"],\"baseAbility\":\"voltabsorb\",\"item\":\"heavydutyboots\",\"pokeball\":\"pokeball\",\"ability\":\"voltabsorb\",\"commanding\":false,\"reviving\":false,\"teraType\":\"Flying\",\"terastallized\":\"\"},{\"ident\":\"p1: Furret\",\"details\":\"Furret, L94, M\",\"condition\":\"312/312\",\"active\":false,\"stats\":{\"atk\":196,\"def\":174,\"spa\":138,\"spd\":157,\"spe\":223},\"moves\":[\"tidyup\",\"knockoff\",\"brickbreak\",\"doubleedge\"],\"baseAbility\":\"frisk\",\"item\":\"lifeorb\",\"pokeball\":\"pokeball\",\"ability\":\"frisk\",\"commanding\":false,\"reviving\":false,\"teraType\":\"Normal\",\"terastallized\":\"\"}]},\"rqid\":2}\n|inactive|Battle timer is ON: inactive players will automatically lose when time's up. (requested by p0y0032520)\n|inactive|Time left: 300 sec this turn | 300 sec total | 60 sec grace\n|html|<div class=\"message-error\">You must be registered to chat in temporary rooms (like battles).</div>You may register in the <button name=\"openOptions\"><i class=\"fa fa-cog\"></i> Options</button> menu.\n|inactive|p0x003d598 also wants the timer to be on.\n|\n|t:|1783390927\n|move|p2a: Lunala|Calm Mind|p2a: Lunala\n|-boost|p2a: Lunala|spa|1\n|-boost|p2a: Lunala|spd|1\n|move|p1a: Probopass|Iron Defense|p1a: Probopass\n|-boost|p1a: Probopass|def|2\n|\n|upkeep\n|turn|2\n|request|{\"active\":[{\"moves\":[{\"move\":\"Flash Cannon\",\"id\":\"flashcannon\",\"pp\":16,\"maxpp\":16,\"target\":\"normal\",\"disabled\":false},{\"move\":\"Thunder Wave\",\"id\":\"thunderwave\",\"pp\":32,\"maxpp\":32,\"target\":\"normal\",\"disabled\":false},{\"move\":\"Iron Defense\",\"id\":\"irondefense\",\"pp\":23,\"maxpp\":24,\"target\":\"self\",\"disabled\":false},{\"move\":\"Body Press\",\"id\":\"bodypress\",\"pp\":16,\"maxpp\":16,\"target\":\"normal\",\"disabled\":false}],\"canTerastallize\":\"Fighting\"}],\"side\":{\"name\":\"p0x003d598\",\"id\":\"p1\",\"pokemon\":[{\"ident\":\"p1: Probopass\",\"details\":\"Probopass, L91, M\",\"condition\":\"257/257\",\"active\":true,\"stats\":{\"atk\":105,\"def\":316,\"spa\":188,\"spd\":325,\"spe\":125},\"moves\":[\"flashcannon\",\"thunderwave\",\"irondefense\",\"bodypress\"],\"baseAbility\":\"magnetpull\",\"item\":\"leftovers\",\"pokeball\":\"pokeball\",\"ability\":\"magnetpull\",\"commanding\":false,\"reviving\":false,\"teraType\":\"Fighting\",\"terastallized\":\"\"},{\"ident\":\"p1: Shiftry\",\"details\":\"Shiftry, L89, M\",\"condition\":\"305/305\",\"active\":false,\"stats\":{\"atk\":229,\"def\":158,\"spa\":211,\"spd\":158,\"spe\":193},\"moves\":[\"lowkick\",\"tailwind\",\"knockoff\",\"leafblade\"],\"baseAbility\":\"windrider\",\"item\":\"lifeorb\",\"pokeball\":\"pokeball\",\"ability\":\"windrider\",\"commanding\":false,\"reviving\":false,\"teraType\":\"Dark\",\"terastallized\":\"\"},{\"ident\":\"p1: Sandaconda\",\"details\":\"Sandaconda, L84, M\",\"condition\":\"258/258\",\"active\":false,\"stats\":{\"atk\":228,\"def\":258,\"spa\":157,\"spd\":166,\"spe\":167},\"moves\":[\"rest\",\"coil\",\"earthquake\",\"stoneedge\"],\"baseAbility\":\"shedskin\",\"item\":\"leftovers\",\"pokeball\":\"pokeball\",\"ability\":\"shedskin\",\"commanding\":false,\"reviving\":false,\"teraType\":\"Dragon\",\"terastallized\":\"\"},{\"ident\":\"p1: Dipplin\",\"details\":\"Dipplin, L88, M\",\"condition\":\"284/284\",\"active\":false,\"stats\":{\"atk\":191,\"def\":244,\"spa\":217,\"spd\":191,\"spe\":121},\"moves\":[\"recover\",\"gigadrain\",\"dragonpulse\",\"suckerpunch\"],\"baseAbility\":\"stickyhold\",\"item\":\"eviolite\",\"pokeball\":\"pokeball\",\"ability\":\"stickyhold\",\"commanding\":false,\"reviving\":false,\"teraType\":\"Steel\",\"terastallized\":\"\"},{\"ident\":\"p1: Lanturn\",\"details\":\"Lanturn, L89, F\",\"condition\":\"367/367\",\"active\":false,\"stats\":{\"atk\":108,\"def\":154,\"spa\":186,\"spd\":186,\"spe\":170},\"moves\":[\"scald\",\"thunderwave\",\"voltswitch\",\"thunderbolt\"],\"baseAbility\":\"voltabsorb\",\"item\":\"heavydutyboots\",\"pokeball\":\"pokeball\",\"ability\":\"voltabsorb\",\"commanding\":false,\"reviving\":false,\"teraType\":\"Flying\",\"terastallized\":\"\"},{\"ident\":\"p1: Furret\",\"details\":\"Furret, L94, M\",\"condition\":\"312/312\",\"active\":false,\"stats\":{\"atk\":196,\"def\":174,\"spa\":138,\"spd\":157,\"spe\":223},\"moves\":[\"tidyup\",\"knockoff\",\"brickbreak\",\"doubleedge\"],\"baseAbility\":\"frisk\",\"item\":\"lifeorb\",\"pokeball\":\"pokeball\",\"ability\":\"frisk\",\"commanding\":false,\"reviving\":false,\"teraType\":\"Normal\",\"terastallized\":\"\"}]},\"rqid\":4}\n|inactive|Time left: 300 sec this turn | 300 sec total\n|\n|t:|1783390928\n|switch|p1a: Shiftry|Shiftry, L89, M|305/305\n|move|p2a: Lunala|Calm Mind|p2a: Lunala\n|-boost|p2a: Lunala|spa|1\n|-boost|p2a: Lunala|spd|1\n|\n|upkeep\n|turn|3\n|request|{\"active\":[{\"moves\":[{\"move\":\"Low Kick\",\"id\":\"lowkick\",\"pp\":32,\"maxpp\":32,\"target\":\"normal\",\"disabled\":false},{\"move\":\"Tailwind\",\"id\":\"tailwind\",\"pp\":24,\"maxpp\":24,\"target\":\"allySide\",\"disabled\":false},{\"move\":\"Knock Off\",\"id\":\"knockoff\",\"pp\":32,\"maxpp\":32,\"target\":\"normal\",\"disabled\":false},{\"move\":\"Leaf Blade\",\"id\":\"leafblade\",\"pp\":24,\"maxpp\":24,\"target\":\"normal\",\"disabled\":false}],\"canTerastallize\":\"Dark\"}],\"side\":{\"name\":\"p0x003d598\",\"id\":\"p1\",\"pokemon\":[{\"ident\":\"p1: Shiftry\",\"details\":\"Shiftry, L89, M\",\"condition\":\"305/305\",\"active\":true,\"stats\":{\"atk\":229,\"def\":158,\"spa\":211,\"spd\":158,\"spe\":193},\"moves\":[\"lowkick\",\"tailwind\",\"knockoff\",\"leafblade\"],\"baseAbility\":\"windrider\",\"item\":\"lifeorb\",\"pokeball\":\"pokeball\",\"ability\":\"windrider\",\"commanding\":false,\"reviving\":false,\"teraType\":\"Dark\",\"terastallized\":\"\"},{\"ident\":\"p1: Probopass\",\"details\":\"Probopass, L91, M\",\"condition\":\"257/257\",\"active\":false,\"stats\":{\"atk\":105,\"def\":316,\"spa\":188,\"spd\":325,\"spe\":125},\"moves\":[\"flashcannon\",\"thunderwave\",\"irondefense\",\"bodypress\"],\"baseAbility\":\"magnetpull\",\"item\":\"leftovers\",\"pokeball\":\"pokeball\",\"ability\":\"magnetpull\",\"commanding\":false,\"reviving\":false,\"teraType\":\"Fighting\",\"terastallized\":\"\"},{\"ident\":\"p1: Sandaconda\",\"details\":\"Sandaconda, L84, M\",\"condition\":\"258/258\",\"active\":false,\"stats\":{\"atk\":228,\"def\":258,\"spa\":157,\"spd\":166,\"spe\":167},\"moves\":[\"rest\",\"coil\",\"earthquake\",\"stoneedge\"],\"baseAbility\":\"shedskin\",\"item\":\"leftovers\",\"pokeball\":\"pokeball\",\"ability\":\"shedskin\",\"commanding\":false,\"reviving\":false,\"teraType\":\"Dragon\",\"terastallized\":\"\"},{\"ident\":\"p1: Dipplin\",\"details\":\"Dipplin, L88, M\",\"condition\":\"284/284\",\"active\":false,\"stats\":{\"atk\":191,\"def\":244,\"spa\":217,\"spd\":191,\"spe\":121},\"moves\":[\"recover\",\"gigadrain\",\"dragonpulse\",\"suckerpunch\"],\"baseAbility\":\"stickyhold\",\"item\":\"eviolite\",\"pokeball\":\"pokeball\",\"ability\":\"stickyhold\",\"commanding\":false,\"reviving\":false,\"teraType\":\"Steel\",\"terastallized\":\"\"},{\"ident\":\"p1: Lanturn\",\"details\":\"Lanturn, L89, F\",\"condition\":\"367/367\",\"active\":false,\"stats\":{\"atk\":108,\"def\":154,\"spa\":186,\"spd\":186,\"spe\":170},\"moves\":[\"scald\",\"thunderwave\",\"voltswitch\",\"thunderbolt\"],\"baseAbility\":\"voltabsorb\",\"item\":\"heavydutyboots\",\"pokeball\":\"pokeball\",\"ability\":\"voltabsorb\",\"commanding\":false,\"reviving\":false,\"teraType\":\"Flying\",\"terastallized\":\"\"},{\"ident\":\"p1: Furret\",\"details\":\"Furret, L94, M\",\"condition\":\"312/312\",\"active\":false,\"stats\":{\"atk\":196,\"def\":174,\"spa\":138,\"spd\":157,\"spe\":223},\"moves\":[\"tidyup\",\"knockoff\",\"brickbreak\",\"doubleedge\"],\"baseAbility\":\"frisk\",\"item\":\"lifeorb\",\"pokeball\":\"pokeball\",\"ability\":\"frisk\",\"commanding\":false,\"reviving\":false,\"teraType\":\"Normal\",\"terastallized\":\"\"}]},\"rqid\":6}\n|inactive|Time left: 300 sec this turn | 300 sec total\n|\n|t:|1783390928\n|-terastallize|p2a: Lunala|Dark\n|move|p1a: Shiftry|Knock Off|p2a: Lunala\n|-resisted|p2a: Lunala\n|-damage|p2a: Lunala|87/100\n|-enditem|p2a: Lunala|Leftovers|[from] move: Knock Off|[of] p1a: Shiftry\n|-damage|p1a: Shiftry|275/305|[from] item: Life Orb\n|move|p2a: Lunala|Moongeist Beam|p1a: Shiftry\n|-resisted|p1a: Shiftry\n|-damage|p1a: Shiftry|149/305\n|\n|upkeep\n|turn|4\n|request|{\"active\":[{\"moves\":[{\"move\":\"Low Kick\",\"id\":\"lowkick\",\"pp\":32,\"maxpp\":32,\"target\":\"normal\",\"disabled\":false},{\"move\":\"Tailwind\",\"id\":\"tailwind\",\"pp\":24,\"maxpp\":24,\"target\":\"allySide\",\"disabled\":false},{\"move\":\"Knock Off\",\"id\":\"knockoff\",\"pp\":31,\"maxpp\":32,\"target\":\"normal\",\"disabled\":false},{\"move\":\"Leaf Blade\",\"id\":\"leafblade\",\"pp\":24,\"maxpp\":24,\"target\":\"normal\",\"disabled\":false}],\"canTerastallize\":\"Dark\"}],\"side\":{\"name\":\"p0x003d598\",\"id\":\"p1\",\"pokemon\":[{\"ident\":\"p1: Shiftry\",\"details\":\"Shiftry, L89, M\",\"condition\":\"149/305\",\"active\":true,\"stats\":{\"atk\":229,\"def\":158,\"spa\":211,\"spd\":158,\"spe\":193},\"moves\":[\"lowkick\",\"tailwind\",\"knockoff\",\"leafblade\"],\"baseAbility\":\"windrider\",\"item\":\"lifeorb\",\"pokeball\":\"pokeball\",\"ability\":\"windrider\",\"commanding\":false,\"reviving\":false,\"teraType\":\"Dark\",\"terastallized\":\"\"},{\"ident\":\"p1: Probopass\",\"details\":\"Probopass, L91, M\",\"condition\":\"257/257\",\"active\":false,\"stats\":{\"atk\":105,\"def\":316,\"spa\":188,\"spd\":325,\"spe\":125},\"moves\":[\"flashcannon\",\"thunderwave\",\"irondefense\",\"bodypress\"],\"baseAbility\":\"magnetpull\",\"item\":\"leftovers\",\"pokeball\":\"pokeball\",\"ability\":\"magnetpull\",\"commanding\":false,\"reviving\":false,\"teraType\":\"Fighting\",\"terastallized\":\"\"},{\"ident\":\"p1: Sandaconda\",\"details\":\"Sandaconda, L84, M\",\"condition\":\"258/258\",\"active\":false,\"stats\":{\"atk\":228,\"def\":258,\"spa\":157,\"spd\":166,\"spe\":167},\"moves\":[\"rest\",\"coil\",\"earthquake\",\"stoneedge\"],\"baseAbility\":\"shedskin\",\"item\":\"leftovers\",\"pokeball\":\"pokeball\",\"ability\":\"shedskin\",\"commanding\":false,\"reviving\":false,\"teraType\":\"Dragon\",\"terastallized\":\"\"},{\"ident\":\"p1: Dipplin\",\"details\":\"Dipplin, L88, M\",\"condition\":\"284/284\",\"active\":false,\"stats\":{\"atk\":191,\"def\":244,\"spa\":217,\"spd\":191,\"spe\":121},\"moves\":[\"recover\",\"gigadrain\",\"dragonpulse\",\"suckerpunch\"],\"baseAbility\":\"stickyhold\",\"item\":\"eviolite\",\"pokeball\":\"pokeball\",\"ability\":\"stickyhold\",\"commanding\":false,\"reviving\":false,\"teraType\":\"Steel\",\"terastallized\":\"\"},{\"ident\":\"p1: Lanturn\",\"details\":\"Lanturn, L89, F\",\"condition\":\"367/367\",\"active\":false,\"stats\":{\"atk\":108,\"def\":154,\"spa\":186,\"spd\":186,\"spe\":170},\"moves\":[\"scald\",\"thunderwave\",\"voltswitch\",\"thunderbolt\"],\"baseAbility\":\"voltabsorb\",\"item\":\"heavydutyboots\",\"pokeball\":\"pokeball\",\"ability\":\"voltabsorb\",\"commanding\":false,\"reviving\":false,\"teraType\":\"Flying\",\"terastallized\":\"\"},{\"ident\":\"p1: Furret\",\"details\":\"Furret, L94, M\",\"condition\":\"312/312\",\"active\":false,\"stats\":{\"atk\":196,\"def\":174,\"spa\":138,\"spd\":157,\"spe\":223},\"moves\":[\"tidyup\",\"knockoff\",\"brickbreak\",\"doubleedge\"],\"baseAbility\":\"frisk\",\"item\":\"lifeorb\",\"pokeball\":\"pokeball\",\"ability\":\"frisk\",\"commanding\":false,\"reviving\":false,\"teraType\":\"Normal\",\"terastallized\":\"\"}]},\"rqid\":8}\n|inactive|Time left: 300 sec this turn | 300 sec total\n|\n|t:|1783390928\n|move|p1a: Shiftry|Low Kick|p2a: Lunala\n|-supereffective|p2a: Lunala\n|-damage|p2a: Lunala|4/100\n|-damage|p1a: Shiftry|119/305|[from] item: Life Orb\n|move|p2a: Lunala|Moongeist Beam|p1a: Shiftry\n|-resisted|p1a: Shiftry\n|-damage|p1a: Shiftry|1/305\n|\n|upkeep\n|turn|5\n|request|{\"active\":[{\"moves\":[{\"move\":\"Low Kick\",\"id\":\"lowkick\",\"pp\":31,\"maxpp\":32,\"target\":\"normal\",\"disabled\":false},{\"move\":\"Tailwind\",\"id\":\"tailwind\",\"pp\":24,\"maxpp\":24,\"target\":\"allySide\",\"disabled\":false},{\"move\":\"Knock Off\",\"id\":\"knockoff\",\"pp\":31,\"maxpp\":32,\"target\":\"normal\",\"disabled\":false},{\"move\":\"Leaf Blade\",\"id\":\"leafblade\",\"pp\":24,\"maxpp\":24,\"target\":\"normal\",\"disabled\":false}],\"canTerastallize\":\"Dark\"}],\"side\":{\"name\":\"p0x003d598\",\"id\":\"p1\",\"pokemon\":[{\"ident\":\"p1: Shiftry\",\"details\":\"Shiftry, L89, M\",\"condition\":\"1/305\",\"active\":true,\"stats\":{\"atk\":229,\"def\":158,\"spa\":211,\"spd\":158,\"spe\":193},\"moves\":[\"lowkick\",\"tailwind\",\"knockoff\",\"leafblade\"],\"baseAbility\":\"windrider\",\"item\":\"lifeorb\",\"pokeball\":\"pokeball\",\"ability\":\"windrider\",\"commanding\":false,\"reviving\":false,\"teraType\":\"Dark\",\"terastallized\":\"\"},{\"ident\":\"p1: Probopass\",\"details\":\"Probopass, L91, M\",\"condition\":\"257/257\",\"active\":false,\"stats\":{\"atk\":105,\"def\":316,\"spa\":188,\"spd\":325,\"spe\":125},\"moves\":[\"flashcannon\",\"thunderwave\",\"irondefense\",\"bodypress\"],\"baseAbility\":\"magnetpull\",\"item\":\"leftovers\",\"pokeball\":\"pokeball\",\"ability\":\"magnetpull\",\"commanding\":false,\"reviving\":false,\"teraType\":\"Fighting\",\"terastallized\":\"\"},{\"ident\":\"p1: Sandaconda\",\"details\":\"Sandaconda, L84, M\",\"condition\":\"258/258\",\"active\":false,\"stats\":{\"atk\":228,\"def\":258,\"spa\":157,\"spd\":166,\"spe\":167},\"moves\":[\"rest\",\"coil\",\"earthquake\",\"stoneedge\"],\"baseAbility\":\"shedskin\",\"item\":\"leftovers\",\"pokeball\":\"pokeball\",\"ability\":\"shedskin\",\"commanding\":false,\"reviving\":false,\"teraType\":\"Dragon\",\"terastallized\":\"\"},{\"ident\":\"p1: Dipplin\",\"details\":\"Dipplin, L88, M\",\"condition\":\"284/284\",\"active\":false,\"stats\":{\"atk\":191,\"def\":244,\"spa\":217,\"spd\":191,\"spe\":121},\"moves\":[\"recover\",\"gigadrain\",\"dragonpulse\",\"suckerpunch\"],\"baseAbility\":\"stickyhold\",\"item\":\"eviolite\",\"pokeball\":\"pokeball\",\"ability\":\"stickyhold\",\"commanding\":false,\"reviving\":false,\"teraType\":\"Steel\",\"terastallized\":\"\"},{\"ident\":\"p1: Lanturn\",\"details\":\"Lanturn, L89, F\",\"condition\":\"367/367\",\"active\":false,\"stats\":{\"atk\":108,\"def\":154,\"spa\":186,\"spd\":186,\"spe\":170},\"moves\":[\"scald\",\"thunderwave\",\"voltswitch\",\"thunderbolt\"],\"baseAbility\":\"voltabsorb\",\"item\":\"heavydutyboots\",\"pokeball\":\"pokeball\",\"ability\":\"voltabsorb\",\"commanding\":false,\"reviving\":false,\"teraType\":\"Flying\",\"terastallized\":\"\"},{\"ident\":\"p1: Furret\",\"details\":\"Furret, L94, M\",\"condition\":\"312/312\",\"active\":false,\"stats\":{\"atk\":196,\"def\":174,\"spa\":138,\"spd\":157,\"spe\":223},\"moves\":[\"tidyup\",\"knockoff\",\"brickbreak\",\"doubleedge\"],\"baseAbility\":\"frisk\",\"item\":\"lifeorb\",\"pokeball\":\"pokeball\",\"ability\":\"frisk\",\"commanding\":false,\"reviving\":false,\"teraType\":\"Normal\",\"terastallized\":\"\"}]},\"rqid\":10}\n|inactive|Time left: 300 sec this turn | 300 sec total\n|\n|t:|1783390928\n|move|p1a: Shiftry|Leaf Blade|p2a: Lunala\n|-damage|p2a: Lunala|0 fnt\n|faint|p2a: Lunala\n|-damage|p1a: Shiftry|0 fnt|[from] item: Life Orb\n|faint|p1a: Shiftry\n|\n|upkeep\n|request|{\"forceSwitch\":[true],\"side\":{\"name\":\"p0x003d598\",\"id\":\"p1\",\"pokemon\":[{\"ident\":\"p1: Shiftry\",\"details\":\"Shiftry, L89, M\",\"condition\":\"0 fnt\",\"active\":true,\"stats\":{\"atk\":229,\"def\":158,\"spa\":211,\"spd\":158,\"spe\":193},\"moves\":[\"lowkick\",\"tailwind\",\"knockoff\",\"leafblade\"],\"baseAbility\":\"windrider\",\"item\":\"lifeorb\",\"pokeball\":\"pokeball\",\"ability\":\"windrider\",\"commanding\":false,\"reviving\":false,\"teraType\":\"Dark\",\"terastallized\":\"\"},{\"ident\":\"p1: Probopass\",\"details\":\"Probopass, L91, M\",\"condition\":\"257/257\",\"active\":false,\"stats\":{\"atk\":105,\"def\":316,\"spa\":188,\"spd\":325,\"spe\":125},\"moves\":[\"flashcannon\",\"thunderwave\",\"irondefense\",\"bodypress\"],\"baseAbility\":\"magnetpull\",\"item\":\"leftovers\",\"pokeball\":\"pokeball\",\"ability\":\"magnetpull\",\"commanding\":false,\"reviving\":false,\"teraType\":\"Fighting\",\"terastallized\":\"\"},{\"ident\":\"p1: Sandaconda\",\"details\":\"Sandaconda, L84, M\",\"condition\":\"258/258\",\"active\":false,\"stats\":{\"atk\":228,\"def\":258,\"spa\":157,\"spd\":166,\"spe\":167},\"moves\":[\"rest\",\"coil\",\"earthquake\",\"stoneedge\"],\"baseAbility\":\"shedskin\",\"item\":\"leftovers\",\"pokeball\":\"pokeball\",\"ability\":\"shedskin\",\"commanding\":false,\"reviving\":false,\"teraType\":\"Dragon\",\"terastallized\":\"\"},{\"ident\":\"p1: Dipplin\",\"details\":\"Dipplin, L88, M\",\"condition\":\"284/284\",\"active\":false,\"stats\":{\"atk\":191,\"def\":244,\"spa\":217,\"spd\":191,\"spe\":121},\"moves\":[\"recover\",\"gigadrain\",\"dragonpulse\",\"suckerpunch\"],\"baseAbility\":\"stickyhold\",\"item\":\"eviolite\",\"pokeball\":\"pokeball\",\"ability\":\"stickyhold\",\"commanding\":false,\"reviving\":false,\"teraType\":\"Steel\",\"terastallized\":\"\"},{\"ident\":\"p1: Lanturn\",\"details\":\"Lanturn, L89, F\",\"condition\":\"367/367\",\"active\":false,\"stats\":{\"atk\":108,\"def\":154,\"spa\":186,\"spd\":186,\"spe\":170},\"moves\":[\"scald\",\"thunderwave\",\"voltswitch\",\"thunderbolt\"],\"baseAbility\":\"voltabsorb\",\"item\":\"heavydutyboots\",\"pokeball\":\"pokeball\",\"ability\":\"voltabsorb\",\"commanding\":false,\"reviving\":false,\"teraType\":\"Flying\",\"terastallized\":\"\"},{\"ident\":\"p1: Furret\",\"details\":\"Furret, L94, M\",\"condition\":\"312/312\",\"active\":false,\"stats\":{\"atk\":196,\"def\":174,\"spa\":138,\"spd\":157,\"spe\":223},\"moves\":[\"tidyup\",\"knockoff\",\"brickbreak\",\"doubleedge\"],\"baseAbility\":\"frisk\",\"item\":\"lifeorb\",\"pokeball\":\"pokeball\",\"ability\":\"frisk\",\"commanding\":false,\"reviving\":false,\"teraType\":\"Normal\",\"terastallized\":\"\"}]},\"rqid\":12}\n|inactive|Time left: 300 sec this turn | 300 sec total | 5 sec grace\n|\n|t:|1783390929\n|switch|p1a: Probopass|Probopass, L91, M|257/257\n|switch|p2a: Iron Jugulis|Iron Jugulis, L77|100/100\n|turn|6\n|request|{\"active\":[{\"moves\":[{\"move\":\"Flash Cannon\",\"id\":\"flashcannon\",\"pp\":16,\"maxpp\":16,\"target\":\"normal\",\"disabled\":false},{\"move\":\"Thunder Wave\",\"id\":\"thunderwave\",\"pp\":32,\"maxpp\":32,\"target\":\"normal\",\"disabled\":false},{\"move\":\"Iron Defense\",\"id\":\"irondefense\",\"pp\":23,\"maxpp\":24,\"target\":\"self\",\"disabled\":false},{\"move\":\"Body Press\",\"id\":\"bodypress\",\"pp\":16,\"maxpp\":16,\"target\":\"normal\",\"disabled\":false}],\"canTerastallize\":\"Fighting\"}],\"side\":{\"name\":\"p0x003d598\",\"id\":\"p1\",\"pokemon\":[{\"ident\":\"p1: Probopass\",\"details\":\"Probopass, L91, M\",\"condition\":\"257/257\",\"active\":true,\"stats\":{\"atk\":105,\"def\":316,\"spa\":188,\"spd\":325,\"spe\":125},\"moves\":[\"flashcannon\",\"thunderwave\",\"irondefense\",\"bodypress\"],\"baseAbility\":\"magnetpull\",\"item\":\"leftovers\",\"pokeball\":\"pokeball\",\"ability\":\"magnetpull\",\"commanding\":false,\"reviving\":false,\"teraType\":\"Fighting\",\"terastallized\":\"\"},{\"ident\":\"p1: Shiftry\",\"details\":\"Shiftry, L89, M\",\"condition\":\"0 fnt\",\"active\":false,\"stats\":{\"atk\":229,\"def\":158,\"spa\":211,\"spd\":158,\"spe\":193},\"moves\":[\"lowkick\",\"tailwind\",\"knockoff\",\"leafblade\"],\"baseAbility\":\"windrider\",\"item\":\"lifeorb\",\"pokeball\":\"pokeball\",\"ability\":\"windrider\",\"commanding\":false,\"reviving\":false,\"teraType\":\"Dark\",\"terastallized\":\"\"},{\"ident\":\"p1: Sandaconda\",\"details\":\"Sandaconda, L84, M\",\"condition\":\"258/258\",\"active\":false,\"stats\":{\"atk\":228,\"def\":258,\"spa\":157,\"spd\":166,\"spe\":167},\"moves\":[\"rest\",\"coil\",\"earthquake\",\"stoneedge\"],\"baseAbility\":\"shedskin\",\"item\":\"leftovers\",\"pokeball\":\"pokeball\",\"ability\":\"shedskin\",\"commanding\":false,\"reviving\":false,\"teraType\":\"Dragon\",\"terastallized\":\"\"},{\"ident\":\"p1: Dipplin\",\"details\":\"Dipplin, L88, M\",\"condition\":\"284/284\",\"active\":false,\"stats\":{\"atk\":191,\"def\":244,\"spa\":217,\"spd\":191,\"spe\":121},\"moves\":[\"recover\",\"gigadrain\",\"dragonpulse\",\"suckerpunch\"],\"baseAbility\":\"stickyhold\",\"item\":\"eviolite\",\"pokeball\":\"pokeball\",\"ability\":\"stickyhold\",\"commanding\":false,\"reviving\":false,\"teraType\":\"Steel\",\"terastallized\":\"\"},{\"ident\":\"p1: Lanturn\",\"details\":\"Lanturn, L89, F\",\"condition\":\"367/367\",\"active\":false,\"stats\":{\"atk\":108,\"def\":154,\"spa\":186,\"spd\":186,\"spe\":170},\"moves\":[\"scald\",\"thunderwave\",\"voltswitch\",\"thunderbolt\"],\"baseAbility\":\"voltabsorb\",\"item\":\"heavydutyboots\",\"pokeball\":\"pokeball\",\"ability\":\"voltabsorb\",\"commanding\":false,\"reviving\":false,\"teraType\":\"Flying\",\"terastallized\":\"\"},{\"ident\":\"p1: Furret\",\"details\":\"Furret, L94, M\",\"condition\":\"312/312\",\"active\":false,\"stats\":{\"atk\":196,\"def\":174,\"spa\":138,\"spd\":157,\"spe\":223},\"moves\":[\"tidyup\",\"knockoff\",\"brickbreak\",\"doubleedge\"],\"baseAbility\":\"frisk\",\"item\":\"lifeorb\",\"pokeball\":\"pokeball\",\"ability\":\"frisk\",\"commanding\":false,\"reviving\":false,\"teraType\":\"Normal\",\"terastallized\":\"\"}]},\"rqid\":14}\n|inactive|Time left: 300 sec this turn | 300 sec total\n|\n|t:|1783390929\n|-end|p2a: Iron Jugulis|Quark Drive|[silent]\n|switch|p2a: Whiscash|Whiscash, L88, F|100/100\n|move|p1a: Probopass|Flash Cannon|p2a: Whiscash\n|-resisted|p2a: Whiscash\n|-damage|p2a: Whiscash|87/100\n|\n|upkeep\n|turn|7\n|request|{\"active\":[{\"moves\":[{\"move\":\"Flash Cannon\",\"id\":\"flashcannon\",\"pp\":15,\"maxpp\":16,\"target\":\"normal\",\"disabled\":false},{\"move\":\"Thunder Wave\",\"id\":\"thunderwave\",\"pp\":32,\"maxpp\":32,\"target\":\"normal\",\"disabled\":false},{\"move\":\"Iron Defense\",\"id\":\"irondefense\",\"pp\":23,\"maxpp\":24,\"target\":\"self\",\"disabled\":false},{\"move\":\"Body Press\",\"id\":\"bodypress\",\"pp\":16,\"maxpp\":16,\"target\":\"normal\",\"disabled\":false}],\"canTerastallize\":\"Fighting\"}],\"side\":{\"name\":\"p0x003d598\",\"id\":\"p1\",\"pokemon\":[{\"ident\":\"p1: Probopass\",\"details\":\"Probopass, L91, M\",\"condition\":\"257/257\",\"active\":true,\"stats\":{\"atk\":105,\"def\":316,\"spa\":188,\"spd\":325,\"spe\":125},\"moves\":[\"flashcannon\",\"thunderwave\",\"irondefense\",\"bodypress\"],\"baseAbility\":\"magnetpull\",\"item\":\"leftovers\",\"pokeball\":\"pokeball\",\"ability\":\"magnetpull\",\"commanding\":false,\"reviving\":false,\"teraType\":\"Fighting\",\"terastallized\":\"\"},{\"ident\":\"p1: Shiftry\",\"details\":\"Shiftry, L89, M\",\"condition\":\"0 fnt\",\"active\":false,\"stats\":{\"atk\":229,\"def\":158,\"spa\":211,\"spd\":158,\"spe\":193},\"moves\":[\"lowkick\",\"tailwind\",\"knockoff\",\"leafblade\"],\"baseAbility\":\"windrider\",\"item\":\"lifeorb\",\"pokeball\":\"pokeball\",\"ability\":\"windrider\",\"commanding\":false,\"reviving\":false,\"teraType\":\"Dark\",\"terastallized\":\"\"},{\"ident\":\"p1: Sandaconda\",\"details\":\"Sandaconda, L84, M\",\"condition\":\"258/258\",\"active\":false,\"stats\":{\"atk\":228,\"def\":258,\"spa\":157,\"spd\":166,\"spe\":167},\"moves\":[\"rest\",\"coil\",\"earthquake\",\"stoneedge\"],\"baseAbility\":\"shedskin\",\"item\":\"leftovers\",\"pokeball\":\"pokeball\",\"ability\":\"shedskin\",\"commanding\":false,\"reviving\":false,\"teraType\":\"Dragon\",\"terastallized\":\"\"},{\"ident\":\"p1: Dipplin\",\"details\":\"Dipplin, L88, M\",\"condition\":\"284/284\",\"active\":false,\"stats\":{\"atk\":191,\"def\":244,\"spa\":217,\"spd\":191,\"spe\":121},\"moves\":[\"recover\",\"gigadrain\",\"dragonpulse\",\"suckerpunch\"],\"baseAbility\":\"stickyhold\",\"item\":\"eviolite\",\"pokeball\":\"pokeball\",\"ability\":\"stickyhold\",\"commanding\":false,\"reviving\":false,\"teraType\":\"Steel\",\"terastallized\":\"\"},{\"ident\":\"p1: Lanturn\",\"details\":\"Lanturn, L89, F\",\"condition\":\"367/367\",\"active\":false,\"stats\":{\"atk\":108,\"def\":154,\"spa\":186,\"spd\":186,\"spe\":170},\"moves\":[\"scald\",\"thunderwave\",\"voltswitch\",\"thunderbolt\"],\"baseAbility\":\"voltabsorb\",\"item\":\"heavydutyboots\",\"pokeball\":\"pokeball\",\"ability\":\"voltabsorb\",\"commanding\":false,\"reviving\":false,\"teraType\":\"Flying\",\"terastallized\":\"\"},{\"ident\":\"p1: Furret\",\"details\":\"Furret, L94, M\",\"condition\":\"312/312\",\"active\":false,\"stats\":{\"atk\":196,\"def\":174,\"spa\":138,\"spd\":157,\"spe\":223},\"moves\":[\"tidyup\",\"knockoff\",\"brickbreak\",\"doubleedge\"],\"baseAbility\":\"frisk\",\"item\":\"lifeorb\",\"pokeball\":\"pokeball\",\"ability\":\"frisk\",\"commanding\":false,\"reviving\":false,\"teraType\":\"Normal\",\"terastallized\":\"\"}]},\"rqid\":16}\n|inactive|Time left: 300 sec this turn | 300 sec total\n|\n|t:|1783390929\n|-terastallize|p1a: Probopass|Fighting\n|move|p2a: Whiscash|Earthquake|p1a: Probopass\n|-damage|p1a: Probopass|179/257\n|-damage|p2a: Whiscash|77/100|[from] item: Life Orb\n|move|p1a: Probopass|Iron Defense|p1a: Probopass\n|-boost|p1a: Probopass|def|2\n|\n|-heal|p1a: Probopass|195/257|[from] item: Leftovers\n|upkeep\n|turn|8\n|request|{\"active\":[{\"moves\":[{\"move\":\"Flash Cannon\",\"id\":\"flashcannon\",\"pp\":15,\"maxpp\":16,\"target\":\"normal\",\"disabled\":false},{\"move\":\"Thunder Wave\",\"id\":\"thunderwave\",\"pp\":32,\"maxpp\":32,\"target\":\"normal\",\"disabled\":false},{\"move\":\"Iron Defense\",\"id\":\"irondefense\",\"pp\":22,\"maxpp\":24,\"target\":\"self\",\"disabled\":false},{\"move\":\"Body Press\",\"id\":\"bodypress\",\"pp\":16,\"maxpp\":16,\"target\":\"normal\",\"disabled\":false}]}],\"side\":{\"name\":\"p0x003d598\",\"id\":\"p1\",\"pokemon\":[{\"ident\":\"p1: Probopass\",\"details\":\"Probopass, L91, M\",\"condition\":\"195/257\",\"active\":true,\"stats\":{\"atk\":105,\"def\":316,\"spa\":188,\"spd\":325,\"spe\":125},\"moves\":[\"flashcannon\",\"thunderwave\",\"irondefense\",\"bodypress\"],\"baseAbility\":\"magnetpull\",\"item\":\"leftovers\",\"pokeball\":\"pokeball\",\"ability\":\"magnetpull\",\"commanding\":false,\"reviving\":false,\"teraType\":\"Fighting\",\"terastallized\":\"Fighting\"},{\"ident\":\"p1: Shiftry\",\"details\":\"Shiftry, L89, M\",\"condition\":\"0 fnt\",\"active\":false,\"stats\":{\"atk\":229,\"def\":158,\"spa\":211,\"spd\":158,\"spe\":193},\"moves\":[\"lowkick\",\"tailwind\",\"knockoff\",\"leafblade\"],\"baseAbility\":\"windrider\",\"item\":\"lifeorb\",\"pokeball\":\"pokeball\",\"ability\":\"windrider\",\"commanding\":false,\"reviving\":false,\"teraType\":\"Dark\",\"terastallized\":\"\"},{\"ident\":\"p1: Sandaconda\",\"details\":\"Sandaconda, L84, M\",\"condition\":\"258/258\",\"active\":false,\"stats\":{\"atk\":228,\"def\":258,\"spa\":157,\"spd\":166,\"spe\":167},\"moves\":[\"rest\",\"coil\",\"earthquake\",\"stoneedge\"],\"baseAbility\":\"shedskin\",\"item\":\"leftovers\",\"pokeball\":\"pokeball\",\"ability\":\"shedskin\",\"commanding\":false,\"reviving\":false,\"teraType\":\"Dragon\",\"terastallized\":\"\"},{\"ident\":\"p1: Dipplin\",\"details\":\"Dipplin, L88, M\",\"condition\":\"284/284\",\"active\":false,\"stats\":{\"atk\":191,\"def\":244,\"spa\":217,\"spd\":191,\"spe\":121},\"moves\":[\"recover\",\"gigadrain\",\"dragonpulse\",\"suckerpunch\"],\"baseAbility\":\"stickyhold\",\"item\":\"eviolite\",\"pokeball\":\"pokeball\",\"ability\":\"stickyhold\",\"commanding\":false,\"reviving\":false,\"teraType\":\"Steel\",\"terastallized\":\"\"},{\"ident\":\"p1: Lanturn\",\"details\":\"Lanturn, L89, F\",\"condition\":\"367/367\",\"active\":false,\"stats\":{\"atk\":108,\"def\":154,\"spa\":186,\"spd\":186,\"spe\":170},\"moves\":[\"scald\",\"thunderwave\",\"voltswitch\",\"thunderbolt\"],\"baseAbility\":\"voltabsorb\",\"item\":\"heavydutyboots\",\"pokeball\":\"pokeball\",\"ability\":\"voltabsorb\",\"commanding\":false,\"reviving\":false,\"teraType\":\"Flying\",\"terastallized\":\"\"},{\"ident\":\"p1: Furret\",\"details\":\"Furret, L94, M\",\"condition\":\"312/312\",\"active\":false,\"stats\":{\"atk\":196,\"def\":174,\"spa\":138,\"spd\":157,\"spe\":223},\"moves\":[\"tidyup\",\"knockoff\",\"brickbreak\",\"doubleedge\"],\"baseAbility\":\"frisk\",\"item\":\"lifeorb\",\"pokeball\":\"pokeball\",\"ability\":\"frisk\",\"commanding\":false,\"reviving\":false,\"teraType\":\"Normal\",\"terastallized\":\"\"}]},\"rqid\":18}\n|inactive|Time left: 300 sec this turn | 300 sec total\n|\n|t:|1783390929\n|move|p2a: Whiscash|Earthquake|p1a: Probopass\n|-damage|p1a: Probopass|151/257\n|-damage|p2a: Whiscash|67/100|[from] item: Life Orb\n|move|p1a: Probopass|Flash Cannon|p2a: Whiscash\n|-resisted|p2a: Whiscash\n|-damage|p2a: Whiscash|53/100\n|\n|-heal|p1a: Probopass|167/257|[from] item: Leftovers\n|upkeep\n|turn|9\n|request|{\"active\":[{\"moves\":[{\"move\":\"Flash Cannon\",\"id\":\"flashcannon\",\"pp\":14,\"maxpp\":16,\"target\":\"normal\",\"disabled\":false},{\"move\":\"Thunder Wave\",\"id\":\"thunderwave\",\"pp\":32,\"maxpp\":32,\"target\":\"normal\",\"disabled\":false},{\"move\":\"Iron Defense\",\"id\":\"irondefense\",\"pp\":22,\"maxpp\":24,\"target\":\"self\",\"disabled\":false},{\"move\":\"Body Press\",\"id\":\"bodypress\",\"pp\":16,\"maxpp\":16,\"target\":\"normal\",\"disabled\":false}]}],\"side\":{\"name\":\"p0x003d598\",\"id\":\"p1\",\"pokemon\":[{\"ident\":\"p1: Probopass\",\"details\":\"Probopass, L91, M\",\"condition\":\"167/257\",\"active\":true,\"stats\":{\"atk\":105,\"def\":316,\"spa\":188,\"spd\":325,\"spe\":125},\"moves\":[\"flashcannon\",\"thunderwave\",\"irondefense\",\"bodypress\"],\"baseAbility\":\"magnetpull\",\"item\":\"leftovers\",\"pokeball\":\"pokeball\",\"ability\":\"magnetpull\",\"commanding\":false,\"reviving\":false,\"teraType\":\"Fighting\",\"terastallized\":\"Fighting\"},{\"ident\":\"p1: Shiftry\",\"details\":\"Shiftry, L89, M\",\"condition\":\"0 fnt\",\"active\":false,\"stats\":{\"atk\":229,\"def\":158,\"spa\":211,\"spd\":158,\"spe\":193},\"moves\":[\"lowkick\",\"tailwind\",\"knockoff\",\"leafblade\"],\"baseAbility\":\"windrider\",\"item\":\"lifeorb\",\"pokeball\":\"pokeball\",\"ability\":\"windrider\",\"commanding\":false,\"reviving\":false,\"teraType\":\"Dark\",\"terastallized\":\"\"},{\"ident\":\"p1: Sandaconda\",\"details\":\"Sandaconda, L84, M\",\"condition\":\"258/258\",\"active\":false,\"stats\":{\"atk\":228,\"def\":258,\"spa\":157,\"spd\":166,\"spe\":167},\"moves\":[\"rest\",\"coil\",\"earthquake\",\"stoneedge\"],\"baseAbility\":\"shedskin\",\"item\":\"leftovers\",\"pokeball\":\"pokeball\",\"ability\":\"shedskin\",\"commanding\":false,\"reviving\":false,\"teraType\":\"Dragon\",\"terastallized\":\"\"},{\"ident\":\"p1: Dipplin\",\"details\":\"Dipplin, L88, M\",\"condition\":\"284/284\",\"active\":false,\"stats\":{\"atk\":191,\"def\":244,\"spa\":217,\"spd\":191,\"spe\":121},\"moves\":[\"recover\",\"gigadrain\",\"dragonpulse\",\"suckerpunch\"],\"baseAbility\":\"stickyhold\",\"item\":\"eviolite\",\"pokeball\":\"pokeball\",\"ability\":\"stickyhold\",\"commanding\":false,\"reviving\":false,\"teraType\":\"Steel\",\"terastallized\":\"\"},{\"ident\":\"p1: Lanturn\",\"details\":\"Lanturn, L89, F\",\"condition\":\"367/367\",\"active\":false,\"stats\":{\"atk\":108,\"def\":154,\"spa\":186,\"spd\":186,\"spe\":170},\"moves\":[\"scald\",\"thunderwave\",\"voltswitch\",\"thunderbolt\"],\"baseAbility\":\"voltabsorb\",\"item\":\"heavydutyboots\",\"pokeball\":\"pokeball\",\"ability\":\"voltabsorb\",\"commanding\":false,\"reviving\":false,\"teraType\":\"Flying\",\"terastallized\":\"\"},{\"ident\":\"p1: Furret\",\"details\":\"Furret, L94, M\",\"condition\":\"312/312\",\"active\":false,\"stats\":{\"atk\":196,\"def\":174,\"spa\":138,\"spd\":157,\"spe\":223},\"moves\":[\"tidyup\",\"knockoff\",\"brickbreak\",\"doubleedge\"],\"baseAbility\":\"frisk\",\"item\":\"lifeorb\",\"pokeball\":\"pokeball\",\"ability\":\"frisk\",\"commanding\":false,\"reviving\":false,\"teraType\":\"Normal\",\"terastallized\":\"\"}]},\"rqid\":20}\n|inactive|Time left: 300 sec this turn | 300 sec total\n|\n|t:|1783390930\n|move|p2a: Whiscash|Earthquake|p1a: Probopass\n|-damage|p1a: Probopass|124/257\n|-damage|p2a: Whiscash|43/100|[from] item: Life Orb\n|move|p1a: Probopass|Body Press|p2a: Whiscash\n|-damage|p2a: Whiscash|0 fnt\n|faint|p2a: Whiscash\n|\n|-heal|p1a: Probopass|140/257|[from] item: Leftovers\n|upkeep\n|request|{\"wait\":true,\"side\":{\"name\":\"p0x003d598\",\"id\":\"p1\",\"pokemon\":[{\"ident\":\"p1: Probopass\",\"details\":\"Probopass, L91, M\",\"condition\":\"140/257\",\"active\":true,\"stats\":{\"atk\":105,\"def\":316,\"spa\":188,\"spd\":325,\"spe\":125},\"moves\":[\"flashcannon\",\"thunderwave\",\"irondefense\",\"bodypress\"],\"baseAbility\":\"magnetpull\",\"item\":\"leftovers\",\"pokeball\":\"pokeball\",\"ability\":\"magnetpull\",\"commanding\":false,\"reviving\":false,\"teraType\":\"Fighting\",\"terastallized\":\"Fighting\"},{\"ident\":\"p1: Shiftry\",\"details\":\"Shiftry, L89, M\",\"condition\":\"0 fnt\",\"active\":false,\"stats\":{\"atk\":229,\"def\":158,\"spa\":211,\"spd\":158,\"spe\":193},\"moves\":[\"lowkick\",\"tailwind\",\"knockoff\",\"leafblade\"],\"baseAbility\":\"windrider\",\"item\":\"lifeorb\",\"pokeball\":\"pokeball\",\"ability\":\"windrider\",\"commanding\":false,\"reviving\":false,\"teraType\":\"Dark\",\"terastallized\":\"\"},{\"ident\":\"p1: Sandaconda\",\"details\":\"Sandaconda, L84, M\",\"condition\":\"258/258\",\"active\":false,\"stats\":{\"atk\":228,\"def\":258,\"spa\":157,\"spd\":166,\"spe\":167},\"moves\":[\"rest\",\"coil\",\"earthquake\",\"stoneedge\"],\"baseAbility\":\"shedskin\",\"item\":\"leftovers\",\"pokeball\":\"pokeball\",\"ability\":\"shedskin\",\"commanding\":false,\"reviving\":false,\"teraType\":\"Dragon\",\"terastallized\":\"\"},{\"ident\":\"p1: Dipplin\",\"details\":\"Dipplin, L88, M\",\"condition\":\"284/284\",\"active\":false,\"stats\":{\"atk\":191,\"def\":244,\"spa\":217,\"spd\":191,\"spe\":121},\"moves\":[\"recover\",\"gigadrain\",\"dragonpulse\",\"suckerpunch\"],\"baseAbility\":\"stickyhold\",\"item\":\"eviolite\",\"pokeball\":\"pokeball\",\"ability\":\"stickyhold\",\"commanding\":false,\"reviving\":false,\"teraType\":\"Steel\",\"terastallized\":\"\"},{\"ident\":\"p1: Lanturn\",\"details\":\"Lanturn, L89, F\",\"condition\":\"367/367\",\"active\":false,\"stats\":{\"atk\":108,\"def\":154,\"spa\":186,\"spd\":186,\"spe\":170},\"moves\":[\"scald\",\"thunderwave\",\"voltswitch\",\"thunderbolt\"],\"baseAbility\":\"voltabsorb\",\"item\":\"heavydutyboots\",\"pokeball\":\"pokeball\",\"ability\":\"voltabsorb\",\"commanding\":false,\"reviving\":false,\"teraType\":\"Flying\",\"terastallized\":\"\"},{\"ident\":\"p1: Furret\",\"details\":\"Furret, L94, M\",\"condition\":\"312/312\",\"active\":false,\"stats\":{\"atk\":196,\"def\":174,\"spa\":138,\"spd\":157,\"spe\":223},\"moves\":[\"tidyup\",\"knockoff\",\"brickbreak\",\"doubleedge\"],\"baseAbility\":\"frisk\",\"item\":\"lifeorb\",\"pokeball\":\"pokeball\",\"ability\":\"frisk\",\"commanding\":false,\"reviving\":false,\"teraType\":\"Normal\",\"terastallized\":\"\"}]},\"rqid\":22}\n|\n|t:|1783390930\n|switch|p2a: Exeggutor|Exeggutor-Alola, L89, F|100/100\n|-item|p1a: Probopass|Leftovers|[from] ability: Frisk|[of] p2a: Exeggutor\n|turn|10\n|request|{\"active\":[{\"moves\":[{\"move\":\"Flash Cannon\",\"id\":\"flashcannon\",\"pp\":14,\"maxpp\":16,\"target\":\"normal\",\"disabled\":false},{\"move\":\"Thunder Wave\",\"id\":\"thunderwave\",\"pp\":32,\"maxpp\":32,\"target\":\"normal\",\"disabled\":false},{\"move\":\"Iron Defense\",\"id\":\"irondefense\",\"pp\":22,\"maxpp\":24,\"target\":\"self\",\"disabled\":false},{\"move\":\"Body Press\",\"id\":\"bodypress\",\"pp\":15,\"maxpp\":16,\"target\":\"normal\",\"disabled\":false}]}],\"side\":{\"name\":\"p0x003d598\",\"id\":\"p1\",\"pokemon\":[{\"ident\":\"p1: Probopass\",\"details\":\"Probopass, L91, M\",\"condition\":\"140/257\",\"active\":true,\"stats\":{\"atk\":105,\"def\":316,\"spa\":188,\"spd\":325,\"spe\":125},\"moves\":[\"flashcannon\",\"thunderwave\",\"irondefense\",\"bodypress\"],\"baseAbility\":\"magnetpull\",\"item\":\"leftovers\",\"pokeball\":\"pokeball\",\"ability\":\"magnetpull\",\"commanding\":false,\"reviving\":false,\"teraType\":\"Fighting\",\"terastallized\":\"Fighting\"},{\"ident\":\"p1: Shiftry\",\"details\":\"Shiftry, L89, M\",\"condition\":\"0 fnt\",\"active\":false,\"stats\":{\"atk\":229,\"def\":158,\"spa\":211,\"spd\":158,\"spe\":193},\"moves\":[\"lowkick\",\"tailwind\",\"knockoff\",\"leafblade\"],\"baseAbility\":\"windrider\",\"item\":\"lifeorb\",\"pokeball\":\"pokeball\",\"ability\":\"windrider\",\"commanding\":false,\"reviving\":false,\"teraType\":\"Dark\",\"terastallized\":\"\"},{\"ident\":\"p1: Sandaconda\",\"details\":\"Sandaconda, L84, M\",\"condition\":\"258/258\",\"active\":false,\"stats\":{\"atk\":228,\"def\":258,\"spa\":157,\"spd\":166,\"spe\":167},\"moves\":[\"rest\",\"coil\",\"earthquake\",\"stoneedge\"],\"baseAbility\":\"shedskin\",\"item\":\"leftovers\",\"pokeball\":\"pokeball\",\"ability\":\"shedskin\",\"commanding\":false,\"reviving\":false,\"teraType\":\"Dragon\",\"terastallized\":\"\"},{\"ident\":\"p1: Dipplin\",\"details\":\"Dipplin, L88, M\",\"condition\":\"284/284\",\"active\":false,\"stats\":{\"atk\":191,\"def\":244,\"spa\":217,\"spd\":191,\"spe\":121},\"moves\":[\"recover\",\"gigadrain\",\"dragonpulse\",\"suckerpunch\"],\"baseAbility\":\"stickyhold\",\"item\":\"eviolite\",\"pokeball\":\"pokeball\",\"ability\":\"stickyhold\",\"commanding\":false,\"reviving\":false,\"teraType\":\"Steel\",\"terastallized\":\"\"},{\"ident\":\"p1: Lanturn\",\"details\":\"Lanturn, L89, F\",\"condition\":\"367/367\",\"active\":false,\"stats\":{\"atk\":108,\"def\":154,\"spa\":186,\"spd\":186,\"spe\":170},\"moves\":[\"scald\",\"thunderwave\",\"voltswitch\",\"thunderbolt\"],\"baseAbility\":\"voltabsorb\",\"item\":\"heavydutyboots\",\"pokeball\":\"pokeball\",\"ability\":\"voltabsorb\",\"commanding\":false,\"reviving\":false,\"teraType\":\"Flying\",\"terastallized\":\"\"},{\"ident\":\"p1: Furret\",\"details\":\"Furret, L94, M\",\"condition\":\"312/312\",\"active\":false,\"stats\":{\"atk\":196,\"def\":174,\"spa\":138,\"spd\":157,\"spe\":223},\"moves\":[\"tidyup\",\"knockoff\",\"brickbreak\",\"doubleedge\"],\"baseAbility\":\"frisk\",\"item\":\"lifeorb\",\"pokeball\":\"pokeball\",\"ability\":\"frisk\",\"commanding\":false,\"reviving\":false,\"teraType\":\"Normal\",\"terastallized\":\"\"}]},\"rqid\":24}\n|inactive|Time left: 300 sec this turn | 300 sec total\n|\n|t:|1783390930\n|move|p2a: Exeggutor|Leaf Storm|p1a: Probopass|[miss]\n|-miss|p2a: Exeggutor|p1a: Probopass\n|move|p1a: Probopass|Body Press|p2a: Exeggutor\n|-damage|p2a: Exeggutor|11/100\n|\n|-heal|p1a: Probopass|156/257|[from] item: Leftovers\n|upkeep\n|turn|11\n|request|{\"active\":[{\"moves\":[{\"move\":\"Flash Cannon\",\"id\":\"flashcannon\",\"pp\":14,\"maxpp\":16,\"target\":\"normal\",\"disabled\":false},{\"move\":\"Thunder Wave\",\"id\":\"thunderwave\",\"pp\":32,\"maxpp\":32,\"target\":\"normal\",\"disabled\":false},{\"move\":\"Iron Defense\",\"id\":\"irondefense\",\"pp\":22,\"maxpp\":24,\"target\":\"self\",\"disabled\":false},{\"move\":\"Body Press\",\"id\":\"bodypress\",\"pp\":14,\"maxpp\":16,\"target\":\"normal\",\"disabled\":false}]}],\"side\":{\"name\":\"p0x003d598\",\"id\":\"p1\",\"pokemon\":[{\"ident\":\"p1: Probopass\",\"details\":\"Probopass, L91, M\",\"condition\":\"156/257\",\"active\":true,\"stats\":{\"atk\":105,\"def\":316,\"spa\":188,\"spd\":325,\"spe\":125},\"moves\":[\"flashcannon\",\"thunderwave\",\"irondefense\",\"bodypress\"],\"baseAbility\":\"magnetpull\",\"item\":\"leftovers\",\"pokeball\":\"pokeball\",\"ability\":\"magnetpull\",\"commanding\":false,\"reviving\":false,\"teraType\":\"Fighting\",\"terastallized\":\"Fighting\"},{\"ident\":\"p1: Shiftry\",\"details\":\"Shiftry, L89, M\",\"condition\":\"0 fnt\",\"active\":false,\"stats\":{\"atk\":229,\"def\":158,\"spa\":211,\"spd\":158,\"spe\":193},\"moves\":[\"lowkick\",\"tailwind\",\"knockoff\",\"leafblade\"],\"baseAbility\":\"windrider\",\"item\":\"lifeorb\",\"pokeball\":\"pokeball\",\"ability\":\"windrider\",\"commanding\":false,\"reviving\":false,\"teraType\":\"Dark\",\"terastallized\":\"\"},{\"ident\":\"p1: Sandaconda\",\"details\":\"Sandaconda, L84, M\",\"condition\":\"258/258\",\"active\":false,\"stats\":{\"atk\":228,\"def\":258,\"spa\":157,\"spd\":166,\"spe\":167},\"moves\":[\"rest\",\"coil\",\"earthquake\",\"stoneedge\"],\"baseAbility\":\"shedskin\",\"item\":\"leftovers\",\"pokeball\":\"pokeball\",\"ability\":\"shedskin\",\"commanding\":false,\"reviving\":false,\"teraType\":\"Dragon\",\"terastallized\":\"\"},{\"ident\":\"p1: Dipplin\",\"details\":\"Dipplin, L88, M\",\"condition\":\"284/284\",\"active\":false,\"stats\":{\"atk\":191,\"def\":244,\"spa\":217,\"spd\":191,\"spe\":121},\"moves\":[\"recover\",\"gigadrain\",\"dragonpulse\",\"suckerpunch\"],\"baseAbility\":\"stickyhold\",\"item\":\"eviolite\",\"pokeball\":\"pokeball\",\"ability\":\"stickyhold\",\"commanding\":false,\"reviving\":false,\"teraType\":\"Steel\",\"terastallized\":\"\"},{\"ident\":\"p1: Lanturn\",\"details\":\"Lanturn, L89, F\",\"condition\":\"367/367\",\"active\":false,\"stats\":{\"atk\":108,\"def\":154,\"spa\":186,\"spd\":186,\"spe\":170},\"moves\":[\"scald\",\"thunderwave\",\"voltswitch\",\"thunderbolt\"],\"baseAbility\":\"voltabsorb\",\"item\":\"heavydutyboots\",\"pokeball\":\"pokeball\",\"ability\":\"voltabsorb\",\"commanding\":false,\"reviving\":false,\"teraType\":\"Flying\",\"terastallized\":\"\"},{\"ident\":\"p1: Furret\",\"details\":\"Furret, L94, M\",\"condition\":\"312/312\",\"active\":false,\"stats\":{\"atk\":196,\"def\":174,\"spa\":138,\"spd\":157,\"spe\":223},\"moves\":[\"tidyup\",\"knockoff\",\"brickbreak\",\"doubleedge\"],\"baseAbility\":\"frisk\",\"item\":\"lifeorb\",\"pokeball\":\"pokeball\",\"ability\":\"frisk\",\"commanding\":false,\"reviving\":false,\"teraType\":\"Normal\",\"terastallized\":\"\"}]},\"rqid\":26}\n|inactive|Time left: 300 sec this turn | 300 sec total\n|\n|t:|1783390930\n|switch|p1a: Dipplin|Dipplin, L88, M|284/284\n|move|p2a: Exeggutor|Leaf Storm|p1a: Dipplin\n|-resisted|p1a: Dipplin\n|-damage|p1a: Dipplin|238/284\n|-unboost|p2a: Exeggutor|spa|2\n|\n|upkeep\n|turn|12\n|request|{\"active\":[{\"moves\":[{\"move\":\"Recover\",\"id\":\"recover\",\"pp\":8,\"maxpp\":8,\"target\":\"self\",\"disabled\":false},{\"move\":\"Giga Drain\",\"id\":\"gigadrain\",\"pp\":16,\"maxpp\":16,\"target\":\"normal\",\"disabled\":false},{\"move\":\"Dragon Pulse\",\"id\":\"dragonpulse\",\"pp\":16,\"maxpp\":16,\"target\":\"any\",\"disabled\":false},{\"move\":\"Sucker Punch\",\"id\":\"suckerpunch\",\"pp\":8,\"maxpp\":8,\"target\":\"normal\",\"disabled\":false}]}],\"side\":{\"name\":\"p0x003d598\",\"id\":\"p1\",\"pokemon\":[{\"ident\":\"p1: Dipplin\",\"details\":\"Dipplin, L88, M\",\"condition\":\"238/284\",\"active\":true,\"stats\":{\"atk\":191,\"def\":244,\"spa\":217,\"spd\":191,\"spe\":121},\"moves\":[\"recover\",\"gigadrain\",\"dragonpulse\",\"suckerpunch\"],\"baseAbility\":\"stickyhold\",\"item\":\"eviolite\",\"pokeball\":\"pokeball\",\"ability\":\"stickyhold\",\"commanding\":false,\"reviving\":false,\"teraType\":\"Steel\",\"terastallized\":\"\"},{\"ident\":\"p1: Shiftry\",\"details\":\"Shiftry, L89, M\",\"condition\":\"0 fnt\",\"active\":false,\"stats\":{\"atk\":229,\"def\":158,\"spa\":211,\"spd\":158,\"spe\":193},\"moves\":[\"lowkick\",\"tailwind\",\"knockoff\",\"leafblade\"],\"baseAbility\":\"windrider\",\"item\":\"lifeorb\",\"pokeball\":\"pokeball\",\"ability\":\"windrider\",\"commanding\":false,\"reviving\":false,\"teraType\":\"Dark\",\"terastallized\":\"\"},{\"ident\":\"p1: Sandaconda\",\"details\":\"Sandaconda, L84, M\",\"condition\":\"258/258\",\"active\":false,\"stats\":{\"atk\":228,\"def\":258,\"spa\":157,\"spd\":166,\"spe\":167},\"moves\":[\"rest\",\"coil\",\"earthquake\",\"stoneedge\"],\"baseAbility\":\"shedskin\",\"item\":\"leftovers\",\"pokeball\":\"pokeball\",\"ability\":\"shedskin\",\"commanding\":false,\"reviving\":false,\"teraType\":\"Dragon\",\"terastallized\":\"\"},{\"ident\":\"p1: Probopass\",\"details\":\"Probopass, L91, M\",\"condition\":\"156/257\",\"active\":false,\"stats\":{\"atk\":105,\"def\":316,\"spa\":188,\"spd\":325,\"spe\":125},\"moves\":[\"flashcannon\",\"thunderwave\",\"irondefense\",\"bodypress\"],\"baseAbility\":\"magnetpull\",\"item\":\"leftovers\",\"pokeball\":\"pokeball\",\"ability\":\"magnetpull\",\"commanding\":false,\"reviving\":false,\"teraType\":\"Fighting\",\"terastallized\":\"Fighting\"},{\"ident\":\"p1: Lanturn\",\"details\":\"Lanturn, L89, F\",\"condition\":\"367/367\",\"active\":false,\"stats\":{\"atk\":108,\"def\":154,\"spa\":186,\"spd\":186,\"spe\":170},\"moves\":[\"scald\",\"thunderwave\",\"voltswitch\",\"thunderbolt\"],\"baseAbility\":\"voltabsorb\",\"item\":\"heavydutyboots\",\"pokeball\":\"pokeball\",\"ability\":\"voltabsorb\",\"commanding\":false,\"reviving\":false,\"teraType\":\"Flying\",\"terastallized\":\"\"},{\"ident\":\"p1: Furret\",\"details\":\"Furret, L94, M\",\"condition\":\"312/312\",\"active\":false,\"stats\":{\"atk\":196,\"def\":174,\"spa\":138,\"spd\":157,\"spe\":223},\"moves\":[\"tidyup\",\"knockoff\",\"brickbreak\",\"doubleedge\"],\"baseAbility\":\"frisk\",\"item\":\"lifeorb\",\"pokeball\":\"pokeball\",\"ability\":\"frisk\",\"commanding\":false,\"reviving\":false,\"teraType\":\"Normal\",\"terastallized\":\"\"}]},\"rqid\":28}\n|inactive|Time left: 300 sec this turn | 300 sec total\n|\n|t:|1783390931\n|move|p2a: Exeggutor|Leaf Storm|p1a: Dipplin\n|-resisted|p1a: Dipplin\n|-damage|p1a: Dipplin|214/284\n|-unboost|p2a: Exeggutor|spa|2\n|move|p1a: Dipplin|Dragon Pulse|p2a: Exeggutor\n|-supereffective|p2a: Exeggutor\n|-damage|p2a: Exeggutor|0 fnt\n|faint|p2a: Exeggutor\n|\n|upkeep\n|request|{\"wait\":true,\"side\":{\"name\":\"p0x003d598\",\"id\":\"p1\",\"pokemon\":[{\"ident\":\"p1: Dipplin\",\"details\":\"Dipplin, L88, M\",\"condition\":\"214/284\",\"active\":true,\"stats\":{\"atk\":191,\"def\":244,\"spa\":217,\"spd\":191,\"spe\":121},\"moves\":[\"recover\",\"gigadrain\",\"dragonpulse\",\"suckerpunch\"],\"baseAbility\":\"stickyhold\",\"item\":\"eviolite\",\"pokeball\":\"pokeball\",\"ability\":\"stickyhold\",\"commanding\":false,\"reviving\":false,\"teraType\":\"Steel\",\"terastallized\":\"\"},{\"ident\":\"p1: Shiftry\",\"details\":\"Shiftry, L89, M\",\"condition\":\"0 fnt\",\"active\":false,\"stats\":{\"atk\":229,\"def\":158,\"spa\":211,\"spd\":158,\"spe\":193},\"moves\":[\"lowkick\",\"tailwind\",\"knockoff\",\"leafblade\"],\"baseAbility\":\"windrider\",\"item\":\"lifeorb\",\"pokeball\":\"pokeball\",\"ability\":\"windrider\",\"commanding\":false,\"reviving\":false,\"teraType\":\"Dark\",\"terastallized\":\"\"},{\"ident\":\"p1: Sandaconda\",\"details\":\"Sandaconda, L84, M\",\"condition\":\"258/258\",\"active\":false,\"stats\":{\"atk\":228,\"def\":258,\"spa\":157,\"spd\":166,\"spe\":167},\"moves\":[\"rest\",\"coil\",\"earthquake\",\"stoneedge\"],\"baseAbility\":\"shedskin\",\"item\":\"leftovers\",\"pokeball\":\"pokeball\",\"ability\":\"shedskin\",\"commanding\":false,\"reviving\":false,\"teraType\":\"Dragon\",\"terastallized\":\"\"},{\"ident\":\"p1: Probopass\",\"details\":\"Probopass, L91, M\",\"condition\":\"156/257\",\"active\":false,\"stats\":{\"atk\":105,\"def\":316,\"spa\":188,\"spd\":325,\"spe\":125},\"moves\":[\"flashcannon\",\"thunderwave\",\"irondefense\",\"bodypress\"],\"baseAbility\":\"magnetpull\",\"item\":\"leftovers\",\"pokeball\":\"pokeball\",\"ability\":\"magnetpull\",\"commanding\":false,\"reviving\":false,\"teraType\":\"Fighting\",\"terastallized\":\"Fighting\"},{\"ident\":\"p1: Lanturn\",\"details\":\"Lanturn, L89, F\",\"condition\":\"367/367\",\"active\":false,\"stats\":{\"atk\":108,\"def\":154,\"spa\":186,\"spd\":186,\"spe\":170},\"moves\":[\"scald\",\"thunderwave\",\"voltswitch\",\"thunderbolt\"],\"baseAbility\":\"voltabsorb\",\"item\":\"heavydutyboots\",\"pokeball\":\"pokeball\",\"ability\":\"voltabsorb\",\"commanding\":false,\"reviving\":false,\"teraType\":\"Flying\",\"terastallized\":\"\"},{\"ident\":\"p1: Furret\",\"details\":\"Furret, L94, M\",\"condition\":\"312/312\",\"active\":false,\"stats\":{\"atk\":196,\"def\":174,\"spa\":138,\"spd\":157,\"spe\":223},\"moves\":[\"tidyup\",\"knockoff\",\"brickbreak\",\"doubleedge\"],\"baseAbility\":\"frisk\",\"item\":\"lifeorb\",\"pokeball\":\"pokeball\",\"ability\":\"frisk\",\"commanding\":false,\"reviving\":false,\"teraType\":\"Normal\",\"terastallized\":\"\"}]},\"rqid\":30}\n|\n|t:|1783390931\n|switch|p2a: Iron Jugulis|Iron Jugulis, L77|100/100\n|turn|13\n|request|{\"active\":[{\"moves\":[{\"move\":\"Recover\",\"id\":\"recover\",\"pp\":8,\"maxpp\":8,\"target\":\"self\",\"disabled\":false},{\"move\":\"Giga Drain\",\"id\":\"gigadrain\",\"pp\":16,\"maxpp\":16,\"target\":\"normal\",\"disabled\":false},{\"move\":\"Dragon Pulse\",\"id\":\"dragonpulse\",\"pp\":15,\"maxpp\":16,\"target\":\"any\",\"disabled\":false},{\"move\":\"Sucker Punch\",\"id\":\"suckerpunch\",\"pp\":8,\"maxpp\":8,\"target\":\"normal\",\"disabled\":false}]}],\"side\":{\"name\":\"p0x003d598\",\"id\":\"p1\",\"pokemon\":[{\"ident\":\"p1: Dipplin\",\"details\":\"Dipplin, L88, M\",\"condition\":\"214/284\",\"active\":true,\"stats\":{\"atk\":191,\"def\":244,\"spa\":217,\"spd\":191,\"spe\":121},\"moves\":[\"recover\",\"gigadrain\",\"dragonpulse\",\"suckerpunch\"],\"baseAbility\":\"stickyhold\",\"item\":\"eviolite\",\"pokeball\":\"pokeball\",\"ability\":\"stickyhold\",\"commanding\":false,\"reviving\":false,\"teraType\":\"Steel\",\"terastallized\":\"\"},{\"ident\":\"p1: Shiftry\",\"details\":\"Shiftry, L89, M\",\"condition\":\"0 fnt\",\"active\":false,\"stats\":{\"atk\":229,\"def\":158,\"spa\":211,\"spd\":158,\"spe\":193},\"moves\":[\"lowkick\",\"tailwind\",\"knockoff\",\"leafblade\"],\"baseAbility\":\"windrider\",\"item\":\"lifeorb\",\"pokeball\":\"pokeball\",\"ability\":\"windrider\",\"commanding\":false,\"reviving\":false,\"teraType\":\"Dark\",\"terastallized\":\"\"},{\"ident\":\"p1: Sandaconda\",\"details\":\"Sandaconda, L84, M\",\"condition\":\"258/258\",\"active\":false,\"stats\":{\"atk\":228,\"def\":258,\"spa\":157,\"spd\":166,\"spe\":167},\"moves\":[\"rest\",\"coil\",\"earthquake\",\"stoneedge\"],\"baseAbility\":\"shedskin\",\"item\":\"leftovers\",\"pokeball\":\"pokeball\",\"ability\":\"shedskin\",\"commanding\":false,\"reviving\":false,\"teraType\":\"Dragon\",\"terastallized\":\"\"},{\"ident\":\"p1: Probopass\",\"details\":\"Probopass, L91, M\",\"condition\":\"156/257\",\"active\":false,\"stats\":{\"atk\":105,\"def\":316,\"spa\":188,\"spd\":325,\"spe\":125},\"moves\":[\"flashcannon\",\"thunderwave\",\"irondefense\",\"bodypress\"],\"baseAbility\":\"magnetpull\",\"item\":\"leftovers\",\"pokeball\":\"pokeball\",\"ability\":\"magnetpull\",\"commanding\":false,\"reviving\":false,\"teraType\":\"Fighting\",\"terastallized\":\"Fighting\"},{\"ident\":\"p1: Lanturn\",\"details\":\"Lanturn, L89, F\",\"condition\":\"367/367\",\"active\":false,\"stats\":{\"atk\":108,\"def\":154,\"spa\":186,\"spd\":186,\"spe\":170},\"moves\":[\"scald\",\"thunderwave\",\"voltswitch\",\"thunderbolt\"],\"baseAbility\":\"voltabsorb\",\"item\":\"heavydutyboots\",\"pokeball\":\"pokeball\",\"ability\":\"voltabsorb\",\"commanding\":false,\"reviving\":false,\"teraType\":\"Flying\",\"terastallized\":\"\"},{\"ident\":\"p1: Furret\",\"details\":\"Furret, L94, M\",\"condition\":\"312/312\",\"active\":false,\"stats\":{\"atk\":196,\"def\":174,\"spa\":138,\"spd\":157,\"spe\":223},\"moves\":[\"tidyup\",\"knockoff\",\"brickbreak\",\"doubleedge\"],\"baseAbility\":\"frisk\",\"item\":\"lifeorb\",\"pokeball\":\"pokeball\",\"ability\":\"frisk\",\"commanding\":false,\"reviving\":false,\"teraType\":\"Normal\",\"terastallized\":\"\"}]},\"rqid\":32}\n|inactive|Time left: 300 sec this turn | 300 sec total\n|\n|t:|1783390931\n|switch|p1a: Lanturn|Lanturn, L89, F|367/367\n|move|p2a: Iron Jugulis|Hurricane|p1a: Lanturn\n|-resisted|p1a: Lanturn\n|-damage|p1a: Lanturn|306/367\n|\n|upkeep\n|turn|14\n|request|{\"active\":[{\"moves\":[{\"move\":\"Scald\",\"id\":\"scald\",\"pp\":24,\"maxpp\":24,\"target\":\"normal\",\"disabled\":false},{\"move\":\"Thunder Wave\",\"id\":\"thunderwave\",\"pp\":32,\"maxpp\":32,\"target\":\"normal\",\"disabled\":false},{\"move\":\"Volt Switch\",\"id\":\"voltswitch\",\"pp\":32,\"maxpp\":32,\"target\":\"normal\",\"disabled\":false},{\"move\":\"Thunderbolt\",\"id\":\"thunderbolt\",\"pp\":24,\"maxpp\":24,\"target\":\"normal\",\"disabled\":false}]}],\"side\":{\"name\":\"p0x003d598\",\"id\":\"p1\",\"pokemon\":[{\"ident\":\"p1: Lanturn\",\"details\":\"Lanturn, L89, F\",\"condition\":\"306/367\",\"active\":true,\"stats\":{\"atk\":108,\"def\":154,\"spa\":186,\"spd\":186,\"spe\":170},\"moves\":[\"scald\",\"thunderwave\",\"voltswitch\",\"thunderbolt\"],\"baseAbility\":\"voltabsorb\",\"item\":\"heavydutyboots\",\"pokeball\":\"pokeball\",\"ability\":\"voltabsorb\",\"commanding\":false,\"reviving\":false,\"teraType\":\"Flying\",\"terastallized\":\"\"},{\"ident\":\"p1: Shiftry\",\"details\":\"Shiftry, L89, M\",\"condition\":\"0 fnt\",\"active\":false,\"stats\":{\"atk\":229,\"def\":158,\"spa\":211,\"spd\":158,\"spe\":193},\"moves\":[\"lowkick\",\"tailwind\",\"knockoff\",\"leafblade\"],\"baseAbility\":\"windrider\",\"item\":\"lifeorb\",\"pokeball\":\"pokeball\",\"ability\":\"windrider\",\"commanding\":false,\"reviving\":false,\"teraType\":\"Dark\",\"terastallized\":\"\"},{\"ident\":\"p1: Sandaconda\",\"details\":\"Sandaconda, L84, M\",\"condition\":\"258/258\",\"active\":false,\"stats\":{\"atk\":228,\"def\":258,\"spa\":157,\"spd\":166,\"spe\":167},\"moves\":[\"rest\",\"coil\",\"earthquake\",\"stoneedge\"],\"baseAbility\":\"shedskin\",\"item\":\"leftovers\",\"pokeball\":\"pokeball\",\"ability\":\"shedskin\",\"commanding\":false,\"reviving\":false,\"teraType\":\"Dragon\",\"terastallized\":\"\"},{\"ident\":\"p1: Probopass\",\"details\":\"Probopass, L91, M\",\"condition\":\"156/257\",\"active\":false,\"stats\":{\"atk\":105,\"def\":316,\"spa\":188,\"spd\":325,\"spe\":125},\"moves\":[\"flashcannon\",\"thunderwave\",\"irondefense\",\"bodypress\"],\"baseAbility\":\"magnetpull\",\"item\":\"leftovers\",\"pokeball\":\"pokeball\",\"ability\":\"magnetpull\",\"commanding\":false,\"reviving\":false,\"teraType\":\"Fighting\",\"terastallized\":\"Fighting\"},{\"ident\":\"p1: Dipplin\",\"details\":\"Dipplin, L88, M\",\"condition\":\"214/284\",\"active\":false,\"stats\":{\"atk\":191,\"def\":244,\"spa\":217,\"spd\":191,\"spe\":121},\"moves\":[\"recover\",\"gigadrain\",\"dragonpulse\",\"suckerpunch\"],\"baseAbility\":\"stickyhold\",\"item\":\"eviolite\",\"pokeball\":\"pokeball\",\"ability\":\"stickyhold\",\"commanding\":false,\"reviving\":false,\"teraType\":\"Steel\",\"terastallized\":\"\"},{\"ident\":\"p1: Furret\",\"details\":\"Furret, L94, M\",\"condition\":\"312/312\",\"active\":false,\"stats\":{\"atk\":196,\"def\":174,\"spa\":138,\"spd\":157,\"spe\":223},\"moves\":[\"tidyup\",\"knockoff\",\"brickbreak\",\"doubleedge\"],\"baseAbility\":\"frisk\",\"item\":\"lifeorb\",\"pokeball\":\"pokeball\",\"ability\":\"frisk\",\"commanding\":false,\"reviving\":false,\"teraType\":\"Normal\",\"terastallized\":\"\"}]},\"rqid\":34}\n|inactive|Time left: 300 sec this turn | 300 sec total\n|\n|t:|1783390931\n|-end|p2a: Iron Jugulis|Quark Drive|[silent]\n|switch|p2a: Raichu|Raichu, L88, M|100/100\n|move|p1a: Lanturn|Volt Switch|p2a: Raichu\n|-ability|p2a: Raichu|Lightning Rod|boost\n|-boost|p2a: Raichu|spa|1\n|\n|upkeep\n|turn|15\n|request|{\"active\":[{\"moves\":[{\"move\":\"Scald\",\"id\":\"scald\",\"pp\":24,\"maxpp\":24,\"target\":\"normal\",\"disabled\":false},{\"move\":\"Thunder Wave\",\"id\":\"thunderwave\",\"pp\":32,\"maxpp\":32,\"target\":\"normal\",\"disabled\":false},{\"move\":\"Volt Switch\",\"id\":\"voltswitch\",\"pp\":31,\"maxpp\":32,\"target\":\"normal\",\"disabled\":false},{\"move\":\"Thunderbolt\",\"id\":\"thunderbolt\",\"pp\":24,\"maxpp\":24,\"target\":\"normal\",\"disabled\":false}]}],\"side\":{\"name\":\"p0x003d598\",\"id\":\"p1\",\"pokemon\":[{\"ident\":\"p1: Lanturn\",\"details\":\"Lanturn, L89, F\",\"condition\":\"306/367\",\"active\":true,\"stats\":{\"atk\":108,\"def\":154,\"spa\":186,\"spd\":186,\"spe\":170},\"moves\":[\"scald\",\"thunderwave\",\"voltswitch\",\"thunderbolt\"],\"baseAbility\":\"voltabsorb\",\"item\":\"heavydutyboots\",\"pokeball\":\"pokeball\",\"ability\":\"voltabsorb\",\"commanding\":false,\"reviving\":false,\"teraType\":\"Flying\",\"terastallized\":\"\"},{\"ident\":\"p1: Shiftry\",\"details\":\"Shiftry, L89, M\",\"condition\":\"0 fnt\",\"active\":false,\"stats\":{\"atk\":229,\"def\":158,\"spa\":211,\"spd\":158,\"spe\":193},\"moves\":[\"lowkick\",\"tailwind\",\"knockoff\",\"leafblade\"],\"baseAbility\":\"windrider\",\"item\":\"lifeorb\",\"pokeball\":\"pokeball\",\"ability\":\"windrider\",\"commanding\":false,\"reviving\":false,\"teraType\":\"Dark\",\"terastallized\":\"\"},{\"ident\":\"p1: Sandaconda\",\"details\":\"Sandaconda, L84, M\",\"condition\":\"258/258\",\"active\":false,\"stats\":{\"atk\":228,\"def\":258,\"spa\":157,\"spd\":166,\"spe\":167},\"moves\":[\"rest\",\"coil\",\"earthquake\",\"stoneedge\"],\"baseAbility\":\"shedskin\",\"item\":\"leftovers\",\"pokeball\":\"pokeball\",\"ability\":\"shedskin\",\"commanding\":false,\"reviving\":false,\"teraType\":\"Dragon\",\"terastallized\":\"\"},{\"ident\":\"p1: Probopass\",\"details\":\"Probopass, L91, M\",\"condition\":\"156/257\",\"active\":false,\"stats\":{\"atk\":105,\"def\":316,\"spa\":188,\"spd\":325,\"spe\":125},\"moves\":[\"flashcannon\",\"thunderwave\",\"irondefense\",\"bodypress\"],\"baseAbility\":\"magnetpull\",\"item\":\"leftovers\",\"pokeball\":\"pokeball\",\"ability\":\"magnetpull\",\"commanding\":false,\"reviving\":false,\"teraType\":\"Fighting\",\"terastallized\":\"Fighting\"},{\"ident\":\"p1: Dipplin\",\"details\":\"Dipplin, L88, M\",\"condition\":\"214/284\",\"active\":false,\"stats\":{\"atk\":191,\"def\":244,\"spa\":217,\"spd\":191,\"spe\":121},\"moves\":[\"recover\",\"gigadrain\",\"dragonpulse\",\"suckerpunch\"],\"baseAbility\":\"stickyhold\",\"item\":\"eviolite\",\"pokeball\":\"pokeball\",\"ability\":\"stickyhold\",\"commanding\":false,\"reviving\":false,\"teraType\":\"Steel\",\"terastallized\":\"\"},{\"ident\":\"p1: Furret\",\"details\":\"Furret, L94, M\",\"condition\":\"312/312\",\"active\":false,\"stats\":{\"atk\":196,\"def\":174,\"spa\":138,\"spd\":157,\"spe\":223},\"moves\":[\"tidyup\",\"knockoff\",\"brickbreak\",\"doubleedge\"],\"baseAbility\":\"frisk\",\"item\":\"lifeorb\",\"pokeball\":\"pokeball\",\"ability\":\"frisk\",\"commanding\":false,\"reviving\":false,\"teraType\":\"Normal\",\"terastallized\":\"\"}]},\"rqid\":36}\n|inactive|Time left: 300 sec this turn | 300 sec total\n|\n|t:|1783390932\n|move|p2a: Raichu|Encore|p1a: Lanturn\n|-start|p1a: Lanturn|Encore\n|move|p1a: Lanturn|Volt Switch|p2a: Raichu\n|-ability|p2a: Raichu|Lightning Rod|boost\n|-boost|p2a: Raichu|spa|1\n|\n|upkeep\n|turn|16\n|request|{\"active\":[{\"moves\":[{\"move\":\"Scald\",\"id\":\"scald\",\"pp\":24,\"maxpp\":24,\"target\":\"normal\",\"disabled\":true},{\"move\":\"Thunder Wave\",\"id\":\"thunderwave\",\"pp\":32,\"maxpp\":32,\"target\":\"normal\",\"disabled\":true},{\"move\":\"Volt Switch\",\"id\":\"voltswitch\",\"pp\":30,\"maxpp\":32,\"target\":\"normal\",\"disabled\":false},{\"move\":\"Thunderbolt\",\"id\":\"thunderbolt\",\"pp\":24,\"maxpp\":24,\"target\":\"normal\",\"disabled\":true}]}],\"side\":{\"name\":\"p0x003d598\",\"id\":\"p1\",\"pokemon\":[{\"ident\":\"p1: Lanturn\",\"details\":\"Lanturn, L89, F\",\"condition\":\"306/367\",\"active\":true,\"stats\":{\"atk\":108,\"def\":154,\"spa\":186,\"spd\":186,\"spe\":170},\"moves\":[\"scald\",\"thunderwave\",\"voltswitch\",\"thunderbolt\"],\"baseAbility\":\"voltabsorb\",\"item\":\"heavydutyboots\",\"pokeball\":\"pokeball\",\"ability\":\"voltabsorb\",\"commanding\":false,\"reviving\":false,\"teraType\":\"Flying\",\"terastallized\":\"\"},{\"ident\":\"p1: Shiftry\",\"details\":\"Shiftry, L89, M\",\"condition\":\"0 fnt\",\"active\":false,\"stats\":{\"atk\":229,\"def\":158,\"spa\":211,\"spd\":158,\"spe\":193},\"moves\":[\"lowkick\",\"tailwind\",\"knockoff\",\"leafblade\"],\"baseAbility\":\"windrider\",\"item\":\"lifeorb\",\"pokeball\":\"pokeball\",\"ability\":\"windrider\",\"commanding\":false,\"reviving\":false,\"teraType\":\"Dark\",\"terastallized\":\"\"},{\"ident\":\"p1: Sandaconda\",\"details\":\"Sandaconda, L84, M\",\"condition\":\"258/258\",\"active\":false,\"stats\":{\"atk\":228,\"def\":258,\"spa\":157,\"spd\":166,\"spe\":167},\"moves\":[\"rest\",\"coil\",\"earthquake\",\"stoneedge\"],\"baseAbility\":\"shedskin\",\"item\":\"leftovers\",\"pokeball\":\"pokeball\",\"ability\":\"shedskin\",\"commanding\":false,\"reviving\":false,\"teraType\":\"Dragon\",\"terastallized\":\"\"},{\"ident\":\"p1: Probopass\",\"details\":\"Probopass, L91, M\",\"condition\":\"156/257\",\"active\":false,\"stats\":{\"atk\":105,\"def\":316,\"spa\":188,\"spd\":325,\"spe\":125},\"moves\":[\"flashcannon\",\"thunderwave\",\"irondefense\",\"bodypress\"],\"baseAbility\":\"magnetpull\",\"item\":\"leftovers\",\"pokeball\":\"pokeball\",\"ability\":\"magnetpull\",\"commanding\":false,\"reviving\":false,\"teraType\":\"Fighting\",\"terastallized\":\"Fighting\"},{\"ident\":\"p1: Dipplin\",\"details\":\"Dipplin, L88, M\",\"condition\":\"214/284\",\"active\":false,\"stats\":{\"atk\":191,\"def\":244,\"spa\":217,\"spd\":191,\"spe\":121},\"moves\":[\"recover\",\"gigadrain\",\"dragonpulse\",\"suckerpunch\"],\"baseAbility\":\"stickyhold\",\"item\":\"eviolite\",\"pokeball\":\"pokeball\",\"ability\":\"stickyhold\",\"commanding\":false,\"reviving\":false,\"teraType\":\"Steel\",\"terastallized\":\"\"},{\"ident\":\"p1: Furret\",\"details\":\"Furret, L94, M\",\"condition\":\"312/312\",\"active\":false,\"stats\":{\"atk\":196,\"def\":174,\"spa\":138,\"spd\":157,\"spe\":223},\"moves\":[\"tidyup\",\"knockoff\",\"brickbreak\",\"doubleedge\"],\"baseAbility\":\"frisk\",\"item\":\"lifeorb\",\"pokeball\":\"pokeball\",\"ability\":\"frisk\",\"commanding\":false,\"reviving\":false,\"teraType\":\"Normal\",\"terastallized\":\"\"}]},\"rqid\":38}\n|inactive|Time left: 300 sec this turn | 300 sec total\n|\n|t:|1783390932\n|switch|p1a: Dipplin|Dipplin, L88, M|214/284\n|move|p2a: Raichu|Volt Switch|p1a: Dipplin\n|-resisted|p1a: Dipplin\n|-damage|p1a: Dipplin|188/284\n|request|{\"wait\":true,\"side\":{\"name\":\"p0x003d598\",\"id\":\"p1\",\"pokemon\":[{\"ident\":\"p1: Dipplin\",\"details\":\"Dipplin, L88, M\",\"condition\":\"188/284\",\"active\":true,\"stats\":{\"atk\":191,\"def\":244,\"spa\":217,\"spd\":191,\"spe\":121},\"moves\":[\"recover\",\"gigadrain\",\"dragonpulse\",\"suckerpunch\"],\"baseAbility\":\"stickyhold\",\"item\":\"eviolite\",\"pokeball\":\"pokeball\",\"ability\":\"stickyhold\",\"commanding\":false,\"reviving\":false,\"teraType\":\"Steel\",\"terastallized\":\"\"},{\"ident\":\"p1: Shiftry\",\"details\":\"Shiftry, L89, M\",\"condition\":\"0 fnt\",\"active\":false,\"stats\":{\"atk\":229,\"def\":158,\"spa\":211,\"spd\":158,\"spe\":193},\"moves\":[\"lowkick\",\"tailwind\",\"knockoff\",\"leafblade\"],\"baseAbility\":\"windrider\",\"item\":\"lifeorb\",\"pokeball\":\"pokeball\",\"ability\":\"windrider\",\"commanding\":false,\"reviving\":false,\"teraType\":\"Dark\",\"terastallized\":\"\"},{\"ident\":\"p1: Sandaconda\",\"details\":\"Sandaconda, L84, M\",\"condition\":\"258/258\",\"active\":false,\"stats\":{\"atk\":228,\"def\":258,\"spa\":157,\"spd\":166,\"spe\":167},\"moves\":[\"rest\",\"coil\",\"earthquake\",\"stoneedge\"],\"baseAbility\":\"shedskin\",\"item\":\"leftovers\",\"pokeball\":\"pokeball\",\"ability\":\"shedskin\",\"commanding\":false,\"reviving\":false,\"teraType\":\"Dragon\",\"terastallized\":\"\"},{\"ident\":\"p1: Probopass\",\"details\":\"Probopass, L91, M\",\"condition\":\"156/257\",\"active\":false,\"stats\":{\"atk\":105,\"def\":316,\"spa\":188,\"spd\":325,\"spe\":125},\"moves\":[\"flashcannon\",\"thunderwave\",\"irondefense\",\"bodypress\"],\"baseAbility\":\"magnetpull\",\"item\":\"leftovers\",\"pokeball\":\"pokeball\",\"ability\":\"magnetpull\",\"commanding\":false,\"reviving\":false,\"teraType\":\"Fighting\",\"terastallized\":\"Fighting\"},{\"ident\":\"p1: Lanturn\",\"details\":\"Lanturn, L89, F\",\"condition\":\"306/367\",\"active\":false,\"stats\":{\"atk\":108,\"def\":154,\"spa\":186,\"spd\":186,\"spe\":170},\"moves\":[\"scald\",\"thunderwave\",\"voltswitch\",\"thunderbolt\"],\"baseAbility\":\"voltabsorb\",\"item\":\"heavydutyboots\",\"pokeball\":\"pokeball\",\"ability\":\"voltabsorb\",\"commanding\":false,\"reviving\":false,\"teraType\":\"Flying\",\"terastallized\":\"\"},{\"ident\":\"p1: Furret\",\"details\":\"Furret, L94, M\",\"condition\":\"312/312\",\"active\":false,\"stats\":{\"atk\":196,\"def\":174,\"spa\":138,\"spd\":157,\"spe\":223},\"moves\":[\"tidyup\",\"knockoff\",\"brickbreak\",\"doubleedge\"],\"baseAbility\":\"frisk\",\"item\":\"lifeorb\",\"pokeball\":\"pokeball\",\"ability\":\"frisk\",\"commanding\":false,\"reviving\":false,\"teraType\":\"Normal\",\"terastallized\":\"\"}]},\"rqid\":40}\n|\n|t:|1783390932\n|switch|p2a: Zarude|Zarude, L77|100/100|[from] Volt Switch\n|\n|upkeep\n|turn|17\n|request|{\"active\":[{\"moves\":[{\"move\":\"Recover\",\"id\":\"recover\",\"pp\":8,\"maxpp\":8,\"target\":\"self\",\"disabled\":false},{\"move\":\"Giga Drain\",\"id\":\"gigadrain\",\"pp\":16,\"maxpp\":16,\"target\":\"normal\",\"disabled\":false},{\"move\":\"Dragon Pulse\",\"id\":\"dragonpulse\",\"pp\":15,\"maxpp\":16,\"target\":\"any\",\"disabled\":false},{\"move\":\"Sucker Punch\",\"id\":\"suckerpunch\",\"pp\":8,\"maxpp\":8,\"target\":\"normal\",\"disabled\":false}]}],\"side\":{\"name\":\"p0x003d598\",\"id\":\"p1\",\"pokemon\":[{\"ident\":\"p1: Dipplin\",\"details\":\"Dipplin, L88, M\",\"condition\":\"188/284\",\"active\":true,\"stats\":{\"atk\":191,\"def\":244,\"spa\":217,\"spd\":191,\"spe\":121},\"moves\":[\"recover\",\"gigadrain\",\"dragonpulse\",\"suckerpunch\"],\"baseAbility\":\"stickyhold\",\"item\":\"eviolite\",\"pokeball\":\"pokeball\",\"ability\":\"stickyhold\",\"commanding\":false,\"reviving\":false,\"teraType\":\"Steel\",\"terastallized\":\"\"},{\"ident\":\"p1: Shiftry\",\"details\":\"Shiftry, L89, M\",\"condition\":\"0 fnt\",\"active\":false,\"stats\":{\"atk\":229,\"def\":158,\"spa\":211,\"spd\":158,\"spe\":193},\"moves\":[\"lowkick\",\"tailwind\",\"knockoff\",\"leafblade\"],\"baseAbility\":\"windrider\",\"item\":\"lifeorb\",\"pokeball\":\"pokeball\",\"ability\":\"windrider\",\"commanding\":false,\"reviving\":false,\"teraType\":\"Dark\",\"terastallized\":\"\"},{\"ident\":\"p1: Sandaconda\",\"details\":\"Sandaconda, L84, M\",\"condition\":\"258/258\",\"active\":false,\"stats\":{\"atk\":228,\"def\":258,\"spa\":157,\"spd\":166,\"spe\":167},\"moves\":[\"rest\",\"coil\",\"earthquake\",\"stoneedge\"],\"baseAbility\":\"shedskin\",\"item\":\"leftovers\",\"pokeball\":\"pokeball\",\"ability\":\"shedskin\",\"commanding\":false,\"reviving\":false,\"teraType\":\"Dragon\",\"terastallized\":\"\"},{\"ident\":\"p1: Probopass\",\"details\":\"Probopass, L91, M\",\"condition\":\"156/257\",\"active\":false,\"stats\":{\"atk\":105,\"def\":316,\"spa\":188,\"spd\":325,\"spe\":125},\"moves\":[\"flashcannon\",\"thunderwave\",\"irondefense\",\"bodypress\"],\"baseAbility\":\"magnetpull\",\"item\":\"leftovers\",\"pokeball\":\"pokeball\",\"ability\":\"magnetpull\",\"commanding\":false,\"reviving\":false,\"teraType\":\"Fighting\",\"terastallized\":\"Fighting\"},{\"ident\":\"p1: Lanturn\",\"details\":\"Lanturn, L89, F\",\"condition\":\"306/367\",\"active\":false,\"stats\":{\"atk\":108,\"def\":154,\"spa\":186,\"spd\":186,\"spe\":170},\"moves\":[\"scald\",\"thunderwave\",\"voltswitch\",\"thunderbolt\"],\"baseAbility\":\"voltabsorb\",\"item\":\"heavydutyboots\",\"pokeball\":\"pokeball\",\"ability\":\"voltabsorb\",\"commanding\":false,\"reviving\":false,\"teraType\":\"Flying\",\"terastallized\":\"\"},{\"ident\":\"p1: Furret\",\"details\":\"Furret, L94, M\",\"condition\":\"312/312\",\"active\":false,\"stats\":{\"atk\":196,\"def\":174,\"spa\":138,\"spd\":157,\"spe\":223},\"moves\":[\"tidyup\",\"knockoff\",\"brickbreak\",\"doubleedge\"],\"baseAbility\":\"frisk\",\"item\":\"lifeorb\",\"pokeball\":\"pokeball\",\"ability\":\"frisk\",\"commanding\":false,\"reviving\":false,\"teraType\":\"Normal\",\"terastallized\":\"\"}]},\"rqid\":42}\n|inactive|Time left: 300 sec this turn | 300 sec total\n|\n|t:|1783390932\n|move|p2a: Zarude|Swords Dance|p2a: Zarude\n|-boost|p2a: Zarude|atk|2\n|move|p1a: Dipplin|Recover|p1a: Dipplin\n|-heal|p1a: Dipplin|284/284\n|\n|upkeep\n|turn|18\n|request|{\"active\":[{\"moves\":[{\"move\":\"Recover\",\"id\":\"recover\",\"pp\":7,\"maxpp\":8,\"target\":\"self\",\"disabled\":false},{\"move\":\"Giga Drain\",\"id\":\"gigadrain\",\"pp\":16,\"maxpp\":16,\"target\":\"normal\",\"disabled\":false},{\"move\":\"Dragon Pulse\",\"id\":\"dragonpulse\",\"pp\":15,\"maxpp\":16,\"target\":\"any\",\"disabled\":false},{\"move\":\"Sucker Punch\",\"id\":\"suckerpunch\",\"pp\":8,\"maxpp\":8,\"target\":\"normal\",\"disabled\":false}]}],\"side\":{\"name\":\"p0x003d598\",\"id\":\"p1\",\"pokemon\":[{\"ident\":\"p1: Dipplin\",\"details\":\"Dipplin, L88, M\",\"condition\":\"284/284\",\"active\":true,\"stats\":{\"atk\":191,\"def\":244,\"spa\":217,\"spd\":191,\"spe\":121},\"moves\":[\"recover\",\"gigadrain\",\"dragonpulse\",\"suckerpunch\"],\"baseAbility\":\"stickyhold\",\"item\":\"eviolite\",\"pokeball\":\"pokeball\",\"ability\":\"stickyhold\",\"commanding\":false,\"reviving\":false,\"teraType\":\"Steel\",\"terastallized\":\"\"},{\"ident\":\"p1: Shiftry\",\"details\":\"Shiftry, L89, M\",\"condition\":\"0 fnt\",\"active\":false,\"stats\":{\"atk\":229,\"def\":158,\"spa\":211,\"spd\":158,\"spe\":193},\"moves\":[\"lowkick\",\"tailwind\",\"knockoff\",\"leafblade\"],\"baseAbility\":\"windrider\",\"item\":\"lifeorb\",\"pokeball\":\"pokeball\",\"ability\":\"windrider\",\"commanding\":false,\"reviving\":false,\"teraType\":\"Dark\",\"terastallized\":\"\"},{\"ident\":\"p1: Sandaconda\",\"details\":\"Sandaconda, L84, M\",\"condition\":\"258/258\",\"active\":false,\"stats\":{\"atk\":228,\"def\":258,\"spa\":157,\"spd\":166,\"spe\":167},\"moves\":[\"rest\",\"coil\",\"earthquake\",\"stoneedge\"],\"baseAbility\":\"shedskin\",\"item\":\"leftovers\",\"pokeball\":\"pokeball\",\"ability\":\"shedskin\",\"commanding\":false,\"reviving\":false,\"teraType\":\"Dragon\",\"terastallized\":\"\"},{\"ident\":\"p1: Probopass\",\"details\":\"Probopass, L91, M\",\"condition\":\"156/257\",\"active\":false,\"stats\":{\"atk\":105,\"def\":316,\"spa\":188,\"spd\":325,\"spe\":125},\"moves\":[\"flashcannon\",\"thunderwave\",\"irondefense\",\"bodypress\"],\"baseAbility\":\"magnetpull\",\"item\":\"leftovers\",\"pokeball\":\"pokeball\",\"ability\":\"magnetpull\",\"commanding\":false,\"reviving\":false,\"teraType\":\"Fighting\",\"terastallized\":\"Fighting\"},{\"ident\":\"p1: Lanturn\",\"details\":\"Lanturn, L89, F\",\"condition\":\"306/367\",\"active\":false,\"stats\":{\"atk\":108,\"def\":154,\"spa\":186,\"spd\":186,\"spe\":170},\"moves\":[\"scald\",\"thunderwave\",\"voltswitch\",\"thunderbolt\"],\"baseAbility\":\"voltabsorb\",\"item\":\"heavydutyboots\",\"pokeball\":\"pokeball\",\"ability\":\"voltabsorb\",\"commanding\":false,\"reviving\":false,\"teraType\":\"Flying\",\"terastallized\":\"\"},{\"ident\":\"p1: Furret\",\"details\":\"Furret, L94, M\",\"condition\":\"312/312\",\"active\":false,\"stats\":{\"atk\":196,\"def\":174,\"spa\":138,\"spd\":157,\"spe\":223},\"moves\":[\"tidyup\",\"knockoff\",\"brickbreak\",\"doubleedge\"],\"baseAbility\":\"frisk\",\"item\":\"lifeorb\",\"pokeball\":\"pokeball\",\"ability\":\"frisk\",\"commanding\":false,\"reviving\":false,\"teraType\":\"Normal\",\"terastallized\":\"\"}]},\"rqid\":44}\n|inactive|Time left: 300 sec this turn | 300 sec total\n|\n|t:|1783390933\n|move|p2a: Zarude|Swords Dance|p2a: Zarude\n|-boost|p2a: Zarude|atk|2\n|move|p1a: Dipplin|Dragon Pulse|p2a: Zarude\n|-damage|p2a: Zarude|68/100\n|\n|upkeep\n|turn|19\n|request|{\"active\":[{\"moves\":[{\"move\":\"Recover\",\"id\":\"recover\",\"pp\":7,\"maxpp\":8,\"target\":\"self\",\"disabled\":false},{\"move\":\"Giga Drain\",\"id\":\"gigadrain\",\"pp\":16,\"maxpp\":16,\"target\":\"normal\",\"disabled\":false},{\"move\":\"Dragon Pulse\",\"id\":\"dragonpulse\",\"pp\":14,\"maxpp\":16,\"target\":\"any\",\"disabled\":false},{\"move\":\"Sucker Punch\",\"id\":\"suckerpunch\",\"pp\":8,\"maxpp\":8,\"target\":\"normal\",\"disabled\":false}]}],\"side\":{\"name\":\"p0x003d598\",\"id\":\"p1\",\"pokemon\":[{\"ident\":\"p1: Dipplin\",\"details\":\"Dipplin, L88, M\",\"condition\":\"284/284\",\"active\":true,\"stats\":{\"atk\":191,\"def\":244,\"spa\":217,\"spd\":191,\"spe\":121},\"moves\":[\"recover\",\"gigadrain\",\"dragonpulse\",\"suckerpunch\"],\"baseAbility\":\"stickyhold\",\"item\":\"eviolite\",\"pokeball\":\"pokeball\",\"ability\":\"stickyhold\",\"commanding\":false,\"reviving\":false,\"teraType\":\"Steel\",\"terastallized\":\"\"},{\"ident\":\"p1: Shiftry\",\"details\":\"Shiftry, L89, M\",\"condition\":\"0 fnt\",\"active\":false,\"stats\":{\"atk\":229,\"def\":158,\"spa\":211,\"spd\":158,\"spe\":193},\"moves\":[\"lowkick\",\"tailwind\",\"knockoff\",\"leafblade\"],\"baseAbility\":\"windrider\",\"item\":\"lifeorb\",\"pokeball\":\"pokeball\",\"ability\":\"windrider\",\"commanding\":false,\"reviving\":false,\"teraType\":\"Dark\",\"terastallized\":\"\"},{\"ident\":\"p1: Sandaconda\",\"details\":\"Sandaconda, L84, M\",\"condition\":\"258/258\",\"active\":false,\"stats\":{\"atk\":228,\"def\":258,\"spa\":157,\"spd\":166,\"spe\":167},\"moves\":[\"rest\",\"coil\",\"earthquake\",\"stoneedge\"],\"baseAbility\":\"shedskin\",\"item\":\"leftovers\",\"pokeball\":\"pokeball\",\"ability\":\"shedskin\",\"commanding\":false,\"reviving\":false,\"teraType\":\"Dragon\",\"terastallized\":\"\"},{\"ident\":\"p1: Probopass\",\"details\":\"Probopass, L91, M\",\"condition\":\"156/257\",\"active\":false,\"stats\":{\"atk\":105,\"def\":316,\"spa\":188,\"spd\":325,\"spe\":125},\"moves\":[\"flashcannon\",\"thunderwave\",\"irondefense\",\"bodypress\"],\"baseAbility\":\"magnetpull\",\"item\":\"leftovers\",\"pokeball\":\"pokeball\",\"ability\":\"magnetpull\",\"commanding\":false,\"reviving\":false,\"teraType\":\"Fighting\",\"terastallized\":\"Fighting\"},{\"ident\":\"p1: Lanturn\",\"details\":\"Lanturn, L89, F\",\"condition\":\"306/367\",\"active\":false,\"stats\":{\"atk\":108,\"def\":154,\"spa\":186,\"spd\":186,\"spe\":170},\"moves\":[\"scald\",\"thunderwave\",\"voltswitch\",\"thunderbolt\"],\"baseAbility\":\"voltabsorb\",\"item\":\"heavydutyboots\",\"pokeball\":\"pokeball\",\"ability\":\"voltabsorb\",\"commanding\":false,\"reviving\":false,\"teraType\":\"Flying\",\"terastallized\":\"\"},{\"ident\":\"p1: Furret\",\"details\":\"Furret, L94, M\",\"condition\":\"312/312\",\"active\":false,\"stats\":{\"atk\":196,\"def\":174,\"spa\":138,\"spd\":157,\"spe\":223},\"moves\":[\"tidyup\",\"knockoff\",\"brickbreak\",\"doubleedge\"],\"baseAbility\":\"frisk\",\"item\":\"lifeorb\",\"pokeball\":\"pokeball\",\"ability\":\"frisk\",\"commanding\":false,\"reviving\":false,\"teraType\":\"Normal\",\"terastallized\":\"\"}]},\"rqid\":46}\n|inactive|Time left: 300 sec this turn | 300 sec total\n|\n|t:|1783390933\n|move|p2a: Zarude|Knock Off|p1a: Dipplin\n|-damage|p1a: Dipplin|66/284\n|-activate|p1a: Dipplin|ability: Sticky Hold\n|-damage|p2a: Zarude|58/100|[from] item: Life Orb\n|move|p1a: Dipplin|Dragon Pulse|p2a: Zarude\n|-damage|p2a: Zarude|23/100\n|\n|upkeep\n|turn|20\n|request|{\"active\":[{\"moves\":[{\"move\":\"Recover\",\"id\":\"recover\",\"pp\":7,\"maxpp\":8,\"target\":\"self\",\"disabled\":false},{\"move\":\"Giga Drain\",\"id\":\"gigadrain\",\"pp\":16,\"maxpp\":16,\"target\":\"normal\",\"disabled\":false},{\"move\":\"Dragon Pulse\",\"id\":\"dragonpulse\",\"pp\":13,\"maxpp\":16,\"target\":\"any\",\"disabled\":false},{\"move\":\"Sucker Punch\",\"id\":\"suckerpunch\",\"pp\":8,\"maxpp\":8,\"target\":\"normal\",\"disabled\":false}]}],\"side\":{\"name\":\"p0x003d598\",\"id\":\"p1\",\"pokemon\":[{\"ident\":\"p1: Dipplin\",\"details\":\"Dipplin, L88, M\",\"condition\":\"66/284\",\"active\":true,\"stats\":{\"atk\":191,\"def\":244,\"spa\":217,\"spd\":191,\"spe\":121},\"moves\":[\"recover\",\"gigadrain\",\"dragonpulse\",\"suckerpunch\"],\"baseAbility\":\"stickyhold\",\"item\":\"eviolite\",\"pokeball\":\"pokeball\",\"ability\":\"stickyhold\",\"commanding\":false,\"reviving\":false,\"teraType\":\"Steel\",\"terastallized\":\"\"},{\"ident\":\"p1: Shiftry\",\"details\":\"Shiftry, L89, M\",\"condition\":\"0 fnt\",\"active\":false,\"stats\":{\"atk\":229,\"def\":158,\"spa\":211,\"spd\":158,\"spe\":193},\"moves\":[\"lowkick\",\"tailwind\",\"knockoff\",\"leafblade\"],\"baseAbility\":\"windrider\",\"item\":\"lifeorb\",\"pokeball\":\"pokeball\",\"ability\":\"windrider\",\"commanding\":false,\"reviving\":false,\"teraType\":\"Dark\",\"terastallized\":\"\"},{\"ident\":\"p1: Sandaconda\",\"details\":\"Sandaconda, L84, M\",\"condition\":\"258/258\",\"active\":false,\"stats\":{\"atk\":228,\"def\":258,\"spa\":157,\"spd\":166,\"spe\":167},\"moves\":[\"rest\",\"coil\",\"earthquake\",\"stoneedge\"],\"baseAbility\":\"shedskin\",\"item\":\"leftovers\",\"pokeball\":\"pokeball\",\"ability\":\"shedskin\",\"commanding\":false,\"reviving\":false,\"teraType\":\"Dragon\",\"terastallized\":\"\"},{\"ident\":\"p1: Probopass\",\"details\":\"Probopass, L91, M\",\"condition\":\"156/257\",\"active\":false,\"stats\":{\"atk\":105,\"def\":316,\"spa\":188,\"spd\":325,\"spe\":125},\"moves\":[\"flashcannon\",\"thunderwave\",\"irondefense\",\"bodypress\"],\"baseAbility\":\"magnetpull\",\"item\":\"leftovers\",\"pokeball\":\"pokeball\",\"ability\":\"magnetpull\",\"commanding\":false,\"reviving\":false,\"teraType\":\"Fighting\",\"terastallized\":\"Fighting\"},{\"ident\":\"p1: Lanturn\",\"details\":\"Lanturn, L89, F\",\"condition\":\"306/367\",\"active\":false,\"stats\":{\"atk\":108,\"def\":154,\"spa\":186,\"spd\":186,\"spe\":170},\"moves\":[\"scald\",\"thunderwave\",\"voltswitch\",\"thunderbolt\"],\"baseAbility\":\"voltabsorb\",\"item\":\"heavydutyboots\",\"pokeball\":\"pokeball\",\"ability\":\"voltabsorb\",\"commanding\":false,\"reviving\":false,\"teraType\":\"Flying\",\"terastallized\":\"\"},{\"ident\":\"p1: Furret\",\"details\":\"Furret, L94, M\",\"condition\":\"312/312\",\"active\":false,\"stats\":{\"atk\":196,\"def\":174,\"spa\":138,\"spd\":157,\"spe\":223},\"moves\":[\"tidyup\",\"knockoff\",\"brickbreak\",\"doubleedge\"],\"baseAbility\":\"frisk\",\"item\":\"lifeorb\",\"pokeball\":\"pokeball\",\"ability\":\"frisk\",\"commanding\":false,\"reviving\":false,\"teraType\":\"Normal\",\"terastallized\":\"\"}]},\"rqid\":48}\n|inactive|Time left: 300 sec this turn | 300 sec total\n|\n|t:|1783390933\n|move|p2a: Zarude|Knock Off|p1a: Dipplin\n|-damage|p1a: Dipplin|0 fnt\n|-enditem|p1a: Dipplin|Eviolite|[from] move: Knock Off|[of] p2a: Zarude\n|faint|p1a: Dipplin\n|-damage|p2a: Zarude|13/100|[from] item: Life Orb\n|\n|upkeep\n|request|{\"forceSwitch\":[true],\"side\":{\"name\":\"p0x003d598\",\"id\":\"p1\",\"pokemon\":[{\"ident\":\"p1: Dipplin\",\"details\":\"Dipplin, L88, M\",\"condition\":\"0 fnt\",\"active\":true,\"stats\":{\"atk\":191,\"def\":244,\"spa\":217,\"spd\":191,\"spe\":121},\"moves\":[\"recover\",\"gigadrain\",\"dragonpulse\",\"suckerpunch\"],\"baseAbility\":\"stickyhold\",\"item\":\"\",\"pokeball\":\"pokeball\",\"ability\":\"stickyhold\",\"commanding\":false,\"reviving\":false,\"teraType\":\"Steel\",\"terastallized\":\"\"},{\"ident\":\"p1: Shiftry\",\"details\":\"Shiftry, L89, M\",\"condition\":\"0 fnt\",\"active\":false,\"stats\":{\"atk\":229,\"def\":158,\"spa\":211,\"spd\":158,\"spe\":193},\"moves\":[\"lowkick\",\"tailwind\",\"knockoff\",\"leafblade\"],\"baseAbility\":\"windrider\",\"item\":\"lifeorb\",\"pokeball\":\"pokeball\",\"ability\":\"windrider\",\"commanding\":false,\"reviving\":false,\"teraType\":\"Dark\",\"terastallized\":\"\"},{\"ident\":\"p1: Sandaconda\",\"details\":\"Sandaconda, L84, M\",\"condition\":\"258/258\",\"active\":false,\"stats\":{\"atk\":228,\"def\":258,\"spa\":157,\"spd\":166,\"spe\":167},\"moves\":[\"rest\",\"coil\",\"earthquake\",\"stoneedge\"],\"baseAbility\":\"shedskin\",\"item\":\"leftovers\",\"pokeball\":\"pokeball\",\"ability\":\"shedskin\",\"commanding\":false,\"reviving\":false,\"teraType\":\"Dragon\",\"terastallized\":\"\"},{\"ident\":\"p1: Probopass\",\"details\":\"Probopass, L91, M\",\"condition\":\"156/257\",\"active\":false,\"stats\":{\"atk\":105,\"def\":316,\"spa\":188,\"spd\":325,\"spe\":125},\"moves\":[\"flashcannon\",\"thunderwave\",\"irondefense\",\"bodypress\"],\"baseAbility\":\"magnetpull\",\"item\":\"leftovers\",\"pokeball\":\"pokeball\",\"ability\":\"magnetpull\",\"commanding\":false,\"reviving\":false,\"teraType\":\"Fighting\",\"terastallized\":\"Fighting\"},{\"ident\":\"p1: Lanturn\",\"details\":\"Lanturn, L89, F\",\"condition\":\"306/367\",\"active\":false,\"stats\":{\"atk\":108,\"def\":154,\"spa\":186,\"spd\":186,\"spe\":170},\"moves\":[\"scald\",\"thunderwave\",\"voltswitch\",\"thunderbolt\"],\"baseAbility\":\"voltabsorb\",\"item\":\"heavydutyboots\",\"pokeball\":\"pokeball\",\"ability\":\"voltabsorb\",\"commanding\":false,\"reviving\":false,\"teraType\":\"Flying\",\"terastallized\":\"\"},{\"ident\":\"p1: Furret\",\"details\":\"Furret, L94, M\",\"condition\":\"312/312\",\"active\":false,\"stats\":{\"atk\":196,\"def\":174,\"spa\":138,\"spd\":157,\"spe\":223},\"moves\":[\"tidyup\",\"knockoff\",\"brickbreak\",\"doubleedge\"],\"baseAbility\":\"frisk\",\"item\":\"lifeorb\",\"pokeball\":\"pokeball\",\"ability\":\"frisk\",\"commanding\":false,\"reviving\":false,\"teraType\":\"Normal\",\"terastallized\":\"\"}]},\"noCancel\":true,\"rqid\":50}\n|inactive|Time left: 300 sec this turn | 300 sec total | 5 sec grace\n|\n|t:|1783390933\n|switch|p1a: Furret|Furret, L94, M|312/312\n|-item|p2a: Zarude|Life Orb|[from] ability: Frisk|[of] p1a: Furret\n|turn|21\n|request|{\"active\":[{\"moves\":[{\"move\":\"Tidy Up\",\"id\":\"tidyup\",\"pp\":16,\"maxpp\":16,\"target\":\"self\",\"disabled\":false},{\"move\":\"Knock Off\",\"id\":\"knockoff\",\"pp\":32,\"maxpp\":32,\"target\":\"normal\",\"disabled\":false},{\"move\":\"Brick Break\",\"id\":\"brickbreak\",\"pp\":24,\"maxpp\":24,\"target\":\"normal\",\"disabled\":false},{\"move\":\"Double-Edge\",\"id\":\"doubleedge\",\"pp\":24,\"maxpp\":24,\"target\":\"normal\",\"disabled\":false}]}],\"side\":{\"name\":\"p0x003d598\",\"id\":\"p1\",\"pokemon\":[{\"ident\":\"p1: Furret\",\"details\":\"Furret, L94, M\",\"condition\":\"312/312\",\"active\":true,\"stats\":{\"atk\":196,\"def\":174,\"spa\":138,\"spd\":157,\"spe\":223},\"moves\":[\"tidyup\",\"knockoff\",\"brickbreak\",\"doubleedge\"],\"baseAbility\":\"frisk\",\"item\":\"lifeorb\",\"pokeball\":\"pokeball\",\"ability\":\"frisk\",\"commanding\":false,\"reviving\":false,\"teraType\":\"Normal\",\"terastallized\":\"\"},{\"ident\":\"p1: Shiftry\",\"details\":\"Shiftry, L89, M\",\"condition\":\"0 fnt\",\"active\":false,\"stats\":{\"atk\":229,\"def\":158,\"spa\":211,\"spd\":158,\"spe\":193},\"moves\":[\"lowkick\",\"tailwind\",\"knockoff\",\"leafblade\"],\"baseAbility\":\"windrider\",\"item\":\"lifeorb\",\"pokeball\":\"pokeball\",\"ability\":\"windrider\",\"commanding\":false,\"reviving\":false,\"teraType\":\"Dark\",\"terastallized\":\"\"},{\"ident\":\"p1: Sandaconda\",\"details\":\"Sandaconda, L84, M\",\"condition\":\"258/258\",\"active\":false,\"stats\":{\"atk\":228,\"def\":258,\"spa\":157,\"spd\":166,\"spe\":167},\"moves\":[\"rest\",\"coil\",\"earthquake\",\"stoneedge\"],\"baseAbility\":\"shedskin\",\"item\":\"leftovers\",\"pokeball\":\"pokeball\",\"ability\":\"shedskin\",\"commanding\":false,\"reviving\":false,\"teraType\":\"Dragon\",\"terastallized\":\"\"},{\"ident\":\"p1: Probopass\",\"details\":\"Probopass, L91, M\",\"condition\":\"156/257\",\"active\":false,\"stats\":{\"atk\":105,\"def\":316,\"spa\":188,\"spd\":325,\"spe\":125},\"moves\":[\"flashcannon\",\"thunderwave\",\"irondefense\",\"bodypress\"],\"baseAbility\":\"magnetpull\",\"item\":\"leftovers\",\"pokeball\":\"pokeball\",\"ability\":\"magnetpull\",\"commanding\":false,\"reviving\":false,\"teraType\":\"Fighting\",\"terastallized\":\"Fighting\"},{\"ident\":\"p1: Lanturn\",\"details\":\"Lanturn, L89, F\",\"condition\":\"306/367\",\"active\":false,\"stats\":{\"atk\":108,\"def\":154,\"spa\":186,\"spd\":186,\"spe\":170},\"moves\":[\"scald\",\"thunderwave\",\"voltswitch\",\"thunderbolt\"],\"baseAbility\":\"voltabsorb\",\"item\":\"heavydutyboots\",\"pokeball\":\"pokeball\",\"ability\":\"voltabsorb\",\"commanding\":false,\"reviving\":false,\"teraType\":\"Flying\",\"terastallized\":\"\"},{\"ident\":\"p1: Dipplin\",\"details\":\"Dipplin, L88, M\",\"condition\":\"0 fnt\",\"active\":false,\"stats\":{\"atk\":191,\"def\":244,\"spa\":217,\"spd\":191,\"spe\":121},\"moves\":[\"recover\",\"gigadrain\",\"dragonpulse\",\"suckerpunch\"],\"baseAbility\":\"stickyhold\",\"item\":\"\",\"pokeball\":\"pokeball\",\"ability\":\"stickyhold\",\"commanding\":false,\"reviving\":false,\"teraType\":\"Steel\",\"terastallized\":\"\"}]},\"rqid\":52}\n|inactive|Time left: 300 sec this turn | 300 sec total\n|\n|t:|1783390934\n|move|p1a: Furret|Brick Break|p2a: Zarude\n|-supereffective|p2a: Zarude\n|-damage|p2a: Zarude|0 fnt\n|faint|p2a: Zarude\n|-damage|p1a: Furret|281/312|[from] item: Life Orb\n|\n|upkeep\n|request|{\"wait\":true,\"side\":{\"name\":\"p0x003d598\",\"id\":\"p1\",\"pokemon\":[{\"ident\":\"p1: Furret\",\"details\":\"Furret, L94, M\",\"condition\":\"281/312\",\"active\":true,\"stats\":{\"atk\":196,\"def\":174,\"spa\":138,\"spd\":157,\"spe\":223},\"moves\":[\"tidyup\",\"knockoff\",\"brickbreak\",\"doubleedge\"],\"baseAbility\":\"frisk\",\"item\":\"lifeorb\",\"pokeball\":\"pokeball\",\"ability\":\"frisk\",\"commanding\":false,\"reviving\":false,\"teraType\":\"Normal\",\"terastallized\":\"\"},{\"ident\":\"p1: Shiftry\",\"details\":\"Shiftry, L89, M\",\"condition\":\"0 fnt\",\"active\":false,\"stats\":{\"atk\":229,\"def\":158,\"spa\":211,\"spd\":158,\"spe\":193},\"moves\":[\"lowkick\",\"tailwind\",\"knockoff\",\"leafblade\"],\"baseAbility\":\"windrider\",\"item\":\"lifeorb\",\"pokeball\":\"pokeball\",\"ability\":\"windrider\",\"commanding\":false,\"reviving\":false,\"teraType\":\"Dark\",\"terastallized\":\"\"},{\"ident\":\"p1: Sandaconda\",\"details\":\"Sandaconda, L84, M\",\"condition\":\"258/258\",\"active\":false,\"stats\":{\"atk\":228,\"def\":258,\"spa\":157,\"spd\":166,\"spe\":167},\"moves\":[\"rest\",\"coil\",\"earthquake\",\"stoneedge\"],\"baseAbility\":\"shedskin\",\"item\":\"leftovers\",\"pokeball\":\"pokeball\",\"ability\":\"shedskin\",\"commanding\":false,\"reviving\":false,\"teraType\":\"Dragon\",\"terastallized\":\"\"},{\"ident\":\"p1: Probopass\",\"details\":\"Probopass, L91, M\",\"condition\":\"156/257\",\"active\":false,\"stats\":{\"atk\":105,\"def\":316,\"spa\":188,\"spd\":325,\"spe\":125},\"moves\":[\"flashcannon\",\"thunderwave\",\"irondefense\",\"bodypress\"],\"baseAbility\":\"magnetpull\",\"item\":\"leftovers\",\"pokeball\":\"pokeball\",\"ability\":\"magnetpull\",\"commanding\":false,\"reviving\":false,\"teraType\":\"Fighting\",\"terastallized\":\"Fighting\"},{\"ident\":\"p1: Lanturn\",\"details\":\"Lanturn, L89, F\",\"condition\":\"306/367\",\"active\":false,\"stats\":{\"atk\":108,\"def\":154,\"spa\":186,\"spd\":186,\"spe\":170},\"moves\":[\"scald\",\"thunderwave\",\"voltswitch\",\"thunderbolt\"],\"baseAbility\":\"voltabsorb\",\"item\":\"heavydutyboots\",\"pokeball\":\"pokeball\",\"ability\":\"voltabsorb\",\"commanding\":false,\"reviving\":false,\"teraType\":\"Flying\",\"terastallized\":\"\"},{\"ident\":\"p1: Dipplin\",\"details\":\"Dipplin, L88, M\",\"condition\":\"0 fnt\",\"active\":false,\"stats\":{\"atk\":191,\"def\":244,\"spa\":217,\"spd\":191,\"spe\":121},\"moves\":[\"recover\",\"gigadrain\",\"dragonpulse\",\"suckerpunch\"],\"baseAbility\":\"stickyhold\",\"item\":\"\",\"pokeball\":\"pokeball\",\"ability\":\"stickyhold\",\"commanding\":false,\"reviving\":false,\"teraType\":\"Steel\",\"terastallized\":\"\"}]},\"rqid\":54}\n|\n|t:|1783390934\n|switch|p2a: Raichu|Raichu, L88, M|100/100\n|turn|22\n|request|{\"active\":[{\"moves\":[{\"move\":\"Tidy Up\",\"id\":\"tidyup\",\"pp\":16,\"maxpp\":16,\"target\":\"self\",\"disabled\":false},{\"move\":\"Knock Off\",\"id\":\"knockoff\",\"pp\":32,\"maxpp\":32,\"target\":\"normal\",\"disabled\":false},{\"move\":\"Brick Break\",\"id\":\"brickbreak\",\"pp\":23,\"maxpp\":24,\"target\":\"normal\",\"disabled\":false},{\"move\":\"Double-Edge\",\"id\":\"doubleedge\",\"pp\":24,\"maxpp\":24,\"target\":\"normal\",\"disabled\":false}]}],\"side\":{\"name\":\"p0x003d598\",\"id\":\"p1\",\"pokemon\":[{\"ident\":\"p1: Furret\",\"details\":\"Furret, L94, M\",\"condition\":\"281/312\",\"active\":true,\"stats\":{\"atk\":196,\"def\":174,\"spa\":138,\"spd\":157,\"spe\":223},\"moves\":[\"tidyup\",\"knockoff\",\"brickbreak\",\"doubleedge\"],\"baseAbility\":\"frisk\",\"item\":\"lifeorb\",\"pokeball\":\"pokeball\",\"ability\":\"frisk\",\"commanding\":false,\"reviving\":false,\"teraType\":\"Normal\",\"terastallized\":\"\"},{\"ident\":\"p1: Shiftry\",\"details\":\"Shiftry, L89, M\",\"condition\":\"0 fnt\",\"active\":false,\"stats\":{\"atk\":229,\"def\":158,\"spa\":211,\"spd\":158,\"spe\":193},\"moves\":[\"lowkick\",\"tailwind\",\"knockoff\",\"leafblade\"],\"baseAbility\":\"windrider\",\"item\":\"lifeorb\",\"pokeball\":\"pokeball\",\"ability\":\"windrider\",\"commanding\":false,\"reviving\":false,\"teraType\":\"Dark\",\"terastallized\":\"\"},{\"ident\":\"p1: Sandaconda\",\"details\":\"Sandaconda, L84, M\",\"condition\":\"258/258\",\"active\":false,\"stats\":{\"atk\":228,\"def\":258,\"spa\":157,\"spd\":166,\"spe\":167},\"moves\":[\"rest\",\"coil\",\"earthquake\",\"stoneedge\"],\"baseAbility\":\"shedskin\",\"item\":\"leftovers\",\"pokeball\":\"pokeball\",\"ability\":\"shedskin\",\"commanding\":false,\"reviving\":false,\"teraType\":\"Dragon\",\"terastallized\":\"\"},{\"ident\":\"p1: Probopass\",\"details\":\"Probopass, L91, M\",\"condition\":\"156/257\",\"active\":false,\"stats\":{\"atk\":105,\"def\":316,\"spa\":188,\"spd\":325,\"spe\":125},\"moves\":[\"flashcannon\",\"thunderwave\",\"irondefense\",\"bodypress\"],\"baseAbility\":\"magnetpull\",\"item\":\"leftovers\",\"pokeball\":\"pokeball\",\"ability\":\"magnetpull\",\"commanding\":false,\"reviving\":false,\"teraType\":\"Fighting\",\"terastallized\":\"Fighting\"},{\"ident\":\"p1: Lanturn\",\"details\":\"Lanturn, L89, F\",\"condition\":\"306/367\",\"active\":false,\"stats\":{\"atk\":108,\"def\":154,\"spa\":186,\"spd\":186,\"spe\":170},\"moves\":[\"scald\",\"thunderwave\",\"voltswitch\",\"thunderbolt\"],\"baseAbility\":\"voltabsorb\",\"item\":\"heavydutyboots\",\"pokeball\":\"pokeball\",\"ability\":\"voltabsorb\",\"commanding\":false,\"reviving\":false,\"teraType\":\"Flying\",\"terastallized\":\"\"},{\"ident\":\"p1: Dipplin\",\"details\":\"Dipplin, L88, M\",\"condition\":\"0 fnt\",\"active\":false,\"stats\":{\"atk\":191,\"def\":244,\"spa\":217,\"spd\":191,\"spe\":121},\"moves\":[\"recover\",\"gigadrain\",\"dragonpulse\",\"suckerpunch\"],\"baseAbility\":\"stickyhold\",\"item\":\"\",\"pokeball\":\"pokeball\",\"ability\":\"stickyhold\",\"commanding\":false,\"reviving\":false,\"teraType\":\"Steel\",\"terastallized\":\"\"}]},\"rqid\":56}\n|inactive|Time left: 300 sec this turn | 300 sec total\n|\n|t:|1783390934\n|move|p2a: Raichu|Encore|p1a: Furret\n|-start|p1a: Furret|Encore\n|move|p1a: Furret|Brick Break|p2a: Raichu\n|-damage|p2a: Raichu|63/100\n|-damage|p1a: Furret|250/312|[from] item: Life Orb\n|\n|upkeep\n|turn|23\n|request|{\"active\":[{\"moves\":[{\"move\":\"Tidy Up\",\"id\":\"tidyup\",\"pp\":16,\"maxpp\":16,\"target\":\"self\",\"disabled\":true},{\"move\":\"Knock Off\",\"id\":\"knockoff\",\"pp\":32,\"maxpp\":32,\"target\":\"normal\",\"disabled\":true},{\"move\":\"Brick Break\",\"id\":\"brickbreak\",\"pp\":22,\"maxpp\":24,\"target\":\"normal\",\"disabled\":false},{\"move\":\"Double-Edge\",\"id\":\"doubleedge\",\"pp\":24,\"maxpp\":24,\"target\":\"normal\",\"disabled\":true}]}],\"side\":{\"name\":\"p0x003d598\",\"id\":\"p1\",\"pokemon\":[{\"ident\":\"p1: Furret\",\"details\":\"Furret, L94, M\",\"condition\":\"250/312\",\"active\":true,\"stats\":{\"atk\":196,\"def\":174,\"spa\":138,\"spd\":157,\"spe\":223},\"moves\":[\"tidyup\",\"knockoff\",\"brickbreak\",\"doubleedge\"],\"baseAbility\":\"frisk\",\"item\":\"lifeorb\",\"pokeball\":\"pokeball\",\"ability\":\"frisk\",\"commanding\":false,\"reviving\":false,\"teraType\":\"Normal\",\"terastallized\":\"\"},{\"ident\":\"p1: Shiftry\",\"details\":\"Shiftry, L89, M\",\"condition\":\"0 fnt\",\"active\":false,\"stats\":{\"atk\":229,\"def\":158,\"spa\":211,\"spd\":158,\"spe\":193},\"moves\":[\"lowkick\",\"tailwind\",\"knockoff\",\"leafblade\"],\"baseAbility\":\"windrider\",\"item\":\"lifeorb\",\"pokeball\":\"pokeball\",\"ability\":\"windrider\",\"commanding\":false,\"reviving\":false,\"teraType\":\"Dark\",\"terastallized\":\"\"},{\"ident\":\"p1: Sandaconda\",\"details\":\"Sandaconda, L84, M\",\"condition\":\"258/258\",\"active\":false,\"stats\":{\"atk\":228,\"def\":258,\"spa\":157,\"spd\":166,\"spe\":167},\"moves\":[\"rest\",\"coil\",\"earthquake\",\"stoneedge\"],\"baseAbility\":\"shedskin\",\"item\":\"leftovers\",\"pokeball\":\"pokeball\",\"ability\":\"shedskin\",\"commanding\":false,\"reviving\":false,\"teraType\":\"Dragon\",\"terastallized\":\"\"},{\"ident\":\"p1: Probopass\",\"details\":\"Probopass, L91, M\",\"condition\":\"156/257\",\"active\":false,\"stats\":{\"atk\":105,\"def\":316,\"spa\":188,\"spd\":325,\"spe\":125},\"moves\":[\"flashcannon\",\"thunderwave\",\"irondefense\",\"bodypress\"],\"baseAbility\":\"magnetpull\",\"item\":\"leftovers\",\"pokeball\":\"pokeball\",\"ability\":\"magnetpull\",\"commanding\":false,\"reviving\":false,\"teraType\":\"Fighting\",\"terastallized\":\"Fighting\"},{\"ident\":\"p1: Lanturn\",\"details\":\"Lanturn, L89, F\",\"condition\":\"306/367\",\"active\":false,\"stats\":{\"atk\":108,\"def\":154,\"spa\":186,\"spd\":186,\"spe\":170},\"moves\":[\"scald\",\"thunderwave\",\"voltswitch\",\"thunderbolt\"],\"baseAbility\":\"voltabsorb\",\"item\":\"heavydutyboots\",\"pokeball\":\"pokeball\",\"ability\":\"voltabsorb\",\"commanding\":false,\"reviving\":false,\"teraType\":\"Flying\",\"terastallized\":\"\"},{\"ident\":\"p1: Dipplin\",\"details\":\"Dipplin, L88, M\",\"condition\":\"0 fnt\",\"active\":false,\"stats\":{\"atk\":191,\"def\":244,\"spa\":217,\"spd\":191,\"spe\":121},\"moves\":[\"recover\",\"gigadrain\",\"dragonpulse\",\"suckerpunch\"],\"baseAbility\":\"stickyhold\",\"item\":\"\",\"pokeball\":\"pokeball\",\"ability\":\"stickyhold\",\"commanding\":false,\"reviving\":false,\"teraType\":\"Steel\",\"terastallized\":\"\"}]},\"rqid\":58}\n|inactive|Time left: 300 sec this turn | 300 sec total\n|\n|t:|1783390934\n|switch|p2a: Iron Jugulis|Iron Jugulis, L77|100/100\n|switch|p1a: Lanturn|Lanturn, L89, F|306/367\n|\n|upkeep\n|turn|24\n|request|{\"active\":[{\"moves\":[{\"move\":\"Scald\",\"id\":\"scald\",\"pp\":24,\"maxpp\":24,\"target\":\"normal\",\"disabled\":false},{\"move\":\"Thunder Wave\",\"id\":\"thunderwave\",\"pp\":32,\"maxpp\":32,\"target\":\"normal\",\"disabled\":false},{\"move\":\"Volt Switch\",\"id\":\"voltswitch\",\"pp\":30,\"maxpp\":32,\"target\":\"normal\",\"disabled\":false},{\"move\":\"Thunderbolt\",\"id\":\"thunderbolt\",\"pp\":24,\"maxpp\":24,\"target\":\"normal\",\"disabled\":false}]}],\"side\":{\"name\":\"p0x003d598\",\"id\":\"p1\",\"pokemon\":[{\"ident\":\"p1: Lanturn\",\"details\":\"Lanturn, L89, F\",\"condition\":\"306/367\",\"active\":true,\"stats\":{\"atk\":108,\"def\":154,\"spa\":186,\"spd\":186,\"spe\":170},\"moves\":[\"scald\",\"thunderwave\",\"voltswitch\",\"thunderbolt\"],\"baseAbility\":\"voltabsorb\",\"item\":\"heavydutyboots\",\"pokeball\":\"pokeball\",\"ability\":\"voltabsorb\",\"commanding\":false,\"reviving\":false,\"teraType\":\"Flying\",\"terastallized\":\"\"},{\"ident\":\"p1: Shiftry\",\"details\":\"Shiftry, L89, M\",\"condition\":\"0 fnt\",\"active\":false,\"stats\":{\"atk\":229,\"def\":158,\"spa\":211,\"spd\":158,\"spe\":193},\"moves\":[\"lowkick\",\"tailwind\",\"knockoff\",\"leafblade\"],\"baseAbility\":\"windrider\",\"item\":\"lifeorb\",\"pokeball\":\"pokeball\",\"ability\":\"windrider\",\"commanding\":false,\"reviving\":false,\"teraType\":\"Dark\",\"terastallized\":\"\"},{\"ident\":\"p1: Sandaconda\",\"details\":\"Sandaconda, L84, M\",\"condition\":\"258/258\",\"active\":false,\"stats\":{\"atk\":228,\"def\":258,\"spa\":157,\"spd\":166,\"spe\":167},\"moves\":[\"rest\",\"coil\",\"earthquake\",\"stoneedge\"],\"baseAbility\":\"shedskin\",\"item\":\"leftovers\",\"pokeball\":\"pokeball\",\"ability\":\"shedskin\",\"commanding\":false,\"reviving\":false,\"teraType\":\"Dragon\",\"terastallized\":\"\"},{\"ident\":\"p1: Probopass\",\"details\":\"Probopass, L91, M\",\"condition\":\"156/257\",\"active\":false,\"stats\":{\"atk\":105,\"def\":316,\"spa\":188,\"spd\":325,\"spe\":125},\"moves\":[\"flashcannon\",\"thunderwave\",\"irondefense\",\"bodypress\"],\"baseAbility\":\"magnetpull\",\"item\":\"leftovers\",\"pokeball\":\"pokeball\",\"ability\":\"magnetpull\",\"commanding\":false,\"reviving\":false,\"teraType\":\"Fighting\",\"terastallized\":\"Fighting\"},{\"ident\":\"p1: Furret\",\"details\":\"Furret, L94, M\",\"condition\":\"250/312\",\"active\":false,\"stats\":{\"atk\":196,\"def\":174,\"spa\":138,\"spd\":157,\"spe\":223},\"moves\":[\"tidyup\",\"knockoff\",\"brickbreak\",\"doubleedge\"],\"baseAbility\":\"frisk\",\"item\":\"lifeorb\",\"pokeball\":\"pokeball\",\"ability\":\"frisk\",\"commanding\":false,\"reviving\":false,\"teraType\":\"Normal\",\"terastallized\":\"\"},{\"ident\":\"p1: Dipplin\",\"details\":\"Dipplin, L88, M\",\"condition\":\"0 fnt\",\"active\":false,\"stats\":{\"atk\":191,\"def\":244,\"spa\":217,\"spd\":191,\"spe\":121},\"moves\":[\"recover\",\"gigadrain\",\"dragonpulse\",\"suckerpunch\"],\"baseAbility\":\"stickyhold\",\"item\":\"\",\"pokeball\":\"pokeball\",\"ability\":\"stickyhold\",\"commanding\":false,\"reviving\":false,\"teraType\":\"Steel\",\"terastallized\":\"\"}]},\"rqid\":60}\n|inactive|Time left: 300 sec this turn | 300 sec total\n|\n|t:|1783390935\n|-end|p2a: Iron Jugulis|Quark Drive|[silent]\n|switch|p2a: Raichu|Raichu, L88, M|63/100\n|move|p1a: Lanturn|Scald|p2a: Raichu\n|-damage|p2a: Raichu|30/100\n|\n|upkeep\n|turn|25\n|request|{\"active\":[{\"moves\":[{\"move\":\"Scald\",\"id\":\"scald\",\"pp\":23,\"maxpp\":24,\"target\":\"normal\",\"disabled\":false},{\"move\":\"Thunder Wave\",\"id\":\"thunderwave\",\"pp\":32,\"maxpp\":32,\"target\":\"normal\",\"disabled\":false},{\"move\":\"Volt Switch\",\"id\":\"voltswitch\",\"pp\":30,\"maxpp\":32,\"target\":\"normal\",\"disabled\":false},{\"move\":\"Thunderbolt\",\"id\":\"thunderbolt\",\"pp\":24,\"maxpp\":24,\"target\":\"normal\",\"disabled\":false}]}],\"side\":{\"name\":\"p0x003d598\",\"id\":\"p1\",\"pokemon\":[{\"ident\":\"p1: Lanturn\",\"details\":\"Lanturn, L89, F\",\"condition\":\"306/367\",\"active\":true,\"stats\":{\"atk\":108,\"def\":154,\"spa\":186,\"spd\":186,\"spe\":170},\"moves\":[\"scald\",\"thunderwave\",\"voltswitch\",\"thunderbolt\"],\"baseAbility\":\"voltabsorb\",\"item\":\"heavydutyboots\",\"pokeball\":\"pokeball\",\"ability\":\"voltabsorb\",\"commanding\":false,\"reviving\":false,\"teraType\":\"Flying\",\"terastallized\":\"\"},{\"ident\":\"p1: Shiftry\",\"details\":\"Shiftry, L89, M\",\"condition\":\"0 fnt\",\"active\":false,\"stats\":{\"atk\":229,\"def\":158,\"spa\":211,\"spd\":158,\"spe\":193},\"moves\":[\"lowkick\",\"tailwind\",\"knockoff\",\"leafblade\"],\"baseAbility\":\"windrider\",\"item\":\"lifeorb\",\"pokeball\":\"pokeball\",\"ability\":\"windrider\",\"commanding\":false,\"reviving\":false,\"teraType\":\"Dark\",\"terastallized\":\"\"},{\"ident\":\"p1: Sandaconda\",\"details\":\"Sandaconda, L84, M\",\"condition\":\"258/258\",\"active\":false,\"stats\":{\"atk\":228,\"def\":258,\"spa\":157,\"spd\":166,\"spe\":167},\"moves\":[\"rest\",\"coil\",\"earthquake\",\"stoneedge\"],\"baseAbility\":\"shedskin\",\"item\":\"leftovers\",\"pokeball\":\"pokeball\",\"ability\":\"shedskin\",\"commanding\":false,\"reviving\":false,\"teraType\":\"Dragon\",\"terastallized\":\"\"},{\"ident\":\"p1: Probopass\",\"details\":\"Probopass, L91, M\",\"condition\":\"156/257\",\"active\":false,\"stats\":{\"atk\":105,\"def\":316,\"spa\":188,\"spd\":325,\"spe\":125},\"moves\":[\"flashcannon\",\"thunderwave\",\"irondefense\",\"bodypress\"],\"baseAbility\":\"magnetpull\",\"item\":\"leftovers\",\"pokeball\":\"pokeball\",\"ability\":\"magnetpull\",\"commanding\":false,\"reviving\":false,\"teraType\":\"Fighting\",\"terastallized\":\"Fighting\"},{\"ident\":\"p1: Furret\",\"details\":\"Furret, L94, M\",\"condition\":\"250/312\",\"active\":false,\"stats\":{\"atk\":196,\"def\":174,\"spa\":138,\"spd\":157,\"spe\":223},\"moves\":[\"tidyup\",\"knockoff\",\"brickbreak\",\"doubleedge\"],\"baseAbility\":\"frisk\",\"item\":\"lifeorb\",\"pokeball\":\"pokeball\",\"ability\":\"frisk\",\"commanding\":false,\"reviving\":false,\"teraType\":\"Normal\",\"terastallized\":\"\"},{\"ident\":\"p1: Dipplin\",\"details\":\"Dipplin, L88, M\",\"condition\":\"0 fnt\",\"active\":false,\"stats\":{\"atk\":191,\"def\":244,\"spa\":217,\"spd\":191,\"spe\":121},\"moves\":[\"recover\",\"gigadrain\",\"dragonpulse\",\"suckerpunch\"],\"baseAbility\":\"stickyhold\",\"item\":\"\",\"pokeball\":\"pokeball\",\"ability\":\"stickyhold\",\"commanding\":false,\"reviving\":false,\"teraType\":\"Steel\",\"terastallized\":\"\"}]},\"rqid\":62}\n|inactive|Time left: 300 sec this turn | 300 sec total\n|\n|t:|1783390935\n|move|p2a: Raichu|Encore|p1a: Lanturn\n|-start|p1a: Lanturn|Encore\n|move|p1a: Lanturn|Scald|p2a: Raichu\n|-damage|p2a: Raichu|0 fnt\n|faint|p2a: Raichu\n|\n|upkeep\n|request|{\"wait\":true,\"side\":{\"name\":\"p0x003d598\",\"id\":\"p1\",\"pokemon\":[{\"ident\":\"p1: Lanturn\",\"details\":\"Lanturn, L89, F\",\"condition\":\"306/367\",\"active\":true,\"stats\":{\"atk\":108,\"def\":154,\"spa\":186,\"spd\":186,\"spe\":170},\"moves\":[\"scald\",\"thunderwave\",\"voltswitch\",\"thunderbolt\"],\"baseAbility\":\"voltabsorb\",\"item\":\"heavydutyboots\",\"pokeball\":\"pokeball\",\"ability\":\"voltabsorb\",\"commanding\":false,\"reviving\":false,\"teraType\":\"Flying\",\"terastallized\":\"\"},{\"ident\":\"p1: Shiftry\",\"details\":\"Shiftry, L89, M\",\"condition\":\"0 fnt\",\"active\":false,\"stats\":{\"atk\":229,\"def\":158,\"spa\":211,\"spd\":158,\"spe\":193},\"moves\":[\"lowkick\",\"tailwind\",\"knockoff\",\"leafblade\"],\"baseAbility\":\"windrider\",\"item\":\"lifeorb\",\"pokeball\":\"pokeball\",\"ability\":\"windrider\",\"commanding\":false,\"reviving\":false,\"teraType\":\"Dark\",\"terastallized\":\"\"},{\"ident\":\"p1: Sandaconda\",\"details\":\"Sandaconda, L84, M\",\"condition\":\"258/258\",\"active\":false,\"stats\":{\"atk\":228,\"def\":258,\"spa\":157,\"spd\":166,\"spe\":167},\"moves\":[\"rest\",\"coil\",\"earthquake\",\"stoneedge\"],\"baseAbility\":\"shedskin\",\"item\":\"leftovers\",\"pokeball\":\"pokeball\",\"ability\":\"shedskin\",\"commanding\":false,\"reviving\":false,\"teraType\":\"Dragon\",\"terastallized\":\"\"},{\"ident\":\"p1: Probopass\",\"details\":\"Probopass, L91, M\",\"condition\":\"156/257\",\"active\":false,\"stats\":{\"atk\":105,\"def\":316,\"spa\":188,\"spd\":325,\"spe\":125},\"moves\":[\"flashcannon\",\"thunderwave\",\"irondefense\",\"bodypress\"],\"baseAbility\":\"magnetpull\",\"item\":\"leftovers\",\"pokeball\":\"pokeball\",\"ability\":\"magnetpull\",\"commanding\":false,\"reviving\":false,\"teraType\":\"Fighting\",\"terastallized\":\"Fighting\"},{\"ident\":\"p1: Furret\",\"details\":\"Furret, L94, M\",\"condition\":\"250/312\",\"active\":false,\"stats\":{\"atk\":196,\"def\":174,\"spa\":138,\"spd\":157,\"spe\":223},\"moves\":[\"tidyup\",\"knockoff\",\"brickbreak\",\"doubleedge\"],\"baseAbility\":\"frisk\",\"item\":\"lifeorb\",\"pokeball\":\"pokeball\",\"ability\":\"frisk\",\"commanding\":false,\"reviving\":false,\"teraType\":\"Normal\",\"terastallized\":\"\"},{\"ident\":\"p1: Dipplin\",\"details\":\"Dipplin, L88, M\",\"condition\":\"0 fnt\",\"active\":false,\"stats\":{\"atk\":191,\"def\":244,\"spa\":217,\"spd\":191,\"spe\":121},\"moves\":[\"recover\",\"gigadrain\",\"dragonpulse\",\"suckerpunch\"],\"baseAbility\":\"stickyhold\",\"item\":\"\",\"pokeball\":\"pokeball\",\"ability\":\"stickyhold\",\"commanding\":false,\"reviving\":false,\"teraType\":\"Steel\",\"terastallized\":\"\"}]},\"rqid\":64}\n|\n|t:|1783390935\n|switch|p2a: Iron Jugulis|Iron Jugulis, L77|100/100\n|turn|26\n|request|{\"active\":[{\"moves\":[{\"move\":\"Scald\",\"id\":\"scald\",\"pp\":22,\"maxpp\":24,\"target\":\"normal\",\"disabled\":false},{\"move\":\"Thunder Wave\",\"id\":\"thunderwave\",\"pp\":32,\"maxpp\":32,\"target\":\"normal\",\"disabled\":true},{\"move\":\"Volt Switch\",\"id\":\"voltswitch\",\"pp\":30,\"maxpp\":32,\"target\":\"normal\",\"disabled\":true},{\"move\":\"Thunderbolt\",\"id\":\"thunderbolt\",\"pp\":24,\"maxpp\":24,\"target\":\"normal\",\"disabled\":true}]}],\"side\":{\"name\":\"p0x003d598\",\"id\":\"p1\",\"pokemon\":[{\"ident\":\"p1: Lanturn\",\"details\":\"Lanturn, L89, F\",\"condition\":\"306/367\",\"active\":true,\"stats\":{\"atk\":108,\"def\":154,\"spa\":186,\"spd\":186,\"spe\":170},\"moves\":[\"scald\",\"thunderwave\",\"voltswitch\",\"thunderbolt\"],\"baseAbility\":\"voltabsorb\",\"item\":\"heavydutyboots\",\"pokeball\":\"pokeball\",\"ability\":\"voltabsorb\",\"commanding\":false,\"reviving\":false,\"teraType\":\"Flying\",\"terastallized\":\"\"},{\"ident\":\"p1: Shiftry\",\"details\":\"Shiftry, L89, M\",\"condition\":\"0 fnt\",\"active\":false,\"stats\":{\"atk\":229,\"def\":158,\"spa\":211,\"spd\":158,\"spe\":193},\"moves\":[\"lowkick\",\"tailwind\",\"knockoff\",\"leafblade\"],\"baseAbility\":\"windrider\",\"item\":\"lifeorb\",\"pokeball\":\"pokeball\",\"ability\":\"windrider\",\"commanding\":false,\"reviving\":false,\"teraType\":\"Dark\",\"terastallized\":\"\"},{\"ident\":\"p1: Sandaconda\",\"details\":\"Sandaconda, L84, M\",\"condition\":\"258/258\",\"active\":false,\"stats\":{\"atk\":228,\"def\":258,\"spa\":157,\"spd\":166,\"spe\":167},\"moves\":[\"rest\",\"coil\",\"earthquake\",\"stoneedge\"],\"baseAbility\":\"shedskin\",\"item\":\"leftovers\",\"pokeball\":\"pokeball\",\"ability\":\"shedskin\",\"commanding\":false,\"reviving\":false,\"teraType\":\"Dragon\",\"terastallized\":\"\"},{\"ident\":\"p1: Probopass\",\"details\":\"Probopass, L91, M\",\"condition\":\"156/257\",\"active\":false,\"stats\":{\"atk\":105,\"def\":316,\"spa\":188,\"spd\":325,\"spe\":125},\"moves\":[\"flashcannon\",\"thunderwave\",\"irondefense\",\"bodypress\"],\"baseAbility\":\"magnetpull\",\"item\":\"leftovers\",\"pokeball\":\"pokeball\",\"ability\":\"magnetpull\",\"commanding\":false,\"reviving\":false,\"teraType\":\"Fighting\",\"terastallized\":\"Fighting\"},{\"ident\":\"p1: Furret\",\"details\":\"Furret, L94, M\",\"condition\":\"250/312\",\"active\":false,\"stats\":{\"atk\":196,\"def\":174,\"spa\":138,\"spd\":157,\"spe\":223},\"moves\":[\"tidyup\",\"knockoff\",\"brickbreak\",\"doubleedge\"],\"baseAbility\":\"frisk\",\"item\":\"lifeorb\",\"pokeball\":\"pokeball\",\"ability\":\"frisk\",\"commanding\":false,\"reviving\":false,\"teraType\":\"Normal\",\"terastallized\":\"\"},{\"ident\":\"p1: Dipplin\",\"details\":\"Dipplin, L88, M\",\"condition\":\"0 fnt\",\"active\":false,\"stats\":{\"atk\":191,\"def\":244,\"spa\":217,\"spd\":191,\"spe\":121},\"moves\":[\"recover\",\"gigadrain\",\"dragonpulse\",\"suckerpunch\"],\"baseAbility\":\"stickyhold\",\"item\":\"\",\"pokeball\":\"pokeball\",\"ability\":\"stickyhold\",\"commanding\":false,\"reviving\":false,\"teraType\":\"Steel\",\"terastallized\":\"\"}]},\"rqid\":66}\n|inactive|Time left: 300 sec this turn | 300 sec total\n|\n|t:|1783390935\n|move|p2a: Iron Jugulis|Hurricane|p1a: Lanturn\n|-resisted|p1a: Lanturn\n|-damage|p1a: Lanturn|243/367\n|move|p1a: Lanturn|Scald|p2a: Iron Jugulis\n|-damage|p2a: Iron Jugulis|70/100\n|\n|upkeep\n|turn|27\n|request|{\"active\":[{\"moves\":[{\"move\":\"Scald\",\"id\":\"scald\",\"pp\":21,\"maxpp\":24,\"target\":\"normal\",\"disabled\":false},{\"move\":\"Thunder Wave\",\"id\":\"thunderwave\",\"pp\":32,\"maxpp\":32,\"target\":\"normal\",\"disabled\":true},{\"move\":\"Volt Switch\",\"id\":\"voltswitch\",\"pp\":30,\"maxpp\":32,\"target\":\"normal\",\"disabled\":true},{\"move\":\"Thunderbolt\",\"id\":\"thunderbolt\",\"pp\":24,\"maxpp\":24,\"target\":\"normal\",\"disabled\":true}]}],\"side\":{\"name\":\"p0x003d598\",\"id\":\"p1\",\"pokemon\":[{\"ident\":\"p1: Lanturn\",\"details\":\"Lanturn, L89, F\",\"condition\":\"243/367\",\"active\":true,\"stats\":{\"atk\":108,\"def\":154,\"spa\":186,\"spd\":186,\"spe\":170},\"moves\":[\"scald\",\"thunderwave\",\"voltswitch\",\"thunderbolt\"],\"baseAbility\":\"voltabsorb\",\"item\":\"heavydutyboots\",\"pokeball\":\"pokeball\",\"ability\":\"voltabsorb\",\"commanding\":false,\"reviving\":false,\"teraType\":\"Flying\",\"terastallized\":\"\"},{\"ident\":\"p1: Shiftry\",\"details\":\"Shiftry, L89, M\",\"condition\":\"0 fnt\",\"active\":false,\"stats\":{\"atk\":229,\"def\":158,\"spa\":211,\"spd\":158,\"spe\":193},\"moves\":[\"lowkick\",\"tailwind\",\"knockoff\",\"leafblade\"],\"baseAbility\":\"windrider\",\"item\":\"lifeorb\",\"pokeball\":\"pokeball\",\"ability\":\"windrider\",\"commanding\":false,\"reviving\":false,\"teraType\":\"Dark\",\"terastallized\":\"\"},{\"ident\":\"p1: Sandaconda\",\"details\":\"Sandaconda, L84, M\",\"condition\":\"258/258\",\"active\":false,\"stats\":{\"atk\":228,\"def\":258,\"spa\":157,\"spd\":166,\"spe\":167},\"moves\":[\"rest\",\"coil\",\"earthquake\",\"stoneedge\"],\"baseAbility\":\"shedskin\",\"item\":\"leftovers\",\"pokeball\":\"pokeball\",\"ability\":\"shedskin\",\"commanding\":false,\"reviving\":false,\"teraType\":\"Dragon\",\"terastallized\":\"\"},{\"ident\":\"p1: Probopass\",\"details\":\"Probopass, L91, M\",\"condition\":\"156/257\",\"active\":false,\"stats\":{\"atk\":105,\"def\":316,\"spa\":188,\"spd\":325,\"spe\":125},\"moves\":[\"flashcannon\",\"thunderwave\",\"irondefense\",\"bodypress\"],\"baseAbility\":\"magnetpull\",\"item\":\"leftovers\",\"pokeball\":\"pokeball\",\"ability\":\"magnetpull\",\"commanding\":false,\"reviving\":false,\"teraType\":\"Fighting\",\"terastallized\":\"Fighting\"},{\"ident\":\"p1: Furret\",\"details\":\"Furret, L94, M\",\"condition\":\"250/312\",\"active\":false,\"stats\":{\"atk\":196,\"def\":174,\"spa\":138,\"spd\":157,\"spe\":223},\"moves\":[\"tidyup\",\"knockoff\",\"brickbreak\",\"doubleedge\"],\"baseAbility\":\"frisk\",\"item\":\"lifeorb\",\"pokeball\":\"pokeball\",\"ability\":\"frisk\",\"commanding\":false,\"reviving\":false,\"teraType\":\"Normal\",\"terastallized\":\"\"},{\"ident\":\"p1: Dipplin\",\"details\":\"Dipplin, L88, M\",\"condition\":\"0 fnt\",\"active\":false,\"stats\":{\"atk\":191,\"def\":244,\"spa\":217,\"spd\":191,\"spe\":121},\"moves\":[\"recover\",\"gigadrain\",\"dragonpulse\",\"suckerpunch\"],\"baseAbility\":\"stickyhold\",\"item\":\"\",\"pokeball\":\"pokeball\",\"ability\":\"stickyhold\",\"commanding\":false,\"reviving\":false,\"teraType\":\"Steel\",\"terastallized\":\"\"}]},\"rqid\":68}\n|inactive|Time left: 300 sec this turn | 300 sec total\n|\n|t:|1783390936\n|switch|p1a: Probopass|Probopass, L91, M, tera:Fighting|156/257\n|move|p2a: Iron Jugulis|Hurricane|p1a: Probopass\n|-supereffective|p1a: Probopass\n|-damage|p1a: Probopass|0 fnt\n|faint|p1a: Probopass\n|\n|upkeep\n|request|{\"forceSwitch\":[true],\"side\":{\"name\":\"p0x003d598\",\"id\":\"p1\",\"pokemon\":[{\"ident\":\"p1: Probopass\",\"details\":\"Probopass, L91, M\",\"condition\":\"0 fnt\",\"active\":true,\"stats\":{\"atk\":105,\"def\":316,\"spa\":188,\"spd\":325,\"spe\":125},\"moves\":[\"flashcannon\",\"thunderwave\",\"irondefense\",\"bodypress\"],\"baseAbility\":\"magnetpull\",\"item\":\"leftovers\",\"pokeball\":\"pokeball\",\"ability\":\"magnetpull\",\"commanding\":false,\"reviving\":false,\"teraType\":\"Fighting\",\"terastallized\":\"\"},{\"ident\":\"p1: Shiftry\",\"details\":\"Shiftry, L89, M\",\"condition\":\"0 fnt\",\"active\":false,\"stats\":{\"atk\":229,\"def\":158,\"spa\":211,\"spd\":158,\"spe\":193},\"moves\":[\"lowkick\",\"tailwind\",\"knockoff\",\"leafblade\"],\"baseAbility\":\"windrider\",\"item\":\"lifeorb\",\"pokeball\":\"pokeball\",\"ability\":\"windrider\",\"commanding\":false,\"reviving\":false,\"teraType\":\"Dark\",\"terastallized\":\"\"},{\"ident\":\"p1: Sandaconda\",\"details\":\"Sandaconda, L84, M\",\"condition\":\"258/258\",\"active\":false,\"stats\":{\"atk\":228,\"def\":258,\"spa\":157,\"spd\":166,\"spe\":167},\"moves\":[\"rest\",\"coil\",\"earthquake\",\"stoneedge\"],\"baseAbility\":\"shedskin\",\"item\":\"leftovers\",\"pokeball\":\"pokeball\",\"ability\":\"shedskin\",\"commanding\":false,\"reviving\":false,\"teraType\":\"Dragon\",\"terastallized\":\"\"},{\"ident\":\"p1: Lanturn\",\"details\":\"Lanturn, L89, F\",\"condition\":\"243/367\",\"active\":false,\"stats\":{\"atk\":108,\"def\":154,\"spa\":186,\"spd\":186,\"spe\":170},\"moves\":[\"scald\",\"thunderwave\",\"voltswitch\",\"thunderbolt\"],\"baseAbility\":\"voltabsorb\",\"item\":\"heavydutyboots\",\"pokeball\":\"pokeball\",\"ability\":\"voltabsorb\",\"commanding\":false,\"reviving\":false,\"teraType\":\"Flying\",\"terastallized\":\"\"},{\"ident\":\"p1: Furret\",\"details\":\"Furret, L94, M\",\"condition\":\"250/312\",\"active\":false,\"stats\":{\"atk\":196,\"def\":174,\"spa\":138,\"spd\":157,\"spe\":223},\"moves\":[\"tidyup\",\"knockoff\",\"brickbreak\",\"doubleedge\"],\"baseAbility\":\"frisk\",\"item\":\"lifeorb\",\"pokeball\":\"pokeball\",\"ability\":\"frisk\",\"commanding\":false,\"reviving\":false,\"teraType\":\"Normal\",\"terastallized\":\"\"},{\"ident\":\"p1: Dipplin\",\"details\":\"Dipplin, L88, M\",\"condition\":\"0 fnt\",\"active\":false,\"stats\":{\"atk\":191,\"def\":244,\"spa\":217,\"spd\":191,\"spe\":121},\"moves\":[\"recover\",\"gigadrain\",\"dragonpulse\",\"suckerpunch\"],\"baseAbility\":\"stickyhold\",\"item\":\"\",\"pokeball\":\"pokeball\",\"ability\":\"stickyhold\",\"commanding\":false,\"reviving\":false,\"teraType\":\"Steel\",\"terastallized\":\"\"}]},\"noCancel\":true,\"rqid\":70}\n|inactive|Time left: 300 sec this turn | 300 sec total | 5 sec grace\n|\n|t:|1783390936\n|switch|p1a: Lanturn|Lanturn, L89, F|243/367\n|turn|28\n|request|{\"active\":[{\"moves\":[{\"move\":\"Scald\",\"id\":\"scald\",\"pp\":21,\"maxpp\":24,\"target\":\"normal\",\"disabled\":false},{\"move\":\"Thunder Wave\",\"id\":\"thunderwave\",\"pp\":32,\"maxpp\":32,\"target\":\"normal\",\"disabled\":false},{\"move\":\"Volt Switch\",\"id\":\"voltswitch\",\"pp\":30,\"maxpp\":32,\"target\":\"normal\",\"disabled\":false},{\"move\":\"Thunderbolt\",\"id\":\"thunderbolt\",\"pp\":24,\"maxpp\":24,\"target\":\"normal\",\"disabled\":false}]}],\"side\":{\"name\":\"p0x003d598\",\"id\":\"p1\",\"pokemon\":[{\"ident\":\"p1: Lanturn\",\"details\":\"Lanturn, L89, F\",\"condition\":\"243/367\",\"active\":true,\"stats\":{\"atk\":108,\"def\":154,\"spa\":186,\"spd\":186,\"spe\":170},\"moves\":[\"scald\",\"thunderwave\",\"voltswitch\",\"thunderbolt\"],\"baseAbility\":\"voltabsorb\",\"item\":\"heavydutyboots\",\"pokeball\":\"pokeball\",\"ability\":\"voltabsorb\",\"commanding\":false,\"reviving\":false,\"teraType\":\"Flying\",\"terastallized\":\"\"},{\"ident\":\"p1: Shiftry\",\"details\":\"Shiftry, L89, M\",\"condition\":\"0 fnt\",\"active\":false,\"stats\":{\"atk\":229,\"def\":158,\"spa\":211,\"spd\":158,\"spe\":193},\"moves\":[\"lowkick\",\"tailwind\",\"knockoff\",\"leafblade\"],\"baseAbility\":\"windrider\",\"item\":\"lifeorb\",\"pokeball\":\"pokeball\",\"ability\":\"windrider\",\"commanding\":false,\"reviving\":false,\"teraType\":\"Dark\",\"terastallized\":\"\"},{\"ident\":\"p1: Sandaconda\",\"details\":\"Sandaconda, L84, M\",\"condition\":\"258/258\",\"active\":false,\"stats\":{\"atk\":228,\"def\":258,\"spa\":157,\"spd\":166,\"spe\":167},\"moves\":[\"rest\",\"coil\",\"earthquake\",\"stoneedge\"],\"baseAbility\":\"shedskin\",\"item\":\"leftovers\",\"pokeball\":\"pokeball\",\"ability\":\"shedskin\",\"commanding\":false,\"reviving\":false,\"teraType\":\"Dragon\",\"terastallized\":\"\"},{\"ident\":\"p1: Probopass\",\"details\":\"Probopass, L91, M\",\"condition\":\"0 fnt\",\"active\":false,\"stats\":{\"atk\":105,\"def\":316,\"spa\":188,\"spd\":325,\"spe\":125},\"moves\":[\"flashcannon\",\"thunderwave\",\"irondefense\",\"bodypress\"],\"baseAbility\":\"magnetpull\",\"item\":\"leftovers\",\"pokeball\":\"pokeball\",\"ability\":\"magnetpull\",\"commanding\":false,\"reviving\":false,\"teraType\":\"Fighting\",\"terastallized\":\"\"},{\"ident\":\"p1: Furret\",\"details\":\"Furret, L94, M\",\"condition\":\"250/312\",\"active\":false,\"stats\":{\"atk\":196,\"def\":174,\"spa\":138,\"spd\":157,\"spe\":223},\"moves\":[\"tidyup\",\"knockoff\",\"brickbreak\",\"doubleedge\"],\"baseAbility\":\"frisk\",\"item\":\"lifeorb\",\"pokeball\":\"pokeball\",\"ability\":\"frisk\",\"commanding\":false,\"reviving\":false,\"teraType\":\"Normal\",\"terastallized\":\"\"},{\"ident\":\"p1: Dipplin\",\"details\":\"Dipplin, L88, M\",\"condition\":\"0 fnt\",\"active\":false,\"stats\":{\"atk\":191,\"def\":244,\"spa\":217,\"spd\":191,\"spe\":121},\"moves\":[\"recover\",\"gigadrain\",\"dragonpulse\",\"suckerpunch\"],\"baseAbility\":\"stickyhold\",\"item\":\"\",\"pokeball\":\"pokeball\",\"ability\":\"stickyhold\",\"commanding\":false,\"reviving\":false,\"teraType\":\"Steel\",\"terastallized\":\"\"}]},\"rqid\":72}\n|inactive|Time left: 300 sec this turn | 300 sec total\n|\n|t:|1783390936\n|move|p2a: Iron Jugulis|Hurricane|p1a: Lanturn\n|-resisted|p1a: Lanturn\n|-crit|p1a: Lanturn\n|-damage|p1a: Lanturn|151/367\n|move|p1a: Lanturn|Thunderbolt|p2a: Iron Jugulis\n|-supereffective|p2a: Iron Jugulis\n|-damage|p2a: Iron Jugulis|0 fnt\n|faint|p2a: Iron Jugulis\n|-end|p2a: Iron Jugulis|Quark Drive|[silent]\n|\n|win|p0x003d598", "uploadtime": 1783390936, "views": 0, "rating": 0, "private": 0, "password": null, "_winner": "p0x003d598", "_our_name": "p0x003d598"}ype\":\"Fire\",\"terastallized\":\"\"}]},\"rqid\":73}\n|inactive|Time left: 300 sec this turn | 300 sec total\n|\n|t:|1783390936\n|move|p2a: Iron Jugulis|Hurricane|p1a: Lanturn\n|-resisted|p1a: Lanturn\n|-crit|p1a: Lanturn\n|-damage|p1a: Lanturn|42/100\n|move|p1a: Lanturn|Thunderbolt|p2a: Iron Jugulis\n|-supereffective|p2a: Iron Jugulis\n|-damage|p2a: Iron Jugulis|0 fnt\n|faint|p2a: Iron Jugulis\n|-end|p2a: Iron Jugulis|Quark Drive|[silent]\n|\n|win|p0x003d598", "uploadtime": 1783390936, "views": 0, "rating": 0, "private": 0, "password": null, "_winner": "p0x003d598", "_our_name": "p0y0032520"}