{"id": "battle-gen9randombattle-285", "formatid": "gen9randombattle", "format": "[Gen 9] Random Battle", "players": ["p0x083be4e", "p0y0830a8c"], "log": "|init|battle\n|title|p0x083be4e vs. p0y0830a8c\n|j|\u2606p0x083be4e\n|j|\u2606p0y0830a8c\n|t:|1783392264\n|gametype|singles\n|player|p1|p0x083be4e|101|\n|player|p2|p0y0830a8c|170|\n|gen|9\n|tier|[Gen 9] Random Battle\n|rule|Species Clause: Limit one of each Pok\u00e9mon\n|rule|HP Percentage Mod: HP is shown in percentages\n|rule|Sleep Clause Mod: Limit one foe put to sleep\n|rule|Illusion Level Mod: Illusion disguises the Pok\u00e9mon's true level\n|\n|t:|1783392264\n|teamsize|p1|6\n|teamsize|p2|6\n|start\n|switch|p1a: Vikavolt|Vikavolt, L83, F|263/263\n|switch|p2a: Copperajah|Copperajah, L86, F|100/100\n|turn|1\n|request|{\"active\":[{\"moves\":[{\"move\":\"Discharge\",\"id\":\"discharge\",\"pp\":24,\"maxpp\":24,\"target\":\"allAdjacent\",\"disabled\":false},{\"move\":\"Sticky Web\",\"id\":\"stickyweb\",\"pp\":32,\"maxpp\":32,\"target\":\"foeSide\",\"disabled\":false},{\"move\":\"Bug Buzz\",\"id\":\"bugbuzz\",\"pp\":16,\"maxpp\":16,\"target\":\"normal\",\"disabled\":false},{\"move\":\"Energy Ball\",\"id\":\"energyball\",\"pp\":16,\"maxpp\":16,\"target\":\"normal\",\"disabled\":false}],\"canTerastallize\":\"Electric\"}],\"side\":{\"name\":\"p0x083be4e\",\"id\":\"p1\",\"pokemon\":[{\"ident\":\"p1: Vikavolt\",\"details\":\"Vikavolt, L83, F\",\"condition\":\"263/263\",\"active\":true,\"stats\":{\"atk\":121,\"def\":197,\"spa\":288,\"spd\":172,\"spe\":119},\"moves\":[\"discharge\",\"stickyweb\",\"bugbuzz\",\"energyball\"],\"baseAbility\":\"levitate\",\"item\":\"heavydutyboots\",\"pokeball\":\"pokeball\",\"ability\":\"levitate\",\"commanding\":false,\"reviving\":false,\"teraType\":\"Electric\",\"terastallized\":\"\"},{\"ident\":\"p1: Oinkologne\",\"details\":\"Oinkologne-F, L92, F\",\"condition\":\"361/361\",\"active\":false,\"stats\":{\"atk\":218,\"def\":181,\"spa\":161,\"spd\":218,\"spe\":172},\"moves\":[\"lashout\",\"curse\",\"bodyslam\",\"highhorsepower\"],\"baseAbility\":\"thickfat\",\"item\":\"leftovers\",\"pokeball\":\"pokeball\",\"ability\":\"thickfat\",\"commanding\":false,\"reviving\":false,\"teraType\":\"Ground\",\"terastallized\":\"\"},{\"ident\":\"p1: Arboliva\",\"details\":\"Arboliva, L91, M\",\"condition\":\"290/290\",\"active\":false,\"stats\":{\"atk\":130,\"def\":216,\"spa\":279,\"spd\":250,\"spe\":123},\"moves\":[\"earthpower\",\"strengthsap\",\"energyball\",\"hypervoice\"],\"baseAbility\":\"seedsower\",\"item\":\"leftovers\",\"pokeball\":\"pokeball\",\"ability\":\"seedsower\",\"commanding\":false,\"reviving\":false,\"teraType\":\"Poison\",\"terastallized\":\"\"},{\"ident\":\"p1: Kingdra\",\"details\":\"Kingdra, L84, F\",\"condition\":\"263/263\",\"active\":false,\"stats\":{\"atk\":208,\"def\":208,\"spa\":208,\"spd\":208,\"spe\":191},\"moves\":[\"wavecrash\",\"dragondance\",\"outrage\",\"waterfall\"],\"baseAbility\":\"sniper\",\"item\":\"lumberry\",\"pokeball\":\"pokeball\",\"ability\":\"sniper\",\"commanding\":false,\"reviving\":false,\"teraType\":\"Water\",\"terastallized\":\"\"},{\"ident\":\"p1: Glaceon\",\"details\":\"Glaceon, L94, M\",\"condition\":\"275/275\",\"active\":false,\"stats\":{\"atk\":117,\"def\":260,\"spa\":298,\"spd\":232,\"spe\":176},\"moves\":[\"freezedry\",\"protect\",\"calmmind\",\"wish\"],\"baseAbility\":\"icebody\",\"item\":\"heavydutyboots\",\"pokeball\":\"pokeball\",\"ability\":\"icebody\",\"commanding\":false,\"reviving\":false,\"teraType\":\"Water\",\"terastallized\":\"\"},{\"ident\":\"p1: Spectrier\",\"details\":\"Spectrier, L75\",\"condition\":\"274/274\",\"active\":false,\"stats\":{\"atk\":102,\"def\":134,\"spa\":261,\"spd\":164,\"spe\":239},\"moves\":[\"shadowball\",\"nastyplot\",\"drainingkiss\",\"willowisp\"],\"baseAbility\":\"grimneigh\",\"item\":\"lifeorb\",\"pokeball\":\"pokeball\",\"ability\":\"grimneigh\",\"commanding\":false,\"reviving\":false,\"teraType\":\"Fairy\",\"terastallized\":\"\"}]},\"rqid\":2}\n|html|<div class=\"message-error\">You must be registered to chat in temporary rooms (like battles).</div>You may register in the <button name=\"openOptions\"><i class=\"fa fa-cog\"></i> Options</button> menu.\n|inactive|Battle timer is ON: inactive players will automatically lose when time's up. (requested by p0x083be4e)\n|inactive|p0y0830a8c also wants the timer to be on.\n|\n|t:|1783392264\n|move|p1a: Vikavolt|Sticky Web|p2a: Copperajah\n|-sidestart|p2: p0y0830a8c|move: Sticky Web\n|move|p2a: Copperajah|Heat Crash|p1a: Vikavolt\n|-supereffective|p1a: Vikavolt\n|-crit|p1a: Vikavolt\n|-damage|p1a: Vikavolt|0 fnt\n|faint|p1a: Vikavolt\n|\n|upkeep\n|request|{\"forceSwitch\":[true],\"side\":{\"name\":\"p0x083be4e\",\"id\":\"p1\",\"pokemon\":[{\"ident\":\"p1: Vikavolt\",\"details\":\"Vikavolt, L83, F\",\"condition\":\"0 fnt\",\"active\":true,\"stats\":{\"atk\":121,\"def\":197,\"spa\":288,\"spd\":172,\"spe\":119},\"moves\":[\"discharge\",\"stickyweb\",\"bugbuzz\",\"energyball\"],\"baseAbility\":\"levitate\",\"item\":\"heavydutyboots\",\"pokeball\":\"pokeball\",\"ability\":\"levitate\",\"commanding\":false,\"reviving\":false,\"teraType\":\"Electric\",\"terastallized\":\"\"},{\"ident\":\"p1: Oinkologne\",\"details\":\"Oinkologne-F, L92, F\",\"condition\":\"361/361\",\"active\":false,\"stats\":{\"atk\":218,\"def\":181,\"spa\":161,\"spd\":218,\"spe\":172},\"moves\":[\"lashout\",\"curse\",\"bodyslam\",\"highhorsepower\"],\"baseAbility\":\"thickfat\",\"item\":\"leftovers\",\"pokeball\":\"pokeball\",\"ability\":\"thickfat\",\"commanding\":false,\"reviving\":false,\"teraType\":\"Ground\",\"terastallized\":\"\"},{\"ident\":\"p1: Arboliva\",\"details\":\"Arboliva, L91, M\",\"condition\":\"290/290\",\"active\":false,\"stats\":{\"atk\":130,\"def\":216,\"spa\":279,\"spd\":250,\"spe\":123},\"moves\":[\"earthpower\",\"strengthsap\",\"energyball\",\"hypervoice\"],\"baseAbility\":\"seedsower\",\"item\":\"leftovers\",\"pokeball\":\"pokeball\",\"ability\":\"seedsower\",\"commanding\":false,\"reviving\":false,\"teraType\":\"Poison\",\"terastallized\":\"\"},{\"ident\":\"p1: Kingdra\",\"details\":\"Kingdra, L84, F\",\"condition\":\"263/263\",\"active\":false,\"stats\":{\"atk\":208,\"def\":208,\"spa\":208,\"spd\":208,\"spe\":191},\"moves\":[\"wavecrash\",\"dragondance\",\"outrage\",\"waterfall\"],\"baseAbility\":\"sniper\",\"item\":\"lumberry\",\"pokeball\":\"pokeball\",\"ability\":\"sniper\",\"commanding\":false,\"reviving\":false,\"teraType\":\"Water\",\"terastallized\":\"\"},{\"ident\":\"p1: Glaceon\",\"details\":\"Glaceon, L94, M\",\"condition\":\"275/275\",\"active\":false,\"stats\":{\"atk\":117,\"def\":260,\"spa\":298,\"spd\":232,\"spe\":176},\"moves\":[\"freezedry\",\"protect\",\"calmmind\",\"wish\"],\"baseAbility\":\"icebody\",\"item\":\"heavydutyboots\",\"pokeball\":\"pokeball\",\"ability\":\"icebody\",\"commanding\":false,\"reviving\":false,\"teraType\":\"Water\",\"terastallized\":\"\"},{\"ident\":\"p1: Spectrier\",\"details\":\"Spectrier, L75\",\"condition\":\"274/274\",\"active\":false,\"stats\":{\"atk\":102,\"def\":134,\"spa\":261,\"spd\":164,\"spe\":239},\"moves\":[\"shadowball\",\"nastyplot\",\"drainingkiss\",\"willowisp\"],\"baseAbility\":\"grimneigh\",\"item\":\"lifeorb\",\"pokeball\":\"pokeball\",\"ability\":\"grimneigh\",\"commanding\":false,\"reviving\":false,\"teraType\":\"Fairy\",\"terastallized\":\"\"}]},\"noCancel\":true,\"rqid\":4}\n|inactive|Time left: 300 sec this turn | 300 sec total | 65 sec grace\n|\n|t:|1783392264\n|switch|p1a: Kingdra|Kingdra, L84, F|263/263\n|turn|2\n|request|{\"active\":[{\"moves\":[{\"move\":\"Wave Crash\",\"id\":\"wavecrash\",\"pp\":16,\"maxpp\":16,\"target\":\"normal\",\"disabled\":false},{\"move\":\"Dragon Dance\",\"id\":\"dragondance\",\"pp\":32,\"maxpp\":32,\"target\":\"self\",\"disabled\":false},{\"move\":\"Outrage\",\"id\":\"outrage\",\"pp\":16,\"maxpp\":16,\"target\":\"randomNormal\",\"disabled\":false},{\"move\":\"Waterfall\",\"id\":\"waterfall\",\"pp\":24,\"maxpp\":24,\"target\":\"normal\",\"disabled\":false}],\"canTerastallize\":\"Water\"}],\"side\":{\"name\":\"p0x083be4e\",\"id\":\"p1\",\"pokemon\":[{\"ident\":\"p1: Kingdra\",\"details\":\"Kingdra, L84, F\",\"condition\":\"263/263\",\"active\":true,\"stats\":{\"atk\":208,\"def\":208,\"spa\":208,\"spd\":208,\"spe\":191},\"moves\":[\"wavecrash\",\"dragondance\",\"outrage\",\"waterfall\"],\"baseAbility\":\"sniper\",\"item\":\"lumberry\",\"pokeball\":\"pokeball\",\"ability\":\"sniper\",\"commanding\":false,\"reviving\":false,\"teraType\":\"Water\",\"terastallized\":\"\"},{\"ident\":\"p1: Oinkologne\",\"details\":\"Oinkologne-F, L92, F\",\"condition\":\"361/361\",\"active\":false,\"stats\":{\"atk\":218,\"def\":181,\"spa\":161,\"spd\":218,\"spe\":172},\"moves\":[\"lashout\",\"curse\",\"bodyslam\",\"highhorsepower\"],\"baseAbility\":\"thickfat\",\"item\":\"leftovers\",\"pokeball\":\"pokeball\",\"ability\":\"thickfat\",\"commanding\":false,\"reviving\":false,\"teraType\":\"Ground\",\"terastallized\":\"\"},{\"ident\":\"p1: Arboliva\",\"details\":\"Arboliva, L91, M\",\"condition\":\"290/290\",\"active\":false,\"stats\":{\"atk\":130,\"def\":216,\"spa\":279,\"spd\":250,\"spe\":123},\"moves\":[\"earthpower\",\"strengthsap\",\"energyball\",\"hypervoice\"],\"baseAbility\":\"seedsower\",\"item\":\"leftovers\",\"pokeball\":\"pokeball\",\"ability\":\"seedsower\",\"commanding\":false,\"reviving\":false,\"teraType\":\"Poison\",\"terastallized\":\"\"},{\"ident\":\"p1: Vikavolt\",\"details\":\"Vikavolt, L83, F\",\"condition\":\"0 fnt\",\"active\":false,\"stats\":{\"atk\":121,\"def\":197,\"spa\":288,\"spd\":172,\"spe\":119},\"moves\":[\"discharge\",\"stickyweb\",\"bugbuzz\",\"energyball\"],\"baseAbility\":\"levitate\",\"item\":\"heavydutyboots\",\"pokeball\":\"pokeball\",\"ability\":\"levitate\",\"commanding\":false,\"reviving\":false,\"teraType\":\"Electric\",\"terastallized\":\"\"},{\"ident\":\"p1: Glaceon\",\"details\":\"Glaceon, L94, M\",\"condition\":\"275/275\",\"active\":false,\"stats\":{\"atk\":117,\"def\":260,\"spa\":298,\"spd\":232,\"spe\":176},\"moves\":[\"freezedry\",\"protect\",\"calmmind\",\"wish\"],\"baseAbility\":\"icebody\",\"item\":\"heavydutyboots\",\"pokeball\":\"pokeball\",\"ability\":\"icebody\",\"commanding\":false,\"reviving\":false,\"teraType\":\"Water\",\"terastallized\":\"\"},{\"ident\":\"p1: Spectrier\",\"details\":\"Spectrier, L75\",\"condition\":\"274/274\",\"active\":false,\"stats\":{\"atk\":102,\"def\":134,\"spa\":261,\"spd\":164,\"spe\":239},\"moves\":[\"shadowball\",\"nastyplot\",\"drainingkiss\",\"willowisp\"],\"baseAbility\":\"grimneigh\",\"item\":\"lifeorb\",\"pokeball\":\"pokeball\",\"ability\":\"grimneigh\",\"commanding\":false,\"reviving\":false,\"teraType\":\"Fairy\",\"terastallized\":\"\"}]},\"rqid\":6}\n|inactive|Time left: 300 sec this turn | 300 sec total\n|\n|t:|1783392265\n|switch|p2a: Arbok|Arbok, L87, F|100/100\n|-activate|p2a: Arbok|move: Sticky Web\n|-unboost|p2a: Arbok|spe|1\n|-ability|p2a: Arbok|Intimidate|boost\n|-unboost|p1a: Kingdra|atk|1\n|move|p1a: Kingdra|Dragon Dance|p1a: Kingdra\n|-boost|p1a: Kingdra|atk|1\n|-boost|p1a: Kingdra|spe|1\n|\n|upkeep\n|turn|3\n|request|{\"active\":[{\"moves\":[{\"move\":\"Wave Crash\",\"id\":\"wavecrash\",\"pp\":16,\"maxpp\":16,\"target\":\"normal\",\"disabled\":false},{\"move\":\"Dragon Dance\",\"id\":\"dragondance\",\"pp\":31,\"maxpp\":32,\"target\":\"self\",\"disabled\":false},{\"move\":\"Outrage\",\"id\":\"outrage\",\"pp\":16,\"maxpp\":16,\"target\":\"randomNormal\",\"disabled\":false},{\"move\":\"Waterfall\",\"id\":\"waterfall\",\"pp\":24,\"maxpp\":24,\"target\":\"normal\",\"disabled\":false}],\"canTerastallize\":\"Water\"}],\"side\":{\"name\":\"p0x083be4e\",\"id\":\"p1\",\"pokemon\":[{\"ident\":\"p1: Kingdra\",\"details\":\"Kingdra, L84, F\",\"condition\":\"263/263\",\"active\":true,\"stats\":{\"atk\":208,\"def\":208,\"spa\":208,\"spd\":208,\"spe\":191},\"moves\":[\"wavecrash\",\"dragondance\",\"outrage\",\"waterfall\"],\"baseAbility\":\"sniper\",\"item\":\"lumberry\",\"pokeball\":\"pokeball\",\"ability\":\"sniper\",\"commanding\":false,\"reviving\":false,\"teraType\":\"Water\",\"terastallized\":\"\"},{\"ident\":\"p1: Oinkologne\",\"details\":\"Oinkologne-F, L92, F\",\"condition\":\"361/361\",\"active\":false,\"stats\":{\"atk\":218,\"def\":181,\"spa\":161,\"spd\":218,\"spe\":172},\"moves\":[\"lashout\",\"curse\",\"bodyslam\",\"highhorsepower\"],\"baseAbility\":\"thickfat\",\"item\":\"leftovers\",\"pokeball\":\"pokeball\",\"ability\":\"thickfat\",\"commanding\":false,\"reviving\":false,\"teraType\":\"Ground\",\"terastallized\":\"\"},{\"ident\":\"p1: Arboliva\",\"details\":\"Arboliva, L91, M\",\"condition\":\"290/290\",\"active\":false,\"stats\":{\"atk\":130,\"def\":216,\"spa\":279,\"spd\":250,\"spe\":123},\"moves\":[\"earthpower\",\"strengthsap\",\"energyball\",\"hypervoice\"],\"baseAbility\":\"seedsower\",\"item\":\"leftovers\",\"pokeball\":\"pokeball\",\"ability\":\"seedsower\",\"commanding\":false,\"reviving\":false,\"teraType\":\"Poison\",\"terastallized\":\"\"},{\"ident\":\"p1: Vikavolt\",\"details\":\"Vikavolt, L83, F\",\"condition\":\"0 fnt\",\"active\":false,\"stats\":{\"atk\":121,\"def\":197,\"spa\":288,\"spd\":172,\"spe\":119},\"moves\":[\"discharge\",\"stickyweb\",\"bugbuzz\",\"energyball\"],\"baseAbility\":\"levitate\",\"item\":\"heavydutyboots\",\"pokeball\":\"pokeball\",\"ability\":\"levitate\",\"commanding\":false,\"reviving\":false,\"teraType\":\"Electric\",\"terastallized\":\"\"},{\"ident\":\"p1: Glaceon\",\"details\":\"Glaceon, L94, M\",\"condition\":\"275/275\",\"active\":false,\"stats\":{\"atk\":117,\"def\":260,\"spa\":298,\"spd\":232,\"spe\":176},\"moves\":[\"freezedry\",\"protect\",\"calmmind\",\"wish\"],\"baseAbility\":\"icebody\",\"item\":\"heavydutyboots\",\"pokeball\":\"pokeball\",\"ability\":\"icebody\",\"commanding\":false,\"reviving\":false,\"teraType\":\"Water\",\"terastallized\":\"\"},{\"ident\":\"p1: Spectrier\",\"details\":\"Spectrier, L75\",\"condition\":\"274/274\",\"active\":false,\"stats\":{\"atk\":102,\"def\":134,\"spa\":261,\"spd\":164,\"spe\":239},\"moves\":[\"shadowball\",\"nastyplot\",\"drainingkiss\",\"willowisp\"],\"baseAbility\":\"grimneigh\",\"item\":\"lifeorb\",\"pokeball\":\"pokeball\",\"ability\":\"grimneigh\",\"commanding\":false,\"reviving\":false,\"teraType\":\"Fairy\",\"terastallized\":\"\"}]},\"rqid\":8}\n|inactive|Time left: 300 sec this turn | 300 sec total\n|\n|t:|1783392265\n|switch|p2a: Toxapex|Toxapex, L82, F|100/100\n|-activate|p2a: Toxapex|move: Sticky Web\n|-unboost|p2a: Toxapex|spe|1\n|move|p1a: Kingdra|Dragon Dance|p1a: Kingdra\n|-boost|p1a: Kingdra|atk|1\n|-boost|p1a: Kingdra|spe|1\n|\n|upkeep\n|turn|4\n|request|{\"active\":[{\"moves\":[{\"move\":\"Wave Crash\",\"id\":\"wavecrash\",\"pp\":16,\"maxpp\":16,\"target\":\"normal\",\"disabled\":false},{\"move\":\"Dragon Dance\",\"id\":\"dragondance\",\"pp\":30,\"maxpp\":32,\"target\":\"self\",\"disabled\":false},{\"move\":\"Outrage\",\"id\":\"outrage\",\"pp\":16,\"maxpp\":16,\"target\":\"randomNormal\",\"disabled\":false},{\"move\":\"Waterfall\",\"id\":\"waterfall\",\"pp\":24,\"maxpp\":24,\"target\":\"normal\",\"disabled\":false}],\"canTerastallize\":\"Water\"}],\"side\":{\"name\":\"p0x083be4e\",\"id\":\"p1\",\"pokemon\":[{\"ident\":\"p1: Kingdra\",\"details\":\"Kingdra, L84, F\",\"condition\":\"263/263\",\"active\":true,\"stats\":{\"atk\":208,\"def\":208,\"spa\":208,\"spd\":208,\"spe\":191},\"moves\":[\"wavecrash\",\"dragondance\",\"outrage\",\"waterfall\"],\"baseAbility\":\"sniper\",\"item\":\"lumberry\",\"pokeball\":\"pokeball\",\"ability\":\"sniper\",\"commanding\":false,\"reviving\":false,\"teraType\":\"Water\",\"terastallized\":\"\"},{\"ident\":\"p1: Oinkologne\",\"details\":\"Oinkologne-F, L92, F\",\"condition\":\"361/361\",\"active\":false,\"stats\":{\"atk\":218,\"def\":181,\"spa\":161,\"spd\":218,\"spe\":172},\"moves\":[\"lashout\",\"curse\",\"bodyslam\",\"highhorsepower\"],\"baseAbility\":\"thickfat\",\"item\":\"leftovers\",\"pokeball\":\"pokeball\",\"ability\":\"thickfat\",\"commanding\":false,\"reviving\":false,\"teraType\":\"Ground\",\"terastallized\":\"\"},{\"ident\":\"p1: Arboliva\",\"details\":\"Arboliva, L91, M\",\"condition\":\"290/290\",\"active\":false,\"stats\":{\"atk\":130,\"def\":216,\"spa\":279,\"spd\":250,\"spe\":123},\"moves\":[\"earthpower\",\"strengthsap\",\"energyball\",\"hypervoice\"],\"baseAbility\":\"seedsower\",\"item\":\"leftovers\",\"pokeball\":\"pokeball\",\"ability\":\"seedsower\",\"commanding\":false,\"reviving\":false,\"teraType\":\"Poison\",\"terastallized\":\"\"},{\"ident\":\"p1: Vikavolt\",\"details\":\"Vikavolt, L83, F\",\"condition\":\"0 fnt\",\"active\":false,\"stats\":{\"atk\":121,\"def\":197,\"spa\":288,\"spd\":172,\"spe\":119},\"moves\":[\"discharge\",\"stickyweb\",\"bugbuzz\",\"energyball\"],\"baseAbility\":\"levitate\",\"item\":\"heavydutyboots\",\"pokeball\":\"pokeball\",\"ability\":\"levitate\",\"commanding\":false,\"reviving\":false,\"teraType\":\"Electric\",\"terastallized\":\"\"},{\"ident\":\"p1: Glaceon\",\"details\":\"Glaceon, L94, M\",\"condition\":\"275/275\",\"active\":false,\"stats\":{\"atk\":117,\"def\":260,\"spa\":298,\"spd\":232,\"spe\":176},\"moves\":[\"freezedry\",\"protect\",\"calmmind\",\"wish\"],\"baseAbility\":\"icebody\",\"item\":\"heavydutyboots\",\"pokeball\":\"pokeball\",\"ability\":\"icebody\",\"commanding\":false,\"reviving\":false,\"teraType\":\"Water\",\"terastallized\":\"\"},{\"ident\":\"p1: Spectrier\",\"details\":\"Spectrier, L75\",\"condition\":\"274/274\",\"active\":false,\"stats\":{\"atk\":102,\"def\":134,\"spa\":261,\"spd\":164,\"spe\":239},\"moves\":[\"shadowball\",\"nastyplot\",\"drainingkiss\",\"willowisp\"],\"baseAbility\":\"grimneigh\",\"item\":\"lifeorb\",\"pokeball\":\"pokeball\",\"ability\":\"grimneigh\",\"commanding\":false,\"reviving\":false,\"teraType\":\"Fairy\",\"terastallized\":\"\"}]},\"rqid\":10}\n|inactive|Time left: 300 sec this turn | 300 sec total\n|\n|t:|1783392265\n|move|p1a: Kingdra|Outrage|p2a: Toxapex\n|-damage|p2a: Toxapex|47/100\n|move|p2a: Toxapex|Haze|p2a: Toxapex\n|-clearallboost\n|\n|-heal|p2a: Toxapex|53/100|[from] item: Leftovers\n|upkeep\n|turn|5\n|request|{\"active\":[{\"moves\":[{\"move\":\"Outrage\",\"id\":\"outrage\"}],\"trapped\":true}],\"side\":{\"name\":\"p0x083be4e\",\"id\":\"p1\",\"pokemon\":[{\"ident\":\"p1: Kingdra\",\"details\":\"Kingdra, L84, F\",\"condition\":\"263/263\",\"active\":true,\"stats\":{\"atk\":208,\"def\":208,\"spa\":208,\"spd\":208,\"spe\":191},\"moves\":[\"wavecrash\",\"dragondance\",\"outrage\",\"waterfall\"],\"baseAbility\":\"sniper\",\"item\":\"lumberry\",\"pokeball\":\"pokeball\",\"ability\":\"sniper\",\"commanding\":false,\"reviving\":false,\"teraType\":\"Water\",\"terastallized\":\"\"},{\"ident\":\"p1: Oinkologne\",\"details\":\"Oinkologne-F, L92, F\",\"condition\":\"361/361\",\"active\":false,\"stats\":{\"atk\":218,\"def\":181,\"spa\":161,\"spd\":218,\"spe\":172},\"moves\":[\"lashout\",\"curse\",\"bodyslam\",\"highhorsepower\"],\"baseAbility\":\"thickfat\",\"item\":\"leftovers\",\"pokeball\":\"pokeball\",\"ability\":\"thickfat\",\"commanding\":false,\"reviving\":false,\"teraType\":\"Ground\",\"terastallized\":\"\"},{\"ident\":\"p1: Arboliva\",\"details\":\"Arboliva, L91, M\",\"condition\":\"290/290\",\"active\":false,\"stats\":{\"atk\":130,\"def\":216,\"spa\":279,\"spd\":250,\"spe\":123},\"moves\":[\"earthpower\",\"strengthsap\",\"energyball\",\"hypervoice\"],\"baseAbility\":\"seedsower\",\"item\":\"leftovers\",\"pokeball\":\"pokeball\",\"ability\":\"seedsower\",\"commanding\":false,\"reviving\":false,\"teraType\":\"Poison\",\"terastallized\":\"\"},{\"ident\":\"p1: Vikavolt\",\"details\":\"Vikavolt, L83, F\",\"condition\":\"0 fnt\",\"active\":false,\"stats\":{\"atk\":121,\"def\":197,\"spa\":288,\"spd\":172,\"spe\":119},\"moves\":[\"discharge\",\"stickyweb\",\"bugbuzz\",\"energyball\"],\"baseAbility\":\"levitate\",\"item\":\"heavydutyboots\",\"pokeball\":\"pokeball\",\"ability\":\"levitate\",\"commanding\":false,\"reviving\":false,\"teraType\":\"Electric\",\"terastallized\":\"\"},{\"ident\":\"p1: Glaceon\",\"details\":\"Glaceon, L94, M\",\"condition\":\"275/275\",\"active\":false,\"stats\":{\"atk\":117,\"def\":260,\"spa\":298,\"spd\":232,\"spe\":176},\"moves\":[\"freezedry\",\"protect\",\"calmmind\",\"wish\"],\"baseAbility\":\"icebody\",\"item\":\"heavydutyboots\",\"pokeball\":\"pokeball\",\"ability\":\"icebody\",\"commanding\":false,\"reviving\":false,\"teraType\":\"Water\",\"terastallized\":\"\"},{\"ident\":\"p1: Spectrier\",\"details\":\"Spectrier, L75\",\"condition\":\"274/274\",\"active\":false,\"stats\":{\"atk\":102,\"def\":134,\"spa\":261,\"spd\":164,\"spe\":239},\"moves\":[\"shadowball\",\"nastyplot\",\"drainingkiss\",\"willowisp\"],\"baseAbility\":\"grimneigh\",\"item\":\"lifeorb\",\"pokeball\":\"pokeball\",\"ability\":\"grimneigh\",\"commanding\":false,\"reviving\":false,\"teraType\":\"Fairy\",\"terastallized\":\"\"}]},\"rqid\":12}\n|inactive|Time left: 300 sec this turn | 300 sec total\n|\n|t:|1783392265\n|-terastallize|p2a: Toxapex|Steel\n|move|p1a: Kingdra|Outrage|p2a: Toxapex|[from] lockedmove\n|-resisted|p2a: Toxapex\n|-damage|p2a: Toxapex|33/100\n|move|p2a: Toxapex|Toxic Spikes|p1a: Kingdra\n|-sidestart|p1: p0x083be4e|move: Toxic Spikes\n|\n|-heal|p2a: Toxapex|39/100|[from] item: Leftovers\n|upkeep\n|turn|6\n|request|{\"active\":[{\"moves\":[{\"move\":\"Outrage\",\"id\":\"outrage\"}],\"trapped\":true}],\"side\":{\"name\":\"p0x083be4e\",\"id\":\"p1\",\"pokemon\":[{\"ident\":\"p1: Kingdra\",\"details\":\"Kingdra, L84, F\",\"condition\":\"263/263\",\"active\":true,\"stats\":{\"atk\":208,\"def\":208,\"spa\":208,\"spd\":208,\"spe\":191},\"moves\":[\"wavecrash\",\"dragondance\",\"outrage\",\"waterfall\"],\"baseAbility\":\"sniper\",\"item\":\"lumberry\",\"pokeball\":\"pokeball\",\"ability\":\"sniper\",\"commanding\":false,\"reviving\":false,\"teraType\":\"Water\",\"terastallized\":\"\"},{\"ident\":\"p1: Oinkologne\",\"details\":\"Oinkologne-F, L92, F\",\"condition\":\"361/361\",\"active\":false,\"stats\":{\"atk\":218,\"def\":181,\"spa\":161,\"spd\":218,\"spe\":172},\"moves\":[\"lashout\",\"curse\",\"bodyslam\",\"highhorsepower\"],\"baseAbility\":\"thickfat\",\"item\":\"leftovers\",\"pokeball\":\"pokeball\",\"ability\":\"thickfat\",\"commanding\":false,\"reviving\":false,\"teraType\":\"Ground\",\"terastallized\":\"\"},{\"ident\":\"p1: Arboliva\",\"details\":\"Arboliva, L91, M\",\"condition\":\"290/290\",\"active\":false,\"stats\":{\"atk\":130,\"def\":216,\"spa\":279,\"spd\":250,\"spe\":123},\"moves\":[\"earthpower\",\"strengthsap\",\"energyball\",\"hypervoice\"],\"baseAbility\":\"seedsower\",\"item\":\"leftovers\",\"pokeball\":\"pokeball\",\"ability\":\"seedsower\",\"commanding\":false,\"reviving\":false,\"teraType\":\"Poison\",\"terastallized\":\"\"},{\"ident\":\"p1: Vikavolt\",\"details\":\"Vikavolt, L83, F\",\"condition\":\"0 fnt\",\"active\":false,\"stats\":{\"atk\":121,\"def\":197,\"spa\":288,\"spd\":172,\"spe\":119},\"moves\":[\"discharge\",\"stickyweb\",\"bugbuzz\",\"energyball\"],\"baseAbility\":\"levitate\",\"item\":\"heavydutyboots\",\"pokeball\":\"pokeball\",\"ability\":\"levitate\",\"commanding\":false,\"reviving\":false,\"teraType\":\"Electric\",\"terastallized\":\"\"},{\"ident\":\"p1: Glaceon\",\"details\":\"Glaceon, L94, M\",\"condition\":\"275/275\",\"active\":false,\"stats\":{\"atk\":117,\"def\":260,\"spa\":298,\"spd\":232,\"spe\":176},\"moves\":[\"freezedry\",\"protect\",\"calmmind\",\"wish\"],\"baseAbility\":\"icebody\",\"item\":\"heavydutyboots\",\"pokeball\":\"pokeball\",\"ability\":\"icebody\",\"commanding\":false,\"reviving\":false,\"teraType\":\"Water\",\"terastallized\":\"\"},{\"ident\":\"p1: Spectrier\",\"details\":\"Spectrier, L75\",\"condition\":\"274/274\",\"active\":false,\"stats\":{\"atk\":102,\"def\":134,\"spa\":261,\"spd\":164,\"spe\":239},\"moves\":[\"shadowball\",\"nastyplot\",\"drainingkiss\",\"willowisp\"],\"baseAbility\":\"grimneigh\",\"item\":\"lifeorb\",\"pokeball\":\"pokeball\",\"ability\":\"grimneigh\",\"commanding\":false,\"reviving\":false,\"teraType\":\"Fairy\",\"terastallized\":\"\"}]},\"rqid\":14}\n|inactive|Time left: 300 sec this turn | 300 sec total\n|\n|t:|1783392266\n|move|p1a: Kingdra|Outrage|p2a: Toxapex|[from] lockedmove\n|-resisted|p2a: Toxapex\n|-damage|p2a: Toxapex|19/100\n|-start|p1a: Kingdra|confusion|[fatigue]\n|-enditem|p1a: Kingdra|Lum Berry|[eat]\n|-end|p1a: Kingdra|confusion\n|move|p2a: Toxapex|Recover|p2a: Toxapex\n|-heal|p2a: Toxapex|69/100\n|\n|-heal|p2a: Toxapex|75/100|[from] item: Leftovers\n|upkeep\n|turn|7\n|request|{\"active\":[{\"moves\":[{\"move\":\"Wave Crash\",\"id\":\"wavecrash\",\"pp\":16,\"maxpp\":16,\"target\":\"normal\",\"disabled\":false},{\"move\":\"Dragon Dance\",\"id\":\"dragondance\",\"pp\":30,\"maxpp\":32,\"target\":\"self\",\"disabled\":false},{\"move\":\"Outrage\",\"id\":\"outrage\",\"pp\":15,\"maxpp\":16,\"target\":\"randomNormal\",\"disabled\":false},{\"move\":\"Waterfall\",\"id\":\"waterfall\",\"pp\":24,\"maxpp\":24,\"target\":\"normal\",\"disabled\":false}],\"canTerastallize\":\"Water\"}],\"side\":{\"name\":\"p0x083be4e\",\"id\":\"p1\",\"pokemon\":[{\"ident\":\"p1: Kingdra\",\"details\":\"Kingdra, L84, F\",\"condition\":\"263/263\",\"active\":true,\"stats\":{\"atk\":208,\"def\":208,\"spa\":208,\"spd\":208,\"spe\":191},\"moves\":[\"wavecrash\",\"dragondance\",\"outrage\",\"waterfall\"],\"baseAbility\":\"sniper\",\"item\":\"\",\"pokeball\":\"pokeball\",\"ability\":\"sniper\",\"commanding\":false,\"reviving\":false,\"teraType\":\"Water\",\"terastallized\":\"\"},{\"ident\":\"p1: Oinkologne\",\"details\":\"Oinkologne-F, L92, F\",\"condition\":\"361/361\",\"active\":false,\"stats\":{\"atk\":218,\"def\":181,\"spa\":161,\"spd\":218,\"spe\":172},\"moves\":[\"lashout\",\"curse\",\"bodyslam\",\"highhorsepower\"],\"baseAbility\":\"thickfat\",\"item\":\"leftovers\",\"pokeball\":\"pokeball\",\"ability\":\"thickfat\",\"commanding\":false,\"reviving\":false,\"teraType\":\"Ground\",\"terastallized\":\"\"},{\"ident\":\"p1: Arboliva\",\"details\":\"Arboliva, L91, M\",\"condition\":\"290/290\",\"active\":false,\"stats\":{\"atk\":130,\"def\":216,\"spa\":279,\"spd\":250,\"spe\":123},\"moves\":[\"earthpower\",\"strengthsap\",\"energyball\",\"hypervoice\"],\"baseAbility\":\"seedsower\",\"item\":\"leftovers\",\"pokeball\":\"pokeball\",\"ability\":\"seedsower\",\"commanding\":false,\"reviving\":false,\"teraType\":\"Poison\",\"terastallized\":\"\"},{\"ident\":\"p1: Vikavolt\",\"details\":\"Vikavolt, L83, F\",\"condition\":\"0 fnt\",\"active\":false,\"stats\":{\"atk\":121,\"def\":197,\"spa\":288,\"spd\":172,\"spe\":119},\"moves\":[\"discharge\",\"stickyweb\",\"bugbuzz\",\"energyball\"],\"baseAbility\":\"levitate\",\"item\":\"heavydutyboots\",\"pokeball\":\"pokeball\",\"ability\":\"levitate\",\"commanding\":false,\"reviving\":false,\"teraType\":\"Electric\",\"terastallized\":\"\"},{\"ident\":\"p1: Glaceon\",\"details\":\"Glaceon, L94, M\",\"condition\":\"275/275\",\"active\":false,\"stats\":{\"atk\":117,\"def\":260,\"spa\":298,\"spd\":232,\"spe\":176},\"moves\":[\"freezedry\",\"protect\",\"calmmind\",\"wish\"],\"baseAbility\":\"icebody\",\"item\":\"heavydutyboots\",\"pokeball\":\"pokeball\",\"ability\":\"icebody\",\"commanding\":false,\"reviving\":false,\"teraType\":\"Water\",\"terastallized\":\"\"},{\"ident\":\"p1: Spectrier\",\"details\":\"Spectrier, L75\",\"condition\":\"274/274\",\"active\":false,\"stats\":{\"atk\":102,\"def\":134,\"spa\":261,\"spd\":164,\"spe\":239},\"moves\":[\"shadowball\",\"nastyplot\",\"drainingkiss\",\"willowisp\"],\"baseAbility\":\"grimneigh\",\"item\":\"lifeorb\",\"pokeball\":\"pokeball\",\"ability\":\"grimneigh\",\"commanding\":false,\"reviving\":false,\"teraType\":\"Fairy\",\"terastallized\":\"\"}]},\"rqid\":16}\n|inactive|Time left: 300 sec this turn | 300 sec total\n|\n|t:|1783392266\n|move|p1a: Kingdra|Dragon Dance|p1a: Kingdra\n|-boost|p1a: Kingdra|atk|1\n|-boost|p1a: Kingdra|spe|1\n|move|p2a: Toxapex|Toxic Spikes|p1a: Kingdra\n|-sidestart|p1: p0x083be4e|move: Toxic Spikes\n|\n|-heal|p2a: Toxapex|81/100|[from] item: Leftovers\n|upkeep\n|turn|8\n|request|{\"active\":[{\"moves\":[{\"move\":\"Wave Crash\",\"id\":\"wavecrash\",\"pp\":16,\"maxpp\":16,\"target\":\"normal\",\"disabled\":false},{\"move\":\"Dragon Dance\",\"id\":\"dragondance\",\"pp\":29,\"maxpp\":32,\"target\":\"self\",\"disabled\":false},{\"move\":\"Outrage\",\"id\":\"outrage\",\"pp\":15,\"maxpp\":16,\"target\":\"randomNormal\",\"disabled\":false},{\"move\":\"Waterfall\",\"id\":\"waterfall\",\"pp\":24,\"maxpp\":24,\"target\":\"normal\",\"disabled\":false}],\"canTerastallize\":\"Water\"}],\"side\":{\"name\":\"p0x083be4e\",\"id\":\"p1\",\"pokemon\":[{\"ident\":\"p1: Kingdra\",\"details\":\"Kingdra, L84, F\",\"condition\":\"263/263\",\"active\":true,\"stats\":{\"atk\":208,\"def\":208,\"spa\":208,\"spd\":208,\"spe\":191},\"moves\":[\"wavecrash\",\"dragondance\",\"outrage\",\"waterfall\"],\"baseAbility\":\"sniper\",\"item\":\"\",\"pokeball\":\"pokeball\",\"ability\":\"sniper\",\"commanding\":false,\"reviving\":false,\"teraType\":\"Water\",\"terastallized\":\"\"},{\"ident\":\"p1: Oinkologne\",\"details\":\"Oinkologne-F, L92, F\",\"condition\":\"361/361\",\"active\":false,\"stats\":{\"atk\":218,\"def\":181,\"spa\":161,\"spd\":218,\"spe\":172},\"moves\":[\"lashout\",\"curse\",\"bodyslam\",\"highhorsepower\"],\"baseAbility\":\"thickfat\",\"item\":\"leftovers\",\"pokeball\":\"pokeball\",\"ability\":\"thickfat\",\"commanding\":false,\"reviving\":false,\"teraType\":\"Ground\",\"terastallized\":\"\"},{\"ident\":\"p1: Arboliva\",\"details\":\"Arboliva, L91, M\",\"condition\":\"290/290\",\"active\":false,\"stats\":{\"atk\":130,\"def\":216,\"spa\":279,\"spd\":250,\"spe\":123},\"moves\":[\"earthpower\",\"strengthsap\",\"energyball\",\"hypervoice\"],\"baseAbility\":\"seedsower\",\"item\":\"leftovers\",\"pokeball\":\"pokeball\",\"ability\":\"seedsower\",\"commanding\":false,\"reviving\":false,\"teraType\":\"Poison\",\"terastallized\":\"\"},{\"ident\":\"p1: Vikavolt\",\"details\":\"Vikavolt, L83, F\",\"condition\":\"0 fnt\",\"active\":false,\"stats\":{\"atk\":121,\"def\":197,\"spa\":288,\"spd\":172,\"spe\":119},\"moves\":[\"discharge\",\"stickyweb\",\"bugbuzz\",\"energyball\"],\"baseAbility\":\"levitate\",\"item\":\"heavydutyboots\",\"pokeball\":\"pokeball\",\"ability\":\"levitate\",\"commanding\":false,\"reviving\":false,\"teraType\":\"Electric\",\"terastallized\":\"\"},{\"ident\":\"p1: Glaceon\",\"details\":\"Glaceon, L94, M\",\"condition\":\"275/275\",\"active\":false,\"stats\":{\"atk\":117,\"def\":260,\"spa\":298,\"spd\":232,\"spe\":176},\"moves\":[\"freezedry\",\"protect\",\"calmmind\",\"wish\"],\"baseAbility\":\"icebody\",\"item\":\"heavydutyboots\",\"pokeball\":\"pokeball\",\"ability\":\"icebody\",\"commanding\":false,\"reviving\":false,\"teraType\":\"Water\",\"terastallized\":\"\"},{\"ident\":\"p1: Spectrier\",\"details\":\"Spectrier, L75\",\"condition\":\"274/274\",\"active\":false,\"stats\":{\"atk\":102,\"def\":134,\"spa\":261,\"spd\":164,\"spe\":239},\"moves\":[\"shadowball\",\"nastyplot\",\"drainingkiss\",\"willowisp\"],\"baseAbility\":\"grimneigh\",\"item\":\"lifeorb\",\"pokeball\":\"pokeball\",\"ability\":\"grimneigh\",\"commanding\":false,\"reviving\":false,\"teraType\":\"Fairy\",\"terastallized\":\"\"}]},\"rqid\":18}\n|inactive|Time left: 300 sec this turn | 300 sec total\n|\n|t:|1783392266\n|move|p1a: Kingdra|Waterfall|p2a: Toxapex\n|-damage|p2a: Toxapex|39/100\n|move|p2a: Toxapex|Haze|p2a: Toxapex\n|-clearallboost\n|\n|-heal|p2a: Toxapex|45/100|[from] item: Leftovers\n|upkeep\n|turn|9\n|request|{\"active\":[{\"moves\":[{\"move\":\"Wave Crash\",\"id\":\"wavecrash\",\"pp\":16,\"maxpp\":16,\"target\":\"normal\",\"disabled\":false},{\"move\":\"Dragon Dance\",\"id\":\"dragondance\",\"pp\":29,\"maxpp\":32,\"target\":\"self\",\"disabled\":false},{\"move\":\"Outrage\",\"id\":\"outrage\",\"pp\":15,\"maxpp\":16,\"target\":\"randomNormal\",\"disabled\":false},{\"move\":\"Waterfall\",\"id\":\"waterfall\",\"pp\":23,\"maxpp\":24,\"target\":\"normal\",\"disabled\":false}],\"canTerastallize\":\"Water\"}],\"side\":{\"name\":\"p0x083be4e\",\"id\":\"p1\",\"pokemon\":[{\"ident\":\"p1: Kingdra\",\"details\":\"Kingdra, L84, F\",\"condition\":\"263/263\",\"active\":true,\"stats\":{\"atk\":208,\"def\":208,\"spa\":208,\"spd\":208,\"spe\":191},\"moves\":[\"wavecrash\",\"dragondance\",\"outrage\",\"waterfall\"],\"baseAbility\":\"sniper\",\"item\":\"\",\"pokeball\":\"pokeball\",\"ability\":\"sniper\",\"commanding\":false,\"reviving\":false,\"teraType\":\"Water\",\"terastallized\":\"\"},{\"ident\":\"p1: Oinkologne\",\"details\":\"Oinkologne-F, L92, F\",\"condition\":\"361/361\",\"active\":false,\"stats\":{\"atk\":218,\"def\":181,\"spa\":161,\"spd\":218,\"spe\":172},\"moves\":[\"lashout\",\"curse\",\"bodyslam\",\"highhorsepower\"],\"baseAbility\":\"thickfat\",\"item\":\"leftovers\",\"pokeball\":\"pokeball\",\"ability\":\"thickfat\",\"commanding\":false,\"reviving\":false,\"teraType\":\"Ground\",\"terastallized\":\"\"},{\"ident\":\"p1: Arboliva\",\"details\":\"Arboliva, L91, M\",\"condition\":\"290/290\",\"active\":false,\"stats\":{\"atk\":130,\"def\":216,\"spa\":279,\"spd\":250,\"spe\":123},\"moves\":[\"earthpower\",\"strengthsap\",\"energyball\",\"hypervoice\"],\"baseAbility\":\"seedsower\",\"item\":\"leftovers\",\"pokeball\":\"pokeball\",\"ability\":\"seedsower\",\"commanding\":false,\"reviving\":false,\"teraType\":\"Poison\",\"terastallized\":\"\"},{\"ident\":\"p1: Vikavolt\",\"details\":\"Vikavolt, L83, F\",\"condition\":\"0 fnt\",\"active\":false,\"stats\":{\"atk\":121,\"def\":197,\"spa\":288,\"spd\":172,\"spe\":119},\"moves\":[\"discharge\",\"stickyweb\",\"bugbuzz\",\"energyball\"],\"baseAbility\":\"levitate\",\"item\":\"heavydutyboots\",\"pokeball\":\"pokeball\",\"ability\":\"levitate\",\"commanding\":false,\"reviving\":false,\"teraType\":\"Electric\",\"terastallized\":\"\"},{\"ident\":\"p1: Glaceon\",\"details\":\"Glaceon, L94, M\",\"condition\":\"275/275\",\"active\":false,\"stats\":{\"atk\":117,\"def\":260,\"spa\":298,\"spd\":232,\"spe\":176},\"moves\":[\"freezedry\",\"protect\",\"calmmind\",\"wish\"],\"baseAbility\":\"icebody\",\"item\":\"heavydutyboots\",\"pokeball\":\"pokeball\",\"ability\":\"icebody\",\"commanding\":false,\"reviving\":false,\"teraType\":\"Water\",\"terastallized\":\"\"},{\"ident\":\"p1: Spectrier\",\"details\":\"Spectrier, L75\",\"condition\":\"274/274\",\"active\":false,\"stats\":{\"atk\":102,\"def\":134,\"spa\":261,\"spd\":164,\"spe\":239},\"moves\":[\"shadowball\",\"nastyplot\",\"drainingkiss\",\"willowisp\"],\"baseAbility\":\"grimneigh\",\"item\":\"lifeorb\",\"pokeball\":\"pokeball\",\"ability\":\"grimneigh\",\"commanding\":false,\"reviving\":false,\"teraType\":\"Fairy\",\"terastallized\":\"\"}]},\"rqid\":20}\n|inactive|Time left: 300 sec this turn | 300 sec total\n|\n|t:|1783392266\n|move|p1a: Kingdra|Dragon Dance|p1a: Kingdra\n|-boost|p1a: Kingdra|atk|1\n|-boost|p1a: Kingdra|spe|1\n|move|p2a: Toxapex|Recover|p2a: Toxapex\n|-heal|p2a: Toxapex|95/100\n|\n|-heal|p2a: Toxapex|100/100|[from] item: Leftovers\n|upkeep\n|turn|10\n|request|{\"active\":[{\"moves\":[{\"move\":\"Wave Crash\",\"id\":\"wavecrash\",\"pp\":16,\"maxpp\":16,\"target\":\"normal\",\"disabled\":false},{\"move\":\"Dragon Dance\",\"id\":\"dragondance\",\"pp\":28,\"maxpp\":32,\"target\":\"self\",\"disabled\":false},{\"move\":\"Outrage\",\"id\":\"outrage\",\"pp\":15,\"maxpp\":16,\"target\":\"randomNormal\",\"disabled\":false},{\"move\":\"Waterfall\",\"id\":\"waterfall\",\"pp\":23,\"maxpp\":24,\"target\":\"normal\",\"disabled\":false}],\"canTerastallize\":\"Water\"}],\"side\":{\"name\":\"p0x083be4e\",\"id\":\"p1\",\"pokemon\":[{\"ident\":\"p1: Kingdra\",\"details\":\"Kingdra, L84, F\",\"condition\":\"263/263\",\"active\":true,\"stats\":{\"atk\":208,\"def\":208,\"spa\":208,\"spd\":208,\"spe\":191},\"moves\":[\"wavecrash\",\"dragondance\",\"outrage\",\"waterfall\"],\"baseAbility\":\"sniper\",\"item\":\"\",\"pokeball\":\"pokeball\",\"ability\":\"sniper\",\"commanding\":false,\"reviving\":false,\"teraType\":\"Water\",\"terastallized\":\"\"},{\"ident\":\"p1: Oinkologne\",\"details\":\"Oinkologne-F, L92, F\",\"condition\":\"361/361\",\"active\":false,\"stats\":{\"atk\":218,\"def\":181,\"spa\":161,\"spd\":218,\"spe\":172},\"moves\":[\"lashout\",\"curse\",\"bodyslam\",\"highhorsepower\"],\"baseAbility\":\"thickfat\",\"item\":\"leftovers\",\"pokeball\":\"pokeball\",\"ability\":\"thickfat\",\"commanding\":false,\"reviving\":false,\"teraType\":\"Ground\",\"terastallized\":\"\"},{\"ident\":\"p1: Arboliva\",\"details\":\"Arboliva, L91, M\",\"condition\":\"290/290\",\"active\":false,\"stats\":{\"atk\":130,\"def\":216,\"spa\":279,\"spd\":250,\"spe\":123},\"moves\":[\"earthpower\",\"strengthsap\",\"energyball\",\"hypervoice\"],\"baseAbility\":\"seedsower\",\"item\":\"leftovers\",\"pokeball\":\"pokeball\",\"ability\":\"seedsower\",\"commanding\":false,\"reviving\":false,\"teraType\":\"Poison\",\"terastallized\":\"\"},{\"ident\":\"p1: Vikavolt\",\"details\":\"Vikavolt, L83, F\",\"condition\":\"0 fnt\",\"active\":false,\"stats\":{\"atk\":121,\"def\":197,\"spa\":288,\"spd\":172,\"spe\":119},\"moves\":[\"discharge\",\"stickyweb\",\"bugbuzz\",\"energyball\"],\"baseAbility\":\"levitate\",\"item\":\"heavydutyboots\",\"pokeball\":\"pokeball\",\"ability\":\"levitate\",\"commanding\":false,\"reviving\":false,\"teraType\":\"Electric\",\"terastallized\":\"\"},{\"ident\":\"p1: Glaceon\",\"details\":\"Glaceon, L94, M\",\"condition\":\"275/275\",\"active\":false,\"stats\":{\"atk\":117,\"def\":260,\"spa\":298,\"spd\":232,\"spe\":176},\"moves\":[\"freezedry\",\"protect\",\"calmmind\",\"wish\"],\"baseAbility\":\"icebody\",\"item\":\"heavydutyboots\",\"pokeball\":\"pokeball\",\"ability\":\"icebody\",\"commanding\":false,\"reviving\":false,\"teraType\":\"Water\",\"terastallized\":\"\"},{\"ident\":\"p1: Spectrier\",\"details\":\"Spectrier, L75\",\"condition\":\"274/274\",\"active\":false,\"stats\":{\"atk\":102,\"def\":134,\"spa\":261,\"spd\":164,\"spe\":239},\"moves\":[\"shadowball\",\"nastyplot\",\"drainingkiss\",\"willowisp\"],\"baseAbility\":\"grimneigh\",\"item\":\"lifeorb\",\"pokeball\":\"pokeball\",\"ability\":\"grimneigh\",\"commanding\":false,\"reviving\":false,\"teraType\":\"Fairy\",\"terastallized\":\"\"}]},\"rqid\":22}\n|inactive|Time left: 300 sec this turn | 300 sec total\n|\n|t:|1783392267\n|move|p1a: Kingdra|Waterfall|p2a: Toxapex\n|-damage|p2a: Toxapex|64/100\n|move|p2a: Toxapex|Haze|p2a: Toxapex\n|-clearallboost\n|\n|-heal|p2a: Toxapex|70/100|[from] item: Leftovers\n|upkeep\n|turn|11\n|request|{\"active\":[{\"moves\":[{\"move\":\"Wave Crash\",\"id\":\"wavecrash\",\"pp\":16,\"maxpp\":16,\"target\":\"normal\",\"disabled\":false},{\"move\":\"Dragon Dance\",\"id\":\"dragondance\",\"pp\":28,\"maxpp\":32,\"target\":\"self\",\"disabled\":false},{\"move\":\"Outrage\",\"id\":\"outrage\",\"pp\":15,\"maxpp\":16,\"target\":\"randomNormal\",\"disabled\":false},{\"move\":\"Waterfall\",\"id\":\"waterfall\",\"pp\":22,\"maxpp\":24,\"target\":\"normal\",\"disabled\":false}],\"canTerastallize\":\"Water\"}],\"side\":{\"name\":\"p0x083be4e\",\"id\":\"p1\",\"pokemon\":[{\"ident\":\"p1: Kingdra\",\"details\":\"Kingdra, L84, F\",\"condition\":\"263/263\",\"active\":true,\"stats\":{\"atk\":208,\"def\":208,\"spa\":208,\"spd\":208,\"spe\":191},\"moves\":[\"wavecrash\",\"dragondance\",\"outrage\",\"waterfall\"],\"baseAbility\":\"sniper\",\"item\":\"\",\"pokeball\":\"pokeball\",\"ability\":\"sniper\",\"commanding\":false,\"reviving\":false,\"teraType\":\"Water\",\"terastallized\":\"\"},{\"ident\":\"p1: Oinkologne\",\"details\":\"Oinkologne-F, L92, F\",\"condition\":\"361/361\",\"active\":false,\"stats\":{\"atk\":218,\"def\":181,\"spa\":161,\"spd\":218,\"spe\":172},\"moves\":[\"lashout\",\"curse\",\"bodyslam\",\"highhorsepower\"],\"baseAbility\":\"thickfat\",\"item\":\"leftovers\",\"pokeball\":\"pokeball\",\"ability\":\"thickfat\",\"commanding\":false,\"reviving\":false,\"teraType\":\"Ground\",\"terastallized\":\"\"},{\"ident\":\"p1: Arboliva\",\"details\":\"Arboliva, L91, M\",\"condition\":\"290/290\",\"active\":false,\"stats\":{\"atk\":130,\"def\":216,\"spa\":279,\"spd\":250,\"spe\":123},\"moves\":[\"earthpower\",\"strengthsap\",\"energyball\",\"hypervoice\"],\"baseAbility\":\"seedsower\",\"item\":\"leftovers\",\"pokeball\":\"pokeball\",\"ability\":\"seedsower\",\"commanding\":false,\"reviving\":false,\"teraType\":\"Poison\",\"terastallized\":\"\"},{\"ident\":\"p1: Vikavolt\",\"details\":\"Vikavolt, L83, F\",\"condition\":\"0 fnt\",\"active\":false,\"stats\":{\"atk\":121,\"def\":197,\"spa\":288,\"spd\":172,\"spe\":119},\"moves\":[\"discharge\",\"stickyweb\",\"bugbuzz\",\"energyball\"],\"baseAbility\":\"levitate\",\"item\":\"heavydutyboots\",\"pokeball\":\"pokeball\",\"ability\":\"levitate\",\"commanding\":false,\"reviving\":false,\"teraType\":\"Electric\",\"terastallized\":\"\"},{\"ident\":\"p1: Glaceon\",\"details\":\"Glaceon, L94, M\",\"condition\":\"275/275\",\"active\":false,\"stats\":{\"atk\":117,\"def\":260,\"spa\":298,\"spd\":232,\"spe\":176},\"moves\":[\"freezedry\",\"protect\",\"calmmind\",\"wish\"],\"baseAbility\":\"icebody\",\"item\":\"heavydutyboots\",\"pokeball\":\"pokeball\",\"ability\":\"icebody\",\"commanding\":false,\"reviving\":false,\"teraType\":\"Water\",\"terastallized\":\"\"},{\"ident\":\"p1: Spectrier\",\"details\":\"Spectrier, L75\",\"condition\":\"274/274\",\"active\":false,\"stats\":{\"atk\":102,\"def\":134,\"spa\":261,\"spd\":164,\"spe\":239},\"moves\":[\"shadowball\",\"nastyplot\",\"drainingkiss\",\"willowisp\"],\"baseAbility\":\"grimneigh\",\"item\":\"lifeorb\",\"pokeball\":\"pokeball\",\"ability\":\"grimneigh\",\"commanding\":false,\"reviving\":false,\"teraType\":\"Fairy\",\"terastallized\":\"\"}]},\"rqid\":24}\n|inactive|Time left: 300 sec this turn | 300 sec total\n|\n|t:|1783392267\n|move|p1a: Kingdra|Dragon Dance|p1a: Kingdra\n|-boost|p1a: Kingdra|atk|1\n|-boost|p1a: Kingdra|spe|1\n|move|p2a: Toxapex|Recover|p2a: Toxapex\n|-heal|p2a: Toxapex|100/100\n|\n|upkeep\n|turn|12\n|request|{\"active\":[{\"moves\":[{\"move\":\"Wave Crash\",\"id\":\"wavecrash\",\"pp\":16,\"maxpp\":16,\"target\":\"normal\",\"disabled\":false},{\"move\":\"Dragon Dance\",\"id\":\"dragondance\",\"pp\":27,\"maxpp\":32,\"target\":\"self\",\"disabled\":false},{\"move\":\"Outrage\",\"id\":\"outrage\",\"pp\":15,\"maxpp\":16,\"target\":\"randomNormal\",\"disabled\":false},{\"move\":\"Waterfall\",\"id\":\"waterfall\",\"pp\":22,\"maxpp\":24,\"target\":\"normal\",\"disabled\":false}],\"canTerastallize\":\"Water\"}],\"side\":{\"name\":\"p0x083be4e\",\"id\":\"p1\",\"pokemon\":[{\"ident\":\"p1: Kingdra\",\"details\":\"Kingdra, L84, F\",\"condition\":\"263/263\",\"active\":true,\"stats\":{\"atk\":208,\"def\":208,\"spa\":208,\"spd\":208,\"spe\":191},\"moves\":[\"wavecrash\",\"dragondance\",\"outrage\",\"waterfall\"],\"baseAbility\":\"sniper\",\"item\":\"\",\"pokeball\":\"pokeball\",\"ability\":\"sniper\",\"commanding\":false,\"reviving\":false,\"teraType\":\"Water\",\"terastallized\":\"\"},{\"ident\":\"p1: Oinkologne\",\"details\":\"Oinkologne-F, L92, F\",\"condition\":\"361/361\",\"active\":false,\"stats\":{\"atk\":218,\"def\":181,\"spa\":161,\"spd\":218,\"spe\":172},\"moves\":[\"lashout\",\"curse\",\"bodyslam\",\"highhorsepower\"],\"baseAbility\":\"thickfat\",\"item\":\"leftovers\",\"pokeball\":\"pokeball\",\"ability\":\"thickfat\",\"commanding\":false,\"reviving\":false,\"teraType\":\"Ground\",\"terastallized\":\"\"},{\"ident\":\"p1: Arboliva\",\"details\":\"Arboliva, L91, M\",\"condition\":\"290/290\",\"active\":false,\"stats\":{\"atk\":130,\"def\":216,\"spa\":279,\"spd\":250,\"spe\":123},\"moves\":[\"earthpower\",\"strengthsap\",\"energyball\",\"hypervoice\"],\"baseAbility\":\"seedsower\",\"item\":\"leftovers\",\"pokeball\":\"pokeball\",\"ability\":\"seedsower\",\"commanding\":false,\"reviving\":false,\"teraType\":\"Poison\",\"terastallized\":\"\"},{\"ident\":\"p1: Vikavolt\",\"details\":\"Vikavolt, L83, F\",\"condition\":\"0 fnt\",\"active\":false,\"stats\":{\"atk\":121,\"def\":197,\"spa\":288,\"spd\":172,\"spe\":119},\"moves\":[\"discharge\",\"stickyweb\",\"bugbuzz\",\"energyball\"],\"baseAbility\":\"levitate\",\"item\":\"heavydutyboots\",\"pokeball\":\"pokeball\",\"ability\":\"levitate\",\"commanding\":false,\"reviving\":false,\"teraType\":\"Electric\",\"terastallized\":\"\"},{\"ident\":\"p1: Glaceon\",\"details\":\"Glaceon, L94, M\",\"condition\":\"275/275\",\"active\":false,\"stats\":{\"atk\":117,\"def\":260,\"spa\":298,\"spd\":232,\"spe\":176},\"moves\":[\"freezedry\",\"protect\",\"calmmind\",\"wish\"],\"baseAbility\":\"icebody\",\"item\":\"heavydutyboots\",\"pokeball\":\"pokeball\",\"ability\":\"icebody\",\"commanding\":false,\"reviving\":false,\"teraType\":\"Water\",\"terastallized\":\"\"},{\"ident\":\"p1: Spectrier\",\"details\":\"Spectrier, L75\",\"condition\":\"274/274\",\"active\":false,\"stats\":{\"atk\":102,\"def\":134,\"spa\":261,\"spd\":164,\"spe\":239},\"moves\":[\"shadowball\",\"nastyplot\",\"drainingkiss\",\"willowisp\"],\"baseAbility\":\"grimneigh\",\"item\":\"lifeorb\",\"pokeball\":\"pokeball\",\"ability\":\"grimneigh\",\"commanding\":false,\"reviving\":false,\"teraType\":\"Fairy\",\"terastallized\":\"\"}]},\"rqid\":26}\n|inactive|Time left: 300 sec this turn | 300 sec total\n|\n|t:|1783392267\n|move|p1a: Kingdra|Waterfall|p2a: Toxapex\n|-damage|p2a: Toxapex|60/100\n|move|p2a: Toxapex|Haze|p2a: Toxapex\n|-clearallboost\n|\n|-heal|p2a: Toxapex|66/100|[from] item: Leftovers\n|upkeep\n|turn|13\n|request|{\"active\":[{\"moves\":[{\"move\":\"Wave Crash\",\"id\":\"wavecrash\",\"pp\":16,\"maxpp\":16,\"target\":\"normal\",\"disabled\":false},{\"move\":\"Dragon Dance\",\"id\":\"dragondance\",\"pp\":27,\"maxpp\":32,\"target\":\"self\",\"disabled\":false},{\"move\":\"Outrage\",\"id\":\"outrage\",\"pp\":15,\"maxpp\":16,\"target\":\"randomNormal\",\"disabled\":false},{\"move\":\"Waterfall\",\"id\":\"waterfall\",\"pp\":21,\"maxpp\":24,\"target\":\"normal\",\"disabled\":false}],\"canTerastallize\":\"Water\"}],\"side\":{\"name\":\"p0x083be4e\",\"id\":\"p1\",\"pokemon\":[{\"ident\":\"p1: Kingdra\",\"details\":\"Kingdra, L84, F\",\"condition\":\"263/263\",\"active\":true,\"stats\":{\"atk\":208,\"def\":208,\"spa\":208,\"spd\":208,\"spe\":191},\"moves\":[\"wavecrash\",\"dragondance\",\"outrage\",\"waterfall\"],\"baseAbility\":\"sniper\",\"item\":\"\",\"pokeball\":\"pokeball\",\"ability\":\"sniper\",\"commanding\":false,\"reviving\":false,\"teraType\":\"Water\",\"terastallized\":\"\"},{\"ident\":\"p1: Oinkologne\",\"details\":\"Oinkologne-F, L92, F\",\"condition\":\"361/361\",\"active\":false,\"stats\":{\"atk\":218,\"def\":181,\"spa\":161,\"spd\":218,\"spe\":172},\"moves\":[\"lashout\",\"curse\",\"bodyslam\",\"highhorsepower\"],\"baseAbility\":\"thickfat\",\"item\":\"leftovers\",\"pokeball\":\"pokeball\",\"ability\":\"thickfat\",\"commanding\":false,\"reviving\":false,\"teraType\":\"Ground\",\"terastallized\":\"\"},{\"ident\":\"p1: Arboliva\",\"details\":\"Arboliva, L91, M\",\"condition\":\"290/290\",\"active\":false,\"stats\":{\"atk\":130,\"def\":216,\"spa\":279,\"spd\":250,\"spe\":123},\"moves\":[\"earthpower\",\"strengthsap\",\"energyball\",\"hypervoice\"],\"baseAbility\":\"seedsower\",\"item\":\"leftovers\",\"pokeball\":\"pokeball\",\"ability\":\"seedsower\",\"commanding\":false,\"reviving\":false,\"teraType\":\"Poison\",\"terastallized\":\"\"},{\"ident\":\"p1: Vikavolt\",\"details\":\"Vikavolt, L83, F\",\"condition\":\"0 fnt\",\"active\":false,\"stats\":{\"atk\":121,\"def\":197,\"spa\":288,\"spd\":172,\"spe\":119},\"moves\":[\"discharge\",\"stickyweb\",\"bugbuzz\",\"energyball\"],\"baseAbility\":\"levitate\",\"item\":\"heavydutyboots\",\"pokeball\":\"pokeball\",\"ability\":\"levitate\",\"commanding\":false,\"reviving\":false,\"teraType\":\"Electric\",\"terastallized\":\"\"},{\"ident\":\"p1: Glaceon\",\"details\":\"Glaceon, L94, M\",\"condition\":\"275/275\",\"active\":false,\"stats\":{\"atk\":117,\"def\":260,\"spa\":298,\"spd\":232,\"spe\":176},\"moves\":[\"freezedry\",\"protect\",\"calmmind\",\"wish\"],\"baseAbility\":\"icebody\",\"item\":\"heavydutyboots\",\"pokeball\":\"pokeball\",\"ability\":\"icebody\",\"commanding\":false,\"reviving\":false,\"teraType\":\"Water\",\"terastallized\":\"\"},{\"ident\":\"p1: Spectrier\",\"details\":\"Spectrier, L75\",\"condition\":\"274/274\",\"active\":false,\"stats\":{\"atk\":102,\"def\":134,\"spa\":261,\"spd\":164,\"spe\":239},\"moves\":[\"shadowball\",\"nastyplot\",\"drainingkiss\",\"willowisp\"],\"baseAbility\":\"grimneigh\",\"item\":\"lifeorb\",\"pokeball\":\"pokeball\",\"ability\":\"grimneigh\",\"commanding\":false,\"reviving\":false,\"teraType\":\"Fairy\",\"terastallized\":\"\"}]},\"rqid\":28}\n|inactive|Time left: 300 sec this turn | 300 sec total\n|\n|t:|1783392267\n|move|p1a: Kingdra|Dragon Dance|p1a: Kingdra\n|-boost|p1a: Kingdra|atk|1\n|-boost|p1a: Kingdra|spe|1\n|move|p2a: Toxapex|Recover|p2a: Toxapex\n|-heal|p2a: Toxapex|100/100\n|\n|upkeep\n|turn|14\n|request|{\"active\":[{\"moves\":[{\"move\":\"Wave Crash\",\"id\":\"wavecrash\",\"pp\":16,\"maxpp\":16,\"target\":\"normal\",\"disabled\":false},{\"move\":\"Dragon Dance\",\"id\":\"dragondance\",\"pp\":26,\"maxpp\":32,\"target\":\"self\",\"disabled\":false},{\"move\":\"Outrage\",\"id\":\"outrage\",\"pp\":15,\"maxpp\":16,\"target\":\"randomNormal\",\"disabled\":false},{\"move\":\"Waterfall\",\"id\":\"waterfall\",\"pp\":21,\"maxpp\":24,\"target\":\"normal\",\"disabled\":false}],\"canTerastallize\":\"Water\"}],\"side\":{\"name\":\"p0x083be4e\",\"id\":\"p1\",\"pokemon\":[{\"ident\":\"p1: Kingdra\",\"details\":\"Kingdra, L84, F\",\"condition\":\"263/263\",\"active\":true,\"stats\":{\"atk\":208,\"def\":208,\"spa\":208,\"spd\":208,\"spe\":191},\"moves\":[\"wavecrash\",\"dragondance\",\"outrage\",\"waterfall\"],\"baseAbility\":\"sniper\",\"item\":\"\",\"pokeball\":\"pokeball\",\"ability\":\"sniper\",\"commanding\":false,\"reviving\":false,\"teraType\":\"Water\",\"terastallized\":\"\"},{\"ident\":\"p1: Oinkologne\",\"details\":\"Oinkologne-F, L92, F\",\"condition\":\"361/361\",\"active\":false,\"stats\":{\"atk\":218,\"def\":181,\"spa\":161,\"spd\":218,\"spe\":172},\"moves\":[\"lashout\",\"curse\",\"bodyslam\",\"highhorsepower\"],\"baseAbility\":\"thickfat\",\"item\":\"leftovers\",\"pokeball\":\"pokeball\",\"ability\":\"thickfat\",\"commanding\":false,\"reviving\":false,\"teraType\":\"Ground\",\"terastallized\":\"\"},{\"ident\":\"p1: Arboliva\",\"details\":\"Arboliva, L91, M\",\"condition\":\"290/290\",\"active\":false,\"stats\":{\"atk\":130,\"def\":216,\"spa\":279,\"spd\":250,\"spe\":123},\"moves\":[\"earthpower\",\"strengthsap\",\"energyball\",\"hypervoice\"],\"baseAbility\":\"seedsower\",\"item\":\"leftovers\",\"pokeball\":\"pokeball\",\"ability\":\"seedsower\",\"commanding\":false,\"reviving\":false,\"teraType\":\"Poison\",\"terastallized\":\"\"},{\"ident\":\"p1: Vikavolt\",\"details\":\"Vikavolt, L83, F\",\"condition\":\"0 fnt\",\"active\":false,\"stats\":{\"atk\":121,\"def\":197,\"spa\":288,\"spd\":172,\"spe\":119},\"moves\":[\"discharge\",\"stickyweb\",\"bugbuzz\",\"energyball\"],\"baseAbility\":\"levitate\",\"item\":\"heavydutyboots\",\"pokeball\":\"pokeball\",\"ability\":\"levitate\",\"commanding\":false,\"reviving\":false,\"teraType\":\"Electric\",\"terastallized\":\"\"},{\"ident\":\"p1: Glaceon\",\"details\":\"Glaceon, L94, M\",\"condition\":\"275/275\",\"active\":false,\"stats\":{\"atk\":117,\"def\":260,\"spa\":298,\"spd\":232,\"spe\":176},\"moves\":[\"freezedry\",\"protect\",\"calmmind\",\"wish\"],\"baseAbility\":\"icebody\",\"item\":\"heavydutyboots\",\"pokeball\":\"pokeball\",\"ability\":\"icebody\",\"commanding\":false,\"reviving\":false,\"teraType\":\"Water\",\"terastallized\":\"\"},{\"ident\":\"p1: Spectrier\",\"details\":\"Spectrier, L75\",\"condition\":\"274/274\",\"active\":false,\"stats\":{\"atk\":102,\"def\":134,\"spa\":261,\"spd\":164,\"spe\":239},\"moves\":[\"shadowball\",\"nastyplot\",\"drainingkiss\",\"willowisp\"],\"baseAbility\":\"grimneigh\",\"item\":\"lifeorb\",\"pokeball\":\"pokeball\",\"ability\":\"grimneigh\",\"commanding\":false,\"reviving\":false,\"teraType\":\"Fairy\",\"terastallized\":\"\"}]},\"rqid\":30}\n|inactive|Time left: 300 sec this turn | 300 sec total\n|\n|t:|1783392267\n|move|p1a: Kingdra|Waterfall|p2a: Toxapex\n|-damage|p2a: Toxapex|64/100\n|move|p2a: Toxapex|Haze|p2a: Toxapex\n|-clearallboost\n|\n|-heal|p2a: Toxapex|70/100|[from] item: Leftovers\n|upkeep\n|turn|15\n|request|{\"active\":[{\"moves\":[{\"move\":\"Wave Crash\",\"id\":\"wavecrash\",\"pp\":16,\"maxpp\":16,\"target\":\"normal\",\"disabled\":false},{\"move\":\"Dragon Dance\",\"id\":\"dragondance\",\"pp\":26,\"maxpp\":32,\"target\":\"self\",\"disabled\":false},{\"move\":\"Outrage\",\"id\":\"outrage\",\"pp\":15,\"maxpp\":16,\"target\":\"randomNormal\",\"disabled\":false},{\"move\":\"Waterfall\",\"id\":\"waterfall\",\"pp\":20,\"maxpp\":24,\"target\":\"normal\",\"disabled\":false}],\"canTerastallize\":\"Water\"}],\"side\":{\"name\":\"p0x083be4e\",\"id\":\"p1\",\"pokemon\":[{\"ident\":\"p1: Kingdra\",\"details\":\"Kingdra, L84, F\",\"condition\":\"263/263\",\"active\":true,\"stats\":{\"atk\":208,\"def\":208,\"spa\":208,\"spd\":208,\"spe\":191},\"moves\":[\"wavecrash\",\"dragondance\",\"outrage\",\"waterfall\"],\"baseAbility\":\"sniper\",\"item\":\"\",\"pokeball\":\"pokeball\",\"ability\":\"sniper\",\"commanding\":false,\"reviving\":false,\"teraType\":\"Water\",\"terastallized\":\"\"},{\"ident\":\"p1: Oinkologne\",\"details\":\"Oinkologne-F, L92, F\",\"condition\":\"361/361\",\"active\":false,\"stats\":{\"atk\":218,\"def\":181,\"spa\":161,\"spd\":218,\"spe\":172},\"moves\":[\"lashout\",\"curse\",\"bodyslam\",\"highhorsepower\"],\"baseAbility\":\"thickfat\",\"item\":\"leftovers\",\"pokeball\":\"pokeball\",\"ability\":\"thickfat\",\"commanding\":false,\"reviving\":false,\"teraType\":\"Ground\",\"terastallized\":\"\"},{\"ident\":\"p1: Arboliva\",\"details\":\"Arboliva, L91, M\",\"condition\":\"290/290\",\"active\":false,\"stats\":{\"atk\":130,\"def\":216,\"spa\":279,\"spd\":250,\"spe\":123},\"moves\":[\"earthpower\",\"strengthsap\",\"energyball\",\"hypervoice\"],\"baseAbility\":\"seedsower\",\"item\":\"leftovers\",\"pokeball\":\"pokeball\",\"ability\":\"seedsower\",\"commanding\":false,\"reviving\":false,\"teraType\":\"Poison\",\"terastallized\":\"\"},{\"ident\":\"p1: Vikavolt\",\"details\":\"Vikavolt, L83, F\",\"condition\":\"0 fnt\",\"active\":false,\"stats\":{\"atk\":121,\"def\":197,\"spa\":288,\"spd\":172,\"spe\":119},\"moves\":[\"discharge\",\"stickyweb\",\"bugbuzz\",\"energyball\"],\"baseAbility\":\"levitate\",\"item\":\"heavydutyboots\",\"pokeball\":\"pokeball\",\"ability\":\"levitate\",\"commanding\":false,\"reviving\":false,\"teraType\":\"Electric\",\"terastallized\":\"\"},{\"ident\":\"p1: Glaceon\",\"details\":\"Glaceon, L94, M\",\"condition\":\"275/275\",\"active\":false,\"stats\":{\"atk\":117,\"def\":260,\"spa\":298,\"spd\":232,\"spe\":176},\"moves\":[\"freezedry\",\"protect\",\"calmmind\",\"wish\"],\"baseAbility\":\"icebody\",\"item\":\"heavydutyboots\",\"pokeball\":\"pokeball\",\"ability\":\"icebody\",\"commanding\":false,\"reviving\":false,\"teraType\":\"Water\",\"terastallized\":\"\"},{\"ident\":\"p1: Spectrier\",\"details\":\"Spectrier, L75\",\"condition\":\"274/274\",\"active\":false,\"stats\":{\"atk\":102,\"def\":134,\"spa\":261,\"spd\":164,\"spe\":239},\"moves\":[\"shadowball\",\"nastyplot\",\"drainingkiss\",\"willowisp\"],\"baseAbility\":\"grimneigh\",\"item\":\"lifeorb\",\"pokeball\":\"pokeball\",\"ability\":\"grimneigh\",\"commanding\":false,\"reviving\":false,\"teraType\":\"Fairy\",\"terastallized\":\"\"}]},\"rqid\":32}\n|inactive|Time left: 300 sec this turn | 300 sec total\n|\n|t:|1783392268\n|move|p1a: Kingdra|Dragon Dance|p1a: Kingdra\n|-boost|p1a: Kingdra|atk|1\n|-boost|p1a: Kingdra|spe|1\n|move|p2a: Toxapex|Recover|p2a: Toxapex\n|-heal|p2a: Toxapex|100/100\n|\n|upkeep\n|turn|16\n|request|{\"active\":[{\"moves\":[{\"move\":\"Wave Crash\",\"id\":\"wavecrash\",\"pp\":16,\"maxpp\":16,\"target\":\"normal\",\"disabled\":false},{\"move\":\"Dragon Dance\",\"id\":\"dragondance\",\"pp\":25,\"maxpp\":32,\"target\":\"self\",\"disabled\":false},{\"move\":\"Outrage\",\"id\":\"outrage\",\"pp\":15,\"maxpp\":16,\"target\":\"randomNormal\",\"disabled\":false},{\"move\":\"Waterfall\",\"id\":\"waterfall\",\"pp\":20,\"maxpp\":24,\"target\":\"normal\",\"disabled\":false}],\"canTerastallize\":\"Water\"}],\"side\":{\"name\":\"p0x083be4e\",\"id\":\"p1\",\"pokemon\":[{\"ident\":\"p1: Kingdra\",\"details\":\"Kingdra, L84, F\",\"condition\":\"263/263\",\"active\":true,\"stats\":{\"atk\":208,\"def\":208,\"spa\":208,\"spd\":208,\"spe\":191},\"moves\":[\"wavecrash\",\"dragondance\",\"outrage\",\"waterfall\"],\"baseAbility\":\"sniper\",\"item\":\"\",\"pokeball\":\"pokeball\",\"ability\":\"sniper\",\"commanding\":false,\"reviving\":false,\"teraType\":\"Water\",\"terastallized\":\"\"},{\"ident\":\"p1: Oinkologne\",\"details\":\"Oinkologne-F, L92, F\",\"condition\":\"361/361\",\"active\":false,\"stats\":{\"atk\":218,\"def\":181,\"spa\":161,\"spd\":218,\"spe\":172},\"moves\":[\"lashout\",\"curse\",\"bodyslam\",\"highhorsepower\"],\"baseAbility\":\"thickfat\",\"item\":\"leftovers\",\"pokeball\":\"pokeball\",\"ability\":\"thickfat\",\"commanding\":false,\"reviving\":false,\"teraType\":\"Ground\",\"terastallized\":\"\"},{\"ident\":\"p1: Arboliva\",\"details\":\"Arboliva, L91, M\",\"condition\":\"290/290\",\"active\":false,\"stats\":{\"atk\":130,\"def\":216,\"spa\":279,\"spd\":250,\"spe\":123},\"moves\":[\"earthpower\",\"strengthsap\",\"energyball\",\"hypervoice\"],\"baseAbility\":\"seedsower\",\"item\":\"leftovers\",\"pokeball\":\"pokeball\",\"ability\":\"seedsower\",\"commanding\":false,\"reviving\":false,\"teraType\":\"Poison\",\"terastallized\":\"\"},{\"ident\":\"p1: Vikavolt\",\"details\":\"Vikavolt, L83, F\",\"condition\":\"0 fnt\",\"active\":false,\"stats\":{\"atk\":121,\"def\":197,\"spa\":288,\"spd\":172,\"spe\":119},\"moves\":[\"discharge\",\"stickyweb\",\"bugbuzz\",\"energyball\"],\"baseAbility\":\"levitate\",\"item\":\"heavydutyboots\",\"pokeball\":\"pokeball\",\"ability\":\"levitate\",\"commanding\":false,\"reviving\":false,\"teraType\":\"Electric\",\"terastallized\":\"\"},{\"ident\":\"p1: Glaceon\",\"details\":\"Glaceon, L94, M\",\"condition\":\"275/275\",\"active\":false,\"stats\":{\"atk\":117,\"def\":260,\"spa\":298,\"spd\":232,\"spe\":176},\"moves\":[\"freezedry\",\"protect\",\"calmmind\",\"wish\"],\"baseAbility\":\"icebody\",\"item\":\"heavydutyboots\",\"pokeball\":\"pokeball\",\"ability\":\"icebody\",\"commanding\":false,\"reviving\":false,\"teraType\":\"Water\",\"terastallized\":\"\"},{\"ident\":\"p1: Spectrier\",\"details\":\"Spectrier, L75\",\"condition\":\"274/274\",\"active\":false,\"stats\":{\"atk\":102,\"def\":134,\"spa\":261,\"spd\":164,\"spe\":239},\"moves\":[\"shadowball\",\"nastyplot\",\"drainingkiss\",\"willowisp\"],\"baseAbility\":\"grimneigh\",\"item\":\"lifeorb\",\"pokeball\":\"pokeball\",\"ability\":\"grimneigh\",\"commanding\":false,\"reviving\":false,\"teraType\":\"Fairy\",\"terastallized\":\"\"}]},\"rqid\":34}\n|inactive|Time left: 300 sec this turn | 300 sec total\n|\n|t:|1783392268\n|move|p1a: Kingdra|Waterfall|p2a: Toxapex\n|-damage|p2a: Toxapex|62/100\n|move|p2a: Toxapex|Haze|p2a: Toxapex\n|-clearallboost\n|\n|-heal|p2a: Toxapex|68/100|[from] item: Leftovers\n|upkeep\n|turn|17\n|request|{\"active\":[{\"moves\":[{\"move\":\"Wave Crash\",\"id\":\"wavecrash\",\"pp\":16,\"maxpp\":16,\"target\":\"normal\",\"disabled\":false},{\"move\":\"Dragon Dance\",\"id\":\"dragondance\",\"pp\":25,\"maxpp\":32,\"target\":\"self\",\"disabled\":false},{\"move\":\"Outrage\",\"id\":\"outrage\",\"pp\":15,\"maxpp\":16,\"target\":\"randomNormal\",\"disabled\":false},{\"move\":\"Waterfall\",\"id\":\"waterfall\",\"pp\":19,\"maxpp\":24,\"target\":\"normal\",\"disabled\":false}],\"canTerastallize\":\"Water\"}],\"side\":{\"name\":\"p0x083be4e\",\"id\":\"p1\",\"pokemon\":[{\"ident\":\"p1: Kingdra\",\"details\":\"Kingdra, L84, F\",\"condition\":\"263/263\",\"active\":true,\"stats\":{\"atk\":208,\"def\":208,\"spa\":208,\"spd\":208,\"spe\":191},\"moves\":[\"wavecrash\",\"dragondance\",\"outrage\",\"waterfall\"],\"baseAbility\":\"sniper\",\"item\":\"\",\"pokeball\":\"pokeball\",\"ability\":\"sniper\",\"commanding\":false,\"reviving\":false,\"teraType\":\"Water\",\"terastallized\":\"\"},{\"ident\":\"p1: Oinkologne\",\"details\":\"Oinkologne-F, L92, F\",\"condition\":\"361/361\",\"active\":false,\"stats\":{\"atk\":218,\"def\":181,\"spa\":161,\"spd\":218,\"spe\":172},\"moves\":[\"lashout\",\"curse\",\"bodyslam\",\"highhorsepower\"],\"baseAbility\":\"thickfat\",\"item\":\"leftovers\",\"pokeball\":\"pokeball\",\"ability\":\"thickfat\",\"commanding\":false,\"reviving\":false,\"teraType\":\"Ground\",\"terastallized\":\"\"},{\"ident\":\"p1: Arboliva\",\"details\":\"Arboliva, L91, M\",\"condition\":\"290/290\",\"active\":false,\"stats\":{\"atk\":130,\"def\":216,\"spa\":279,\"spd\":250,\"spe\":123},\"moves\":[\"earthpower\",\"strengthsap\",\"energyball\",\"hypervoice\"],\"baseAbility\":\"seedsower\",\"item\":\"leftovers\",\"pokeball\":\"pokeball\",\"ability\":\"seedsower\",\"commanding\":false,\"reviving\":false,\"teraType\":\"Poison\",\"terastallized\":\"\"},{\"ident\":\"p1: Vikavolt\",\"details\":\"Vikavolt, L83, F\",\"condition\":\"0 fnt\",\"active\":false,\"stats\":{\"atk\":121,\"def\":197,\"spa\":288,\"spd\":172,\"spe\":119},\"moves\":[\"discharge\",\"stickyweb\",\"bugbuzz\",\"energyball\"],\"baseAbility\":\"levitate\",\"item\":\"heavydutyboots\",\"pokeball\":\"pokeball\",\"ability\":\"levitate\",\"commanding\":false,\"reviving\":false,\"teraType\":\"Electric\",\"terastallized\":\"\"},{\"ident\":\"p1: Glaceon\",\"details\":\"Glaceon, L94, M\",\"condition\":\"275/275\",\"active\":false,\"stats\":{\"atk\":117,\"def\":260,\"spa\":298,\"spd\":232,\"spe\":176},\"moves\":[\"freezedry\",\"protect\",\"calmmind\",\"wish\"],\"baseAbility\":\"icebody\",\"item\":\"heavydutyboots\",\"pokeball\":\"pokeball\",\"ability\":\"icebody\",\"commanding\":false,\"reviving\":false,\"teraType\":\"Water\",\"terastallized\":\"\"},{\"ident\":\"p1: Spectrier\",\"details\":\"Spectrier, L75\",\"condition\":\"274/274\",\"active\":false,\"stats\":{\"atk\":102,\"def\":134,\"spa\":261,\"spd\":164,\"spe\":239},\"moves\":[\"shadowball\",\"nastyplot\",\"drainingkiss\",\"willowisp\"],\"baseAbility\":\"grimneigh\",\"item\":\"lifeorb\",\"pokeball\":\"pokeball\",\"ability\":\"grimneigh\",\"commanding\":false,\"reviving\":false,\"teraType\":\"Fairy\",\"terastallized\":\"\"}]},\"rqid\":36}\n|inactive|Time left: 300 sec this turn | 300 sec total\n|\n|t:|1783392268\n|move|p1a: Kingdra|Dragon Dance|p1a: Kingdra\n|-boost|p1a: Kingdra|atk|1\n|-boost|p1a: Kingdra|spe|1\n|move|p2a: Toxapex|Recover|p2a: Toxapex\n|-heal|p2a: Toxapex|100/100\n|\n|upkeep\n|turn|18\n|request|{\"active\":[{\"moves\":[{\"move\":\"Wave Crash\",\"id\":\"wavecrash\",\"pp\":16,\"maxpp\":16,\"target\":\"normal\",\"disabled\":false},{\"move\":\"Dragon Dance\",\"id\":\"dragondance\",\"pp\":24,\"maxpp\":32,\"target\":\"self\",\"disabled\":false},{\"move\":\"Outrage\",\"id\":\"outrage\",\"pp\":15,\"maxpp\":16,\"target\":\"randomNormal\",\"disabled\":false},{\"move\":\"Waterfall\",\"id\":\"waterfall\",\"pp\":19,\"maxpp\":24,\"target\":\"normal\",\"disabled\":false}],\"canTerastallize\":\"Water\"}],\"side\":{\"name\":\"p0x083be4e\",\"id\":\"p1\",\"pokemon\":[{\"ident\":\"p1: Kingdra\",\"details\":\"Kingdra, L84, F\",\"condition\":\"263/263\",\"active\":true,\"stats\":{\"atk\":208,\"def\":208,\"spa\":208,\"spd\":208,\"spe\":191},\"moves\":[\"wavecrash\",\"dragondance\",\"outrage\",\"waterfall\"],\"baseAbility\":\"sniper\",\"item\":\"\",\"pokeball\":\"pokeball\",\"ability\":\"sniper\",\"commanding\":false,\"reviving\":false,\"teraType\":\"Water\",\"terastallized\":\"\"},{\"ident\":\"p1: Oinkologne\",\"details\":\"Oinkologne-F, L92, F\",\"condition\":\"361/361\",\"active\":false,\"stats\":{\"atk\":218,\"def\":181,\"spa\":161,\"spd\":218,\"spe\":172},\"moves\":[\"lashout\",\"curse\",\"bodyslam\",\"highhorsepower\"],\"baseAbility\":\"thickfat\",\"item\":\"leftovers\",\"pokeball\":\"pokeball\",\"ability\":\"thickfat\",\"commanding\":false,\"reviving\":false,\"teraType\":\"Ground\",\"terastallized\":\"\"},{\"ident\":\"p1: Arboliva\",\"details\":\"Arboliva, L91, M\",\"condition\":\"290/290\",\"active\":false,\"stats\":{\"atk\":130,\"def\":216,\"spa\":279,\"spd\":250,\"spe\":123},\"moves\":[\"earthpower\",\"strengthsap\",\"energyball\",\"hypervoice\"],\"baseAbility\":\"seedsower\",\"item\":\"leftovers\",\"pokeball\":\"pokeball\",\"ability\":\"seedsower\",\"commanding\":false,\"reviving\":false,\"teraType\":\"Poison\",\"terastallized\":\"\"},{\"ident\":\"p1: Vikavolt\",\"details\":\"Vikavolt, L83, F\",\"condition\":\"0 fnt\",\"active\":false,\"stats\":{\"atk\":121,\"def\":197,\"spa\":288,\"spd\":172,\"spe\":119},\"moves\":[\"discharge\",\"stickyweb\",\"bugbuzz\",\"energyball\"],\"baseAbility\":\"levitate\",\"item\":\"heavydutyboots\",\"pokeball\":\"pokeball\",\"ability\":\"levitate\",\"commanding\":false,\"reviving\":false,\"teraType\":\"Electric\",\"terastallized\":\"\"},{\"ident\":\"p1: Glaceon\",\"details\":\"Glaceon, L94, M\",\"condition\":\"275/275\",\"active\":false,\"stats\":{\"atk\":117,\"def\":260,\"spa\":298,\"spd\":232,\"spe\":176},\"moves\":[\"freezedry\",\"protect\",\"calmmind\",\"wish\"],\"baseAbility\":\"icebody\",\"item\":\"heavydutyboots\",\"pokeball\":\"pokeball\",\"ability\":\"icebody\",\"commanding\":false,\"reviving\":false,\"teraType\":\"Water\",\"terastallized\":\"\"},{\"ident\":\"p1: Spectrier\",\"details\":\"Spectrier, L75\",\"condition\":\"274/274\",\"active\":false,\"stats\":{\"atk\":102,\"def\":134,\"spa\":261,\"spd\":164,\"spe\":239},\"moves\":[\"shadowball\",\"nastyplot\",\"drainingkiss\",\"willowisp\"],\"baseAbility\":\"grimneigh\",\"item\":\"lifeorb\",\"pokeball\":\"pokeball\",\"ability\":\"grimneigh\",\"commanding\":false,\"reviving\":false,\"teraType\":\"Fairy\",\"terastallized\":\"\"}]},\"rqid\":38}\n|inactive|Time left: 300 sec this turn | 300 sec total\n|\n|t:|1783392268\n|move|p1a: Kingdra|Waterfall|p2a: Toxapex\n|-damage|p2a: Toxapex|64/100\n|move|p2a: Toxapex|Haze|p2a: Toxapex\n|-clearallboost\n|\n|-heal|p2a: Toxapex|70/100|[from] item: Leftovers\n|upkeep\n|turn|19\n|request|{\"active\":[{\"moves\":[{\"move\":\"Wave Crash\",\"id\":\"wavecrash\",\"pp\":16,\"maxpp\":16,\"target\":\"normal\",\"disabled\":false},{\"move\":\"Dragon Dance\",\"id\":\"dragondance\",\"pp\":24,\"maxpp\":32,\"target\":\"self\",\"disabled\":false},{\"move\":\"Outrage\",\"id\":\"outrage\",\"pp\":15,\"maxpp\":16,\"target\":\"randomNormal\",\"disabled\":false},{\"move\":\"Waterfall\",\"id\":\"waterfall\",\"pp\":18,\"maxpp\":24,\"target\":\"normal\",\"disabled\":false}],\"canTerastallize\":\"Water\"}],\"side\":{\"name\":\"p0x083be4e\",\"id\":\"p1\",\"pokemon\":[{\"ident\":\"p1: Kingdra\",\"details\":\"Kingdra, L84, F\",\"condition\":\"263/263\",\"active\":true,\"stats\":{\"atk\":208,\"def\":208,\"spa\":208,\"spd\":208,\"spe\":191},\"moves\":[\"wavecrash\",\"dragondance\",\"outrage\",\"waterfall\"],\"baseAbility\":\"sniper\",\"item\":\"\",\"pokeball\":\"pokeball\",\"ability\":\"sniper\",\"commanding\":false,\"reviving\":false,\"teraType\":\"Water\",\"terastallized\":\"\"},{\"ident\":\"p1: Oinkologne\",\"details\":\"Oinkologne-F, L92, F\",\"condition\":\"361/361\",\"active\":false,\"stats\":{\"atk\":218,\"def\":181,\"spa\":161,\"spd\":218,\"spe\":172},\"moves\":[\"lashout\",\"curse\",\"bodyslam\",\"highhorsepower\"],\"baseAbility\":\"thickfat\",\"item\":\"leftovers\",\"pokeball\":\"pokeball\",\"ability\":\"thickfat\",\"commanding\":false,\"reviving\":false,\"teraType\":\"Ground\",\"terastallized\":\"\"},{\"ident\":\"p1: Arboliva\",\"details\":\"Arboliva, L91, M\",\"condition\":\"290/290\",\"active\":false,\"stats\":{\"atk\":130,\"def\":216,\"spa\":279,\"spd\":250,\"spe\":123},\"moves\":[\"earthpower\",\"strengthsap\",\"energyball\",\"hypervoice\"],\"baseAbility\":\"seedsower\",\"item\":\"leftovers\",\"pokeball\":\"pokeball\",\"ability\":\"seedsower\",\"commanding\":false,\"reviving\":false,\"teraType\":\"Poison\",\"terastallized\":\"\"},{\"ident\":\"p1: Vikavolt\",\"details\":\"Vikavolt, L83, F\",\"condition\":\"0 fnt\",\"active\":false,\"stats\":{\"atk\":121,\"def\":197,\"spa\":288,\"spd\":172,\"spe\":119},\"moves\":[\"discharge\",\"stickyweb\",\"bugbuzz\",\"energyball\"],\"baseAbility\":\"levitate\",\"item\":\"heavydutyboots\",\"pokeball\":\"pokeball\",\"ability\":\"levitate\",\"commanding\":false,\"reviving\":false,\"teraType\":\"Electric\",\"terastallized\":\"\"},{\"ident\":\"p1: Glaceon\",\"details\":\"Glaceon, L94, M\",\"condition\":\"275/275\",\"active\":false,\"stats\":{\"atk\":117,\"def\":260,\"spa\":298,\"spd\":232,\"spe\":176},\"moves\":[\"freezedry\",\"protect\",\"calmmind\",\"wish\"],\"baseAbility\":\"icebody\",\"item\":\"heavydutyboots\",\"pokeball\":\"pokeball\",\"ability\":\"icebody\",\"commanding\":false,\"reviving\":false,\"teraType\":\"Water\",\"terastallized\":\"\"},{\"ident\":\"p1: Spectrier\",\"details\":\"Spectrier, L75\",\"condition\":\"274/274\",\"active\":false,\"stats\":{\"atk\":102,\"def\":134,\"spa\":261,\"spd\":164,\"spe\":239},\"moves\":[\"shadowball\",\"nastyplot\",\"drainingkiss\",\"willowisp\"],\"baseAbility\":\"grimneigh\",\"item\":\"lifeorb\",\"pokeball\":\"pokeball\",\"ability\":\"grimneigh\",\"commanding\":false,\"reviving\":false,\"teraType\":\"Fairy\",\"terastallized\":\"\"}]},\"rqid\":40}\n|inactive|Time left: 300 sec this turn | 300 sec total\n|\n|t:|1783392269\n|move|p1a: Kingdra|Dragon Dance|p1a: Kingdra\n|-boost|p1a: Kingdra|atk|1\n|-boost|p1a: Kingdra|spe|1\n|move|p2a: Toxapex|Haze|p2a: Toxapex\n|-clearallboost\n|\n|-heal|p2a: Toxapex|76/100|[from] item: Leftovers\n|upkeep\n|turn|20\n|request|{\"active\":[{\"moves\":[{\"move\":\"Wave Crash\",\"id\":\"wavecrash\",\"pp\":16,\"maxpp\":16,\"target\":\"normal\",\"disabled\":false},{\"move\":\"Dragon Dance\",\"id\":\"dragondance\",\"pp\":23,\"maxpp\":32,\"target\":\"self\",\"disabled\":false},{\"move\":\"Outrage\",\"id\":\"outrage\",\"pp\":15,\"maxpp\":16,\"target\":\"randomNormal\",\"disabled\":false},{\"move\":\"Waterfall\",\"id\":\"waterfall\",\"pp\":18,\"maxpp\":24,\"target\":\"normal\",\"disabled\":false}],\"canTerastallize\":\"Water\"}],\"side\":{\"name\":\"p0x083be4e\",\"id\":\"p1\",\"pokemon\":[{\"ident\":\"p1: Kingdra\",\"details\":\"Kingdra, L84, F\",\"condition\":\"263/263\",\"active\":true,\"stats\":{\"atk\":208,\"def\":208,\"spa\":208,\"spd\":208,\"spe\":191},\"moves\":[\"wavecrash\",\"dragondance\",\"outrage\",\"waterfall\"],\"baseAbility\":\"sniper\",\"item\":\"\",\"pokeball\":\"pokeball\",\"ability\":\"sniper\",\"commanding\":false,\"reviving\":false,\"teraType\":\"Water\",\"terastallized\":\"\"},{\"ident\":\"p1: Oinkologne\",\"details\":\"Oinkologne-F, L92, F\",\"condition\":\"361/361\",\"active\":false,\"stats\":{\"atk\":218,\"def\":181,\"spa\":161,\"spd\":218,\"spe\":172},\"moves\":[\"lashout\",\"curse\",\"bodyslam\",\"highhorsepower\"],\"baseAbility\":\"thickfat\",\"item\":\"leftovers\",\"pokeball\":\"pokeball\",\"ability\":\"thickfat\",\"commanding\":false,\"reviving\":false,\"teraType\":\"Ground\",\"terastallized\":\"\"},{\"ident\":\"p1: Arboliva\",\"details\":\"Arboliva, L91, M\",\"condition\":\"290/290\",\"active\":false,\"stats\":{\"atk\":130,\"def\":216,\"spa\":279,\"spd\":250,\"spe\":123},\"moves\":[\"earthpower\",\"strengthsap\",\"energyball\",\"hypervoice\"],\"baseAbility\":\"seedsower\",\"item\":\"leftovers\",\"pokeball\":\"pokeball\",\"ability\":\"seedsower\",\"commanding\":false,\"reviving\":false,\"teraType\":\"Poison\",\"terastallized\":\"\"},{\"ident\":\"p1: Vikavolt\",\"details\":\"Vikavolt, L83, F\",\"condition\":\"0 fnt\",\"active\":false,\"stats\":{\"atk\":121,\"def\":197,\"spa\":288,\"spd\":172,\"spe\":119},\"moves\":[\"discharge\",\"stickyweb\",\"bugbuzz\",\"energyball\"],\"baseAbility\":\"levitate\",\"item\":\"heavydutyboots\",\"pokeball\":\"pokeball\",\"ability\":\"levitate\",\"commanding\":false,\"reviving\":false,\"teraType\":\"Electric\",\"terastallized\":\"\"},{\"ident\":\"p1: Glaceon\",\"details\":\"Glaceon, L94, M\",\"condition\":\"275/275\",\"active\":false,\"stats\":{\"atk\":117,\"def\":260,\"spa\":298,\"spd\":232,\"spe\":176},\"moves\":[\"freezedry\",\"protect\",\"calmmind\",\"wish\"],\"baseAbility\":\"icebody\",\"item\":\"heavydutyboots\",\"pokeball\":\"pokeball\",\"ability\":\"icebody\",\"commanding\":false,\"reviving\":false,\"teraType\":\"Water\",\"terastallized\":\"\"},{\"ident\":\"p1: Spectrier\",\"details\":\"Spectrier, L75\",\"condition\":\"274/274\",\"active\":false,\"stats\":{\"atk\":102,\"def\":134,\"spa\":261,\"spd\":164,\"spe\":239},\"moves\":[\"shadowball\",\"nastyplot\",\"drainingkiss\",\"willowisp\"],\"baseAbility\":\"grimneigh\",\"item\":\"lifeorb\",\"pokeball\":\"pokeball\",\"ability\":\"grimneigh\",\"commanding\":false,\"reviving\":false,\"teraType\":\"Fairy\",\"terastallized\":\"\"}]},\"rqid\":42}\n|inactive|Time left: 300 sec this turn | 300 sec total\n|\n|t:|1783392269\n|move|p1a: Kingdra|Dragon Dance|p1a: Kingdra\n|-boost|p1a: Kingdra|atk|1\n|-boost|p1a: Kingdra|spe|1\n|move|p2a: Toxapex|Haze|p2a: Toxapex\n|-clearallboost\n|\n|-heal|p2a: Toxapex|82/100|[from] item: Leftovers\n|upkeep\n|turn|21\n|request|{\"active\":[{\"moves\":[{\"move\":\"Wave Crash\",\"id\":\"wavecrash\",\"pp\":16,\"maxpp\":16,\"target\":\"normal\",\"disabled\":false},{\"move\":\"Dragon Dance\",\"id\":\"dragondance\",\"pp\":22,\"maxpp\":32,\"target\":\"self\",\"disabled\":false},{\"move\":\"Outrage\",\"id\":\"outrage\",\"pp\":15,\"maxpp\":16,\"target\":\"randomNormal\",\"disabled\":false},{\"move\":\"Waterfall\",\"id\":\"waterfall\",\"pp\":18,\"maxpp\":24,\"target\":\"normal\",\"disabled\":false}],\"canTerastallize\":\"Water\"}],\"side\":{\"name\":\"p0x083be4e\",\"id\":\"p1\",\"pokemon\":[{\"ident\":\"p1: Kingdra\",\"details\":\"Kingdra, L84, F\",\"condition\":\"263/263\",\"active\":true,\"stats\":{\"atk\":208,\"def\":208,\"spa\":208,\"spd\":208,\"spe\":191},\"moves\":[\"wavecrash\",\"dragondance\",\"outrage\",\"waterfall\"],\"baseAbility\":\"sniper\",\"item\":\"\",\"pokeball\":\"pokeball\",\"ability\":\"sniper\",\"commanding\":false,\"reviving\":false,\"teraType\":\"Water\",\"terastallized\":\"\"},{\"ident\":\"p1: Oinkologne\",\"details\":\"Oinkologne-F, L92, F\",\"condition\":\"361/361\",\"active\":false,\"stats\":{\"atk\":218,\"def\":181,\"spa\":161,\"spd\":218,\"spe\":172},\"moves\":[\"lashout\",\"curse\",\"bodyslam\",\"highhorsepower\"],\"baseAbility\":\"thickfat\",\"item\":\"leftovers\",\"pokeball\":\"pokeball\",\"ability\":\"thickfat\",\"commanding\":false,\"reviving\":false,\"teraType\":\"Ground\",\"terastallized\":\"\"},{\"ident\":\"p1: Arboliva\",\"details\":\"Arboliva, L91, M\",\"condition\":\"290/290\",\"active\":false,\"stats\":{\"atk\":130,\"def\":216,\"spa\":279,\"spd\":250,\"spe\":123},\"moves\":[\"earthpower\",\"strengthsap\",\"energyball\",\"hypervoice\"],\"baseAbility\":\"seedsower\",\"item\":\"leftovers\",\"pokeball\":\"pokeball\",\"ability\":\"seedsower\",\"commanding\":false,\"reviving\":false,\"teraType\":\"Poison\",\"terastallized\":\"\"},{\"ident\":\"p1: Vikavolt\",\"details\":\"Vikavolt, L83, F\",\"condition\":\"0 fnt\",\"active\":false,\"stats\":{\"atk\":121,\"def\":197,\"spa\":288,\"spd\":172,\"spe\":119},\"moves\":[\"discharge\",\"stickyweb\",\"bugbuzz\",\"energyball\"],\"baseAbility\":\"levitate\",\"item\":\"heavydutyboots\",\"pokeball\":\"pokeball\",\"ability\":\"levitate\",\"commanding\":false,\"reviving\":false,\"teraType\":\"Electric\",\"terastallized\":\"\"},{\"ident\":\"p1: Glaceon\",\"details\":\"Glaceon, L94, M\",\"condition\":\"275/275\",\"active\":false,\"stats\":{\"atk\":117,\"def\":260,\"spa\":298,\"spd\":232,\"spe\":176},\"moves\":[\"freezedry\",\"protect\",\"calmmind\",\"wish\"],\"baseAbility\":\"icebody\",\"item\":\"heavydutyboots\",\"pokeball\":\"pokeball\",\"ability\":\"icebody\",\"commanding\":false,\"reviving\":false,\"teraType\":\"Water\",\"terastallized\":\"\"},{\"ident\":\"p1: Spectrier\",\"details\":\"Spectrier, L75\",\"condition\":\"274/274\",\"active\":false,\"stats\":{\"atk\":102,\"def\":134,\"spa\":261,\"spd\":164,\"spe\":239},\"moves\":[\"shadowball\",\"nastyplot\",\"drainingkiss\",\"willowisp\"],\"baseAbility\":\"grimneigh\",\"item\":\"lifeorb\",\"pokeball\":\"pokeball\",\"ability\":\"grimneigh\",\"commanding\":false,\"reviving\":false,\"teraType\":\"Fairy\",\"terastallized\":\"\"}]},\"rqid\":44}\n|inactive|Time left: 300 sec this turn | 300 sec total\n|\n|t:|1783392269\n|move|p1a: Kingdra|Dragon Dance|p1a: Kingdra\n|-boost|p1a: Kingdra|atk|1\n|-boost|p1a: Kingdra|spe|1\n|move|p2a: Toxapex|Haze|p2a: Toxapex\n|-clearallboost\n|\n|-heal|p2a: Toxapex|88/100|[from] item: Leftovers\n|upkeep\n|turn|22\n|request|{\"active\":[{\"moves\":[{\"move\":\"Wave Crash\",\"id\":\"wavecrash\",\"pp\":16,\"maxpp\":16,\"target\":\"normal\",\"disabled\":false},{\"move\":\"Dragon Dance\",\"id\":\"dragondance\",\"pp\":21,\"maxpp\":32,\"target\":\"self\",\"disabled\":false},{\"move\":\"Outrage\",\"id\":\"outrage\",\"pp\":15,\"maxpp\":16,\"target\":\"randomNormal\",\"disabled\":false},{\"move\":\"Waterfall\",\"id\":\"waterfall\",\"pp\":18,\"maxpp\":24,\"target\":\"normal\",\"disabled\":false}],\"canTerastallize\":\"Water\"}],\"side\":{\"name\":\"p0x083be4e\",\"id\":\"p1\",\"pokemon\":[{\"ident\":\"p1: Kingdra\",\"details\":\"Kingdra, L84, F\",\"condition\":\"263/263\",\"active\":true,\"stats\":{\"atk\":208,\"def\":208,\"spa\":208,\"spd\":208,\"spe\":191},\"moves\":[\"wavecrash\",\"dragondance\",\"outrage\",\"waterfall\"],\"baseAbility\":\"sniper\",\"item\":\"\",\"pokeball\":\"pokeball\",\"ability\":\"sniper\",\"commanding\":false,\"reviving\":false,\"teraType\":\"Water\",\"terastallized\":\"\"},{\"ident\":\"p1: Oinkologne\",\"details\":\"Oinkologne-F, L92, F\",\"condition\":\"361/361\",\"active\":false,\"stats\":{\"atk\":218,\"def\":181,\"spa\":161,\"spd\":218,\"spe\":172},\"moves\":[\"lashout\",\"curse\",\"bodyslam\",\"highhorsepower\"],\"baseAbility\":\"thickfat\",\"item\":\"leftovers\",\"pokeball\":\"pokeball\",\"ability\":\"thickfat\",\"commanding\":false,\"reviving\":false,\"teraType\":\"Ground\",\"terastallized\":\"\"},{\"ident\":\"p1: Arboliva\",\"details\":\"Arboliva, L91, M\",\"condition\":\"290/290\",\"active\":false,\"stats\":{\"atk\":130,\"def\":216,\"spa\":279,\"spd\":250,\"spe\":123},\"moves\":[\"earthpower\",\"strengthsap\",\"energyball\",\"hypervoice\"],\"baseAbility\":\"seedsower\",\"item\":\"leftovers\",\"pokeball\":\"pokeball\",\"ability\":\"seedsower\",\"commanding\":false,\"reviving\":false,\"teraType\":\"Poison\",\"terastallized\":\"\"},{\"ident\":\"p1: Vikavolt\",\"details\":\"Vikavolt, L83, F\",\"condition\":\"0 fnt\",\"active\":false,\"stats\":{\"atk\":121,\"def\":197,\"spa\":288,\"spd\":172,\"spe\":119},\"moves\":[\"discharge\",\"stickyweb\",\"bugbuzz\",\"energyball\"],\"baseAbility\":\"levitate\",\"item\":\"heavydutyboots\",\"pokeball\":\"pokeball\",\"ability\":\"levitate\",\"commanding\":false,\"reviving\":false,\"teraType\":\"Electric\",\"terastallized\":\"\"},{\"ident\":\"p1: Glaceon\",\"details\":\"Glaceon, L94, M\",\"condition\":\"275/275\",\"active\":false,\"stats\":{\"atk\":117,\"def\":260,\"spa\":298,\"spd\":232,\"spe\":176},\"moves\":[\"freezedry\",\"protect\",\"calmmind\",\"wish\"],\"baseAbility\":\"icebody\",\"item\":\"heavydutyboots\",\"pokeball\":\"pokeball\",\"ability\":\"icebody\",\"commanding\":false,\"reviving\":false,\"teraType\":\"Water\",\"terastallized\":\"\"},{\"ident\":\"p1: Spectrier\",\"details\":\"Spectrier, L75\",\"condition\":\"274/274\",\"active\":false,\"stats\":{\"atk\":102,\"def\":134,\"spa\":261,\"spd\":164,\"spe\":239},\"moves\":[\"shadowball\",\"nastyplot\",\"drainingkiss\",\"willowisp\"],\"baseAbility\":\"grimneigh\",\"item\":\"lifeorb\",\"pokeball\":\"pokeball\",\"ability\":\"grimneigh\",\"commanding\":false,\"reviving\":false,\"teraType\":\"Fairy\",\"terastallized\":\"\"}]},\"rqid\":46}\n|inactive|Time left: 300 sec this turn | 300 sec total\n|\n|t:|1783392269\n|move|p1a: Kingdra|Dragon Dance|p1a: Kingdra\n|-boost|p1a: Kingdra|atk|1\n|-boost|p1a: Kingdra|spe|1\n|move|p2a: Toxapex|Haze|p2a: Toxapex\n|-clearallboost\n|\n|-heal|p2a: Toxapex|94/100|[from] item: Leftovers\n|upkeep\n|turn|23\n|request|{\"active\":[{\"moves\":[{\"move\":\"Wave Crash\",\"id\":\"wavecrash\",\"pp\":16,\"maxpp\":16,\"target\":\"normal\",\"disabled\":false},{\"move\":\"Dragon Dance\",\"id\":\"dragondance\",\"pp\":20,\"maxpp\":32,\"target\":\"self\",\"disabled\":false},{\"move\":\"Outrage\",\"id\":\"outrage\",\"pp\":15,\"maxpp\":16,\"target\":\"randomNormal\",\"disabled\":false},{\"move\":\"Waterfall\",\"id\":\"waterfall\",\"pp\":18,\"maxpp\":24,\"target\":\"normal\",\"disabled\":false}],\"canTerastallize\":\"Water\"}],\"side\":{\"name\":\"p0x083be4e\",\"id\":\"p1\",\"pokemon\":[{\"ident\":\"p1: Kingdra\",\"details\":\"Kingdra, L84, F\",\"condition\":\"263/263\",\"active\":true,\"stats\":{\"atk\":208,\"def\":208,\"spa\":208,\"spd\":208,\"spe\":191},\"moves\":[\"wavecrash\",\"dragondance\",\"outrage\",\"waterfall\"],\"baseAbility\":\"sniper\",\"item\":\"\",\"pokeball\":\"pokeball\",\"ability\":\"sniper\",\"commanding\":false,\"reviving\":false,\"teraType\":\"Water\",\"terastallized\":\"\"},{\"ident\":\"p1: Oinkologne\",\"details\":\"Oinkologne-F, L92, F\",\"condition\":\"361/361\",\"active\":false,\"stats\":{\"atk\":218,\"def\":181,\"spa\":161,\"spd\":218,\"spe\":172},\"moves\":[\"lashout\",\"curse\",\"bodyslam\",\"highhorsepower\"],\"baseAbility\":\"thickfat\",\"item\":\"leftovers\",\"pokeball\":\"pokeball\",\"ability\":\"thickfat\",\"commanding\":false,\"reviving\":false,\"teraType\":\"Ground\",\"terastallized\":\"\"},{\"ident\":\"p1: Arboliva\",\"details\":\"Arboliva, L91, M\",\"condition\":\"290/290\",\"active\":false,\"stats\":{\"atk\":130,\"def\":216,\"spa\":279,\"spd\":250,\"spe\":123},\"moves\":[\"earthpower\",\"strengthsap\",\"energyball\",\"hypervoice\"],\"baseAbility\":\"seedsower\",\"item\":\"leftovers\",\"pokeball\":\"pokeball\",\"ability\":\"seedsower\",\"commanding\":false,\"reviving\":false,\"teraType\":\"Poison\",\"terastallized\":\"\"},{\"ident\":\"p1: Vikavolt\",\"details\":\"Vikavolt, L83, F\",\"condition\":\"0 fnt\",\"active\":false,\"stats\":{\"atk\":121,\"def\":197,\"spa\":288,\"spd\":172,\"spe\":119},\"moves\":[\"discharge\",\"stickyweb\",\"bugbuzz\",\"energyball\"],\"baseAbility\":\"levitate\",\"item\":\"heavydutyboots\",\"pokeball\":\"pokeball\",\"ability\":\"levitate\",\"commanding\":false,\"reviving\":false,\"teraType\":\"Electric\",\"terastallized\":\"\"},{\"ident\":\"p1: Glaceon\",\"details\":\"Glaceon, L94, M\",\"condition\":\"275/275\",\"active\":false,\"stats\":{\"atk\":117,\"def\":260,\"spa\":298,\"spd\":232,\"spe\":176},\"moves\":[\"freezedry\",\"protect\",\"calmmind\",\"wish\"],\"baseAbility\":\"icebody\",\"item\":\"heavydutyboots\",\"pokeball\":\"pokeball\",\"ability\":\"icebody\",\"commanding\":false,\"reviving\":false,\"teraType\":\"Water\",\"terastallized\":\"\"},{\"ident\":\"p1: Spectrier\",\"details\":\"Spectrier, L75\",\"condition\":\"274/274\",\"active\":false,\"stats\":{\"atk\":102,\"def\":134,\"spa\":261,\"spd\":164,\"spe\":239},\"moves\":[\"shadowball\",\"nastyplot\",\"drainingkiss\",\"willowisp\"],\"baseAbility\":\"grimneigh\",\"item\":\"lifeorb\",\"pokeball\":\"pokeball\",\"ability\":\"grimneigh\",\"commanding\":false,\"reviving\":false,\"teraType\":\"Fairy\",\"terastallized\":\"\"}]},\"rqid\":48}\n|inactive|Time left: 300 sec this turn | 300 sec total\n|\n|t:|1783392270\n|move|p1a: Kingdra|Dragon Dance|p1a: Kingdra\n|-boost|p1a: Kingdra|atk|1\n|-boost|p1a: Kingdra|spe|1\n|move|p2a: Toxapex|Haze|p2a: Toxapex\n|-clearallboost\n|\n|-heal|p2a: Toxapex|99/100|[from] item: Leftovers\n|upkeep\n|turn|24\n|request|{\"active\":[{\"moves\":[{\"move\":\"Wave Crash\",\"id\":\"wavecrash\",\"pp\":16,\"maxpp\":16,\"target\":\"normal\",\"disabled\":false},{\"move\":\"Dragon Dance\",\"id\":\"dragondance\",\"pp\":19,\"maxpp\":32,\"target\":\"self\",\"disabled\":false},{\"move\":\"Outrage\",\"id\":\"outrage\",\"pp\":15,\"maxpp\":16,\"target\":\"randomNormal\",\"disabled\":false},{\"move\":\"Waterfall\",\"id\":\"waterfall\",\"pp\":18,\"maxpp\":24,\"target\":\"normal\",\"disabled\":false}],\"canTerastallize\":\"Water\"}],\"side\":{\"name\":\"p0x083be4e\",\"id\":\"p1\",\"pokemon\":[{\"ident\":\"p1: Kingdra\",\"details\":\"Kingdra, L84, F\",\"condition\":\"263/263\",\"active\":true,\"stats\":{\"atk\":208,\"def\":208,\"spa\":208,\"spd\":208,\"spe\":191},\"moves\":[\"wavecrash\",\"dragondance\",\"outrage\",\"waterfall\"],\"baseAbility\":\"sniper\",\"item\":\"\",\"pokeball\":\"pokeball\",\"ability\":\"sniper\",\"commanding\":false,\"reviving\":false,\"teraType\":\"Water\",\"terastallized\":\"\"},{\"ident\":\"p1: Oinkologne\",\"details\":\"Oinkologne-F, L92, F\",\"condition\":\"361/361\",\"active\":false,\"stats\":{\"atk\":218,\"def\":181,\"spa\":161,\"spd\":218,\"spe\":172},\"moves\":[\"lashout\",\"curse\",\"bodyslam\",\"highhorsepower\"],\"baseAbility\":\"thickfat\",\"item\":\"leftovers\",\"pokeball\":\"pokeball\",\"ability\":\"thickfat\",\"commanding\":false,\"reviving\":false,\"teraType\":\"Ground\",\"terastallized\":\"\"},{\"ident\":\"p1: Arboliva\",\"details\":\"Arboliva, L91, M\",\"condition\":\"290/290\",\"active\":false,\"stats\":{\"atk\":130,\"def\":216,\"spa\":279,\"spd\":250,\"spe\":123},\"moves\":[\"earthpower\",\"strengthsap\",\"energyball\",\"hypervoice\"],\"baseAbility\":\"seedsower\",\"item\":\"leftovers\",\"pokeball\":\"pokeball\",\"ability\":\"seedsower\",\"commanding\":false,\"reviving\":false,\"teraType\":\"Poison\",\"terastallized\":\"\"},{\"ident\":\"p1: Vikavolt\",\"details\":\"Vikavolt, L83, F\",\"condition\":\"0 fnt\",\"active\":false,\"stats\":{\"atk\":121,\"def\":197,\"spa\":288,\"spd\":172,\"spe\":119},\"moves\":[\"discharge\",\"stickyweb\",\"bugbuzz\",\"energyball\"],\"baseAbility\":\"levitate\",\"item\":\"heavydutyboots\",\"pokeball\":\"pokeball\",\"ability\":\"levitate\",\"commanding\":false,\"reviving\":false,\"teraType\":\"Electric\",\"terastallized\":\"\"},{\"ident\":\"p1: Glaceon\",\"details\":\"Glaceon, L94, M\",\"condition\":\"275/275\",\"active\":false,\"stats\":{\"atk\":117,\"def\":260,\"spa\":298,\"spd\":232,\"spe\":176},\"moves\":[\"freezedry\",\"protect\",\"calmmind\",\"wish\"],\"baseAbility\":\"icebody\",\"item\":\"heavydutyboots\",\"pokeball\":\"pokeball\",\"ability\":\"icebody\",\"commanding\":false,\"reviving\":false,\"teraType\":\"Water\",\"terastallized\":\"\"},{\"ident\":\"p1: Spectrier\",\"details\":\"Spectrier, L75\",\"condition\":\"274/274\",\"active\":false,\"stats\":{\"atk\":102,\"def\":134,\"spa\":261,\"spd\":164,\"spe\":239},\"moves\":[\"shadowball\",\"nastyplot\",\"drainingkiss\",\"willowisp\"],\"baseAbility\":\"grimneigh\",\"item\":\"lifeorb\",\"pokeball\":\"pokeball\",\"ability\":\"grimneigh\",\"commanding\":false,\"reviving\":false,\"teraType\":\"Fairy\",\"terastallized\":\"\"}]},\"rqid\":50}\n|inactive|Time left: 300 sec this turn | 300 sec total\n|\n|t:|1783392270\n|move|p1a: Kingdra|Dragon Dance|p1a: Kingdra\n|-boost|p1a: Kingdra|atk|1\n|-boost|p1a: Kingdra|spe|1\n|move|p2a: Toxapex|Haze|p2a: Toxapex\n|-clearallboost\n|\n|-heal|p2a: Toxapex|100/100|[from] item: Leftovers\n|upkeep\n|turn|25\n|request|{\"active\":[{\"moves\":[{\"move\":\"Wave Crash\",\"id\":\"wavecrash\",\"pp\":16,\"maxpp\":16,\"target\":\"normal\",\"disabled\":false},{\"move\":\"Dragon Dance\",\"id\":\"dragondance\",\"pp\":18,\"maxpp\":32,\"target\":\"self\",\"disabled\":false},{\"move\":\"Outrage\",\"id\":\"outrage\",\"pp\":15,\"maxpp\":16,\"target\":\"randomNormal\",\"disabled\":false},{\"move\":\"Waterfall\",\"id\":\"waterfall\",\"pp\":18,\"maxpp\":24,\"target\":\"normal\",\"disabled\":false}],\"canTerastallize\":\"Water\"}],\"side\":{\"name\":\"p0x083be4e\",\"id\":\"p1\",\"pokemon\":[{\"ident\":\"p1: Kingdra\",\"details\":\"Kingdra, L84, F\",\"condition\":\"263/263\",\"active\":true,\"stats\":{\"atk\":208,\"def\":208,\"spa\":208,\"spd\":208,\"spe\":191},\"moves\":[\"wavecrash\",\"dragondance\",\"outrage\",\"waterfall\"],\"baseAbility\":\"sniper\",\"item\":\"\",\"pokeball\":\"pokeball\",\"ability\":\"sniper\",\"commanding\":false,\"reviving\":false,\"teraType\":\"Water\",\"terastallized\":\"\"},{\"ident\":\"p1: Oinkologne\",\"details\":\"Oinkologne-F, L92, F\",\"condition\":\"361/361\",\"active\":false,\"stats\":{\"atk\":218,\"def\":181,\"spa\":161,\"spd\":218,\"spe\":172},\"moves\":[\"lashout\",\"curse\",\"bodyslam\",\"highhorsepower\"],\"baseAbility\":\"thickfat\",\"item\":\"leftovers\",\"pokeball\":\"pokeball\",\"ability\":\"thickfat\",\"commanding\":false,\"reviving\":false,\"teraType\":\"Ground\",\"terastallized\":\"\"},{\"ident\":\"p1: Arboliva\",\"details\":\"Arboliva, L91, M\",\"condition\":\"290/290\",\"active\":false,\"stats\":{\"atk\":130,\"def\":216,\"spa\":279,\"spd\":250,\"spe\":123},\"moves\":[\"earthpower\",\"strengthsap\",\"energyball\",\"hypervoice\"],\"baseAbility\":\"seedsower\",\"item\":\"leftovers\",\"pokeball\":\"pokeball\",\"ability\":\"seedsower\",\"commanding\":false,\"reviving\":false,\"teraType\":\"Poison\",\"terastallized\":\"\"},{\"ident\":\"p1: Vikavolt\",\"details\":\"Vikavolt, L83, F\",\"condition\":\"0 fnt\",\"active\":false,\"stats\":{\"atk\":121,\"def\":197,\"spa\":288,\"spd\":172,\"spe\":119},\"moves\":[\"discharge\",\"stickyweb\",\"bugbuzz\",\"energyball\"],\"baseAbility\":\"levitate\",\"item\":\"heavydutyboots\",\"pokeball\":\"pokeball\",\"ability\":\"levitate\",\"commanding\":false,\"reviving\":false,\"teraType\":\"Electric\",\"terastallized\":\"\"},{\"ident\":\"p1: Glaceon\",\"details\":\"Glaceon, L94, M\",\"condition\":\"275/275\",\"active\":false,\"stats\":{\"atk\":117,\"def\":260,\"spa\":298,\"spd\":232,\"spe\":176},\"moves\":[\"freezedry\",\"protect\",\"calmmind\",\"wish\"],\"baseAbility\":\"icebody\",\"item\":\"heavydutyboots\",\"pokeball\":\"pokeball\",\"ability\":\"icebody\",\"commanding\":false,\"reviving\":false,\"teraType\":\"Water\",\"terastallized\":\"\"},{\"ident\":\"p1: Spectrier\",\"details\":\"Spectrier, L75\",\"condition\":\"274/274\",\"active\":false,\"stats\":{\"atk\":102,\"def\":134,\"spa\":261,\"spd\":164,\"spe\":239},\"moves\":[\"shadowball\",\"nastyplot\",\"drainingkiss\",\"willowisp\"],\"baseAbility\":\"grimneigh\",\"item\":\"lifeorb\",\"pokeball\":\"pokeball\",\"ability\":\"grimneigh\",\"commanding\":false,\"reviving\":false,\"teraType\":\"Fairy\",\"terastallized\":\"\"}]},\"rqid\":52}\n|inactive|Time left: 300 sec this turn | 300 sec total\n|\n|t:|1783392270\n|move|p1a: Kingdra|Dragon Dance|p1a: Kingdra\n|-boost|p1a: Kingdra|atk|1\n|-boost|p1a: Kingdra|spe|1\n|move|p2a: Toxapex|Haze|p2a: Toxapex\n|-clearallboost\n|\n|upkeep\n|turn|26\n|request|{\"active\":[{\"moves\":[{\"move\":\"Wave Crash\",\"id\":\"wavecrash\",\"pp\":16,\"maxpp\":16,\"target\":\"normal\",\"disabled\":false},{\"move\":\"Dragon Dance\",\"id\":\"dragondance\",\"pp\":17,\"maxpp\":32,\"target\":\"self\",\"disabled\":false},{\"move\":\"Outrage\",\"id\":\"outrage\",\"pp\":15,\"maxpp\":16,\"target\":\"randomNormal\",\"disabled\":false},{\"move\":\"Waterfall\",\"id\":\"waterfall\",\"pp\":18,\"maxpp\":24,\"target\":\"normal\",\"disabled\":false}],\"canTerastallize\":\"Water\"}],\"side\":{\"name\":\"p0x083be4e\",\"id\":\"p1\",\"pokemon\":[{\"ident\":\"p1: Kingdra\",\"details\":\"Kingdra, L84, F\",\"condition\":\"263/263\",\"active\":true,\"stats\":{\"atk\":208,\"def\":208,\"spa\":208,\"spd\":208,\"spe\":191},\"moves\":[\"wavecrash\",\"dragondance\",\"outrage\",\"waterfall\"],\"baseAbility\":\"sniper\",\"item\":\"\",\"pokeball\":\"pokeball\",\"ability\":\"sniper\",\"commanding\":false,\"reviving\":false,\"teraType\":\"Water\",\"terastallized\":\"\"},{\"ident\":\"p1: Oinkologne\",\"details\":\"Oinkologne-F, L92, F\",\"condition\":\"361/361\",\"active\":false,\"stats\":{\"atk\":218,\"def\":181,\"spa\":161,\"spd\":218,\"spe\":172},\"moves\":[\"lashout\",\"curse\",\"bodyslam\",\"highhorsepower\"],\"baseAbility\":\"thickfat\",\"item\":\"leftovers\",\"pokeball\":\"pokeball\",\"ability\":\"thickfat\",\"commanding\":false,\"reviving\":false,\"teraType\":\"Ground\",\"terastallized\":\"\"},{\"ident\":\"p1: Arboliva\",\"details\":\"Arboliva, L91, M\",\"condition\":\"290/290\",\"active\":false,\"stats\":{\"atk\":130,\"def\":216,\"spa\":279,\"spd\":250,\"spe\":123},\"moves\":[\"earthpower\",\"strengthsap\",\"energyball\",\"hypervoice\"],\"baseAbility\":\"seedsower\",\"item\":\"leftovers\",\"pokeball\":\"pokeball\",\"ability\":\"seedsower\",\"commanding\":false,\"reviving\":false,\"teraType\":\"Poison\",\"terastallized\":\"\"},{\"ident\":\"p1: Vikavolt\",\"details\":\"Vikavolt, L83, F\",\"condition\":\"0 fnt\",\"active\":false,\"stats\":{\"atk\":121,\"def\":197,\"spa\":288,\"spd\":172,\"spe\":119},\"moves\":[\"discharge\",\"stickyweb\",\"bugbuzz\",\"energyball\"],\"baseAbility\":\"levitate\",\"item\":\"heavydutyboots\",\"pokeball\":\"pokeball\",\"ability\":\"levitate\",\"commanding\":false,\"reviving\":false,\"teraType\":\"Electric\",\"terastallized\":\"\"},{\"ident\":\"p1: Glaceon\",\"details\":\"Glaceon, L94, M\",\"condition\":\"275/275\",\"active\":false,\"stats\":{\"atk\":117,\"def\":260,\"spa\":298,\"spd\":232,\"spe\":176},\"moves\":[\"freezedry\",\"protect\",\"calmmind\",\"wish\"],\"baseAbility\":\"icebody\",\"item\":\"heavydutyboots\",\"pokeball\":\"pokeball\",\"ability\":\"icebody\",\"commanding\":false,\"reviving\":false,\"teraType\":\"Water\",\"terastallized\":\"\"},{\"ident\":\"p1: Spectrier\",\"details\":\"Spectrier, L75\",\"condition\":\"274/274\",\"active\":false,\"stats\":{\"atk\":102,\"def\":134,\"spa\":261,\"spd\":164,\"spe\":239},\"moves\":[\"shadowball\",\"nastyplot\",\"drainingkiss\",\"willowisp\"],\"baseAbility\":\"grimneigh\",\"item\":\"lifeorb\",\"pokeball\":\"pokeball\",\"ability\":\"grimneigh\",\"commanding\":false,\"reviving\":false,\"teraType\":\"Fairy\",\"terastallized\":\"\"}]},\"rqid\":54}\n|inactive|Time left: 300 sec this turn | 300 sec total\n|\n|t:|1783392270\n|move|p1a: Kingdra|Dragon Dance|p1a: Kingdra\n|-boost|p1a: Kingdra|atk|1\n|-boost|p1a: Kingdra|spe|1\n|move|p2a: Toxapex|Haze|p2a: Toxapex\n|-clearallboost\n|\n|upkeep\n|turn|27\n|request|{\"active\":[{\"moves\":[{\"move\":\"Wave Crash\",\"id\":\"wavecrash\",\"pp\":16,\"maxpp\":16,\"target\":\"normal\",\"disabled\":false},{\"move\":\"Dragon Dance\",\"id\":\"dragondance\",\"pp\":16,\"maxpp\":32,\"target\":\"self\",\"disabled\":false},{\"move\":\"Outrage\",\"id\":\"outrage\",\"pp\":15,\"maxpp\":16,\"target\":\"randomNormal\",\"disabled\":false},{\"move\":\"Waterfall\",\"id\":\"waterfall\",\"pp\":18,\"maxpp\":24,\"target\":\"normal\",\"disabled\":false}],\"canTerastallize\":\"Water\"}],\"side\":{\"name\":\"p0x083be4e\",\"id\":\"p1\",\"pokemon\":[{\"ident\":\"p1: Kingdra\",\"details\":\"Kingdra, L84, F\",\"condition\":\"263/263\",\"active\":true,\"stats\":{\"atk\":208,\"def\":208,\"spa\":208,\"spd\":208,\"spe\":191},\"moves\":[\"wavecrash\",\"dragondance\",\"outrage\",\"waterfall\"],\"baseAbility\":\"sniper\",\"item\":\"\",\"pokeball\":\"pokeball\",\"ability\":\"sniper\",\"commanding\":false,\"reviving\":false,\"teraType\":\"Water\",\"terastallized\":\"\"},{\"ident\":\"p1: Oinkologne\",\"details\":\"Oinkologne-F, L92, F\",\"condition\":\"361/361\",\"active\":false,\"stats\":{\"atk\":218,\"def\":181,\"spa\":161,\"spd\":218,\"spe\":172},\"moves\":[\"lashout\",\"curse\",\"bodyslam\",\"highhorsepower\"],\"baseAbility\":\"thickfat\",\"item\":\"leftovers\",\"pokeball\":\"pokeball\",\"ability\":\"thickfat\",\"commanding\":false,\"reviving\":false,\"teraType\":\"Ground\",\"terastallized\":\"\"},{\"ident\":\"p1: Arboliva\",\"details\":\"Arboliva, L91, M\",\"condition\":\"290/290\",\"active\":false,\"stats\":{\"atk\":130,\"def\":216,\"spa\":279,\"spd\":250,\"spe\":123},\"moves\":[\"earthpower\",\"strengthsap\",\"energyball\",\"hypervoice\"],\"baseAbility\":\"seedsower\",\"item\":\"leftovers\",\"pokeball\":\"pokeball\",\"ability\":\"seedsower\",\"commanding\":false,\"reviving\":false,\"teraType\":\"Poison\",\"terastallized\":\"\"},{\"ident\":\"p1: Vikavolt\",\"details\":\"Vikavolt, L83, F\",\"condition\":\"0 fnt\",\"active\":false,\"stats\":{\"atk\":121,\"def\":197,\"spa\":288,\"spd\":172,\"spe\":119},\"moves\":[\"discharge\",\"stickyweb\",\"bugbuzz\",\"energyball\"],\"baseAbility\":\"levitate\",\"item\":\"heavydutyboots\",\"pokeball\":\"pokeball\",\"ability\":\"levitate\",\"commanding\":false,\"reviving\":false,\"teraType\":\"Electric\",\"terastallized\":\"\"},{\"ident\":\"p1: Glaceon\",\"details\":\"Glaceon, L94, M\",\"condition\":\"275/275\",\"active\":false,\"stats\":{\"atk\":117,\"def\":260,\"spa\":298,\"spd\":232,\"spe\":176},\"moves\":[\"freezedry\",\"protect\",\"calmmind\",\"wish\"],\"baseAbility\":\"icebody\",\"item\":\"heavydutyboots\",\"pokeball\":\"pokeball\",\"ability\":\"icebody\",\"commanding\":false,\"reviving\":false,\"teraType\":\"Water\",\"terastallized\":\"\"},{\"ident\":\"p1: Spectrier\",\"details\":\"Spectrier, L75\",\"condition\":\"274/274\",\"active\":false,\"stats\":{\"atk\":102,\"def\":134,\"spa\":261,\"spd\":164,\"spe\":239},\"moves\":[\"shadowball\",\"nastyplot\",\"drainingkiss\",\"willowisp\"],\"baseAbility\":\"grimneigh\",\"item\":\"lifeorb\",\"pokeball\":\"pokeball\",\"ability\":\"grimneigh\",\"commanding\":false,\"reviving\":false,\"teraType\":\"Fairy\",\"terastallized\":\"\"}]},\"rqid\":56}\n|inactive|Time left: 300 sec this turn | 300 sec total\n|\n|t:|1783392271\n|move|p1a: Kingdra|Dragon Dance|p1a: Kingdra\n|-boost|p1a: Kingdra|atk|1\n|-boost|p1a: Kingdra|spe|1\n|move|p2a: Toxapex|Haze|p2a: Toxapex\n|-clearallboost\n|\n|upkeep\n|turn|28\n|request|{\"active\":[{\"moves\":[{\"move\":\"Wave Crash\",\"id\":\"wavecrash\",\"pp\":16,\"maxpp\":16,\"target\":\"normal\",\"disabled\":false},{\"move\":\"Dragon Dance\",\"id\":\"dragondance\",\"pp\":15,\"maxpp\":32,\"target\":\"self\",\"disabled\":false},{\"move\":\"Outrage\",\"id\":\"outrage\",\"pp\":15,\"maxpp\":16,\"target\":\"randomNormal\",\"disabled\":false},{\"move\":\"Waterfall\",\"id\":\"waterfall\",\"pp\":18,\"maxpp\":24,\"target\":\"normal\",\"disabled\":false}],\"canTerastallize\":\"Water\"}],\"side\":{\"name\":\"p0x083be4e\",\"id\":\"p1\",\"pokemon\":[{\"ident\":\"p1: Kingdra\",\"details\":\"Kingdra, L84, F\",\"condition\":\"263/263\",\"active\":true,\"stats\":{\"atk\":208,\"def\":208,\"spa\":208,\"spd\":208,\"spe\":191},\"moves\":[\"wavecrash\",\"dragondance\",\"outrage\",\"waterfall\"],\"baseAbility\":\"sniper\",\"item\":\"\",\"pokeball\":\"pokeball\",\"ability\":\"sniper\",\"commanding\":false,\"reviving\":false,\"teraType\":\"Water\",\"terastallized\":\"\"},{\"ident\":\"p1: Oinkologne\",\"details\":\"Oinkologne-F, L92, F\",\"condition\":\"361/361\",\"active\":false,\"stats\":{\"atk\":218,\"def\":181,\"spa\":161,\"spd\":218,\"spe\":172},\"moves\":[\"lashout\",\"curse\",\"bodyslam\",\"highhorsepower\"],\"baseAbility\":\"thickfat\",\"item\":\"leftovers\",\"pokeball\":\"pokeball\",\"ability\":\"thickfat\",\"commanding\":false,\"reviving\":false,\"teraType\":\"Ground\",\"terastallized\":\"\"},{\"ident\":\"p1: Arboliva\",\"details\":\"Arboliva, L91, M\",\"condition\":\"290/290\",\"active\":false,\"stats\":{\"atk\":130,\"def\":216,\"spa\":279,\"spd\":250,\"spe\":123},\"moves\":[\"earthpower\",\"strengthsap\",\"energyball\",\"hypervoice\"],\"baseAbility\":\"seedsower\",\"item\":\"leftovers\",\"pokeball\":\"pokeball\",\"ability\":\"seedsower\",\"commanding\":false,\"reviving\":false,\"teraType\":\"Poison\",\"terastallized\":\"\"},{\"ident\":\"p1: Vikavolt\",\"details\":\"Vikavolt, L83, F\",\"condition\":\"0 fnt\",\"active\":false,\"stats\":{\"atk\":121,\"def\":197,\"spa\":288,\"spd\":172,\"spe\":119},\"moves\":[\"discharge\",\"stickyweb\",\"bugbuzz\",\"energyball\"],\"baseAbility\":\"levitate\",\"item\":\"heavydutyboots\",\"pokeball\":\"pokeball\",\"ability\":\"levitate\",\"commanding\":false,\"reviving\":false,\"teraType\":\"Electric\",\"terastallized\":\"\"},{\"ident\":\"p1: Glaceon\",\"details\":\"Glaceon, L94, M\",\"condition\":\"275/275\",\"active\":false,\"stats\":{\"atk\":117,\"def\":260,\"spa\":298,\"spd\":232,\"spe\":176},\"moves\":[\"freezedry\",\"protect\",\"calmmind\",\"wish\"],\"baseAbility\":\"icebody\",\"item\":\"heavydutyboots\",\"pokeball\":\"pokeball\",\"ability\":\"icebody\",\"commanding\":false,\"reviving\":false,\"teraType\":\"Water\",\"terastallized\":\"\"},{\"ident\":\"p1: Spectrier\",\"details\":\"Spectrier, L75\",\"condition\":\"274/274\",\"active\":false,\"stats\":{\"atk\":102,\"def\":134,\"spa\":261,\"spd\":164,\"spe\":239},\"moves\":[\"shadowball\",\"nastyplot\",\"drainingkiss\",\"willowisp\"],\"baseAbility\":\"grimneigh\",\"item\":\"lifeorb\",\"pokeball\":\"pokeball\",\"ability\":\"grimneigh\",\"commanding\":false,\"reviving\":false,\"teraType\":\"Fairy\",\"terastallized\":\"\"}]},\"rqid\":58}\n|inactive|Time left: 300 sec this turn | 300 sec total\n|\n|t:|1783392271\n|move|p1a: Kingdra|Dragon Dance|p1a: Kingdra\n|-boost|p1a: Kingdra|atk|1\n|-boost|p1a: Kingdra|spe|1\n|move|p2a: Toxapex|Toxic Spikes||[still]\n|-fail|p2a: Toxapex\n|\n|upkeep\n|turn|29\n|request|{\"active\":[{\"moves\":[{\"move\":\"Wave Crash\",\"id\":\"wavecrash\",\"pp\":16,\"maxpp\":16,\"target\":\"normal\",\"disabled\":false},{\"move\":\"Dragon Dance\",\"id\":\"dragondance\",\"pp\":14,\"maxpp\":32,\"target\":\"self\",\"disabled\":false},{\"move\":\"Outrage\",\"id\":\"outrage\",\"pp\":15,\"maxpp\":16,\"target\":\"randomNormal\",\"disabled\":false},{\"move\":\"Waterfall\",\"id\":\"waterfall\",\"pp\":18,\"maxpp\":24,\"target\":\"normal\",\"disabled\":false}],\"canTerastallize\":\"Water\"}],\"side\":{\"name\":\"p0x083be4e\",\"id\":\"p1\",\"pokemon\":[{\"ident\":\"p1: Kingdra\",\"details\":\"Kingdra, L84, F\",\"condition\":\"263/263\",\"active\":true,\"stats\":{\"atk\":208,\"def\":208,\"spa\":208,\"spd\":208,\"spe\":191},\"moves\":[\"wavecrash\",\"dragondance\",\"outrage\",\"waterfall\"],\"baseAbility\":\"sniper\",\"item\":\"\",\"pokeball\":\"pokeball\",\"ability\":\"sniper\",\"commanding\":false,\"reviving\":false,\"teraType\":\"Water\",\"terastallized\":\"\"},{\"ident\":\"p1: Oinkologne\",\"details\":\"Oinkologne-F, L92, F\",\"condition\":\"361/361\",\"active\":false,\"stats\":{\"atk\":218,\"def\":181,\"spa\":161,\"spd\":218,\"spe\":172},\"moves\":[\"lashout\",\"curse\",\"bodyslam\",\"highhorsepower\"],\"baseAbility\":\"thickfat\",\"item\":\"leftovers\",\"pokeball\":\"pokeball\",\"ability\":\"thickfat\",\"commanding\":false,\"reviving\":false,\"teraType\":\"Ground\",\"terastallized\":\"\"},{\"ident\":\"p1: Arboliva\",\"details\":\"Arboliva, L91, M\",\"condition\":\"290/290\",\"active\":false,\"stats\":{\"atk\":130,\"def\":216,\"spa\":279,\"spd\":250,\"spe\":123},\"moves\":[\"earthpower\",\"strengthsap\",\"energyball\",\"hypervoice\"],\"baseAbility\":\"seedsower\",\"item\":\"leftovers\",\"pokeball\":\"pokeball\",\"ability\":\"seedsower\",\"commanding\":false,\"reviving\":false,\"teraType\":\"Poison\",\"terastallized\":\"\"},{\"ident\":\"p1: Vikavolt\",\"details\":\"Vikavolt, L83, F\",\"condition\":\"0 fnt\",\"active\":false,\"stats\":{\"atk\":121,\"def\":197,\"spa\":288,\"spd\":172,\"spe\":119},\"moves\":[\"discharge\",\"stickyweb\",\"bugbuzz\",\"energyball\"],\"baseAbility\":\"levitate\",\"item\":\"heavydutyboots\",\"pokeball\":\"pokeball\",\"ability\":\"levitate\",\"commanding\":false,\"reviving\":false,\"teraType\":\"Electric\",\"terastallized\":\"\"},{\"ident\":\"p1: Glaceon\",\"details\":\"Glaceon, L94, M\",\"condition\":\"275/275\",\"active\":false,\"stats\":{\"atk\":117,\"def\":260,\"spa\":298,\"spd\":232,\"spe\":176},\"moves\":[\"freezedry\",\"protect\",\"calmmind\",\"wish\"],\"baseAbility\":\"icebody\",\"item\":\"heavydutyboots\",\"pokeball\":\"pokeball\",\"ability\":\"icebody\",\"commanding\":false,\"reviving\":false,\"teraType\":\"Water\",\"terastallized\":\"\"},{\"ident\":\"p1: Spectrier\",\"details\":\"Spectrier, L75\",\"condition\":\"274/274\",\"active\":false,\"stats\":{\"atk\":102,\"def\":134,\"spa\":261,\"spd\":164,\"spe\":239},\"moves\":[\"shadowball\",\"nastyplot\",\"drainingkiss\",\"willowisp\"],\"baseAbility\":\"grimneigh\",\"item\":\"lifeorb\",\"pokeball\":\"pokeball\",\"ability\":\"grimneigh\",\"commanding\":false,\"reviving\":false,\"teraType\":\"Fairy\",\"terastallized\":\"\"}]},\"rqid\":60}\n|inactive|Time left: 300 sec this turn | 300 sec total\n|\n|t:|1783392271\n|move|p1a: Kingdra|Waterfall|p2a: Toxapex\n|-damage|p2a: Toxapex|64/100\n|move|p2a: Toxapex|Haze|p2a: Toxapex\n|-clearallboost\n|\n|-heal|p2a: Toxapex|70/100|[from] item: Leftovers\n|upkeep\n|turn|30\n|request|{\"active\":[{\"moves\":[{\"move\":\"Wave Crash\",\"id\":\"wavecrash\",\"pp\":16,\"maxpp\":16,\"target\":\"normal\",\"disabled\":false},{\"move\":\"Dragon Dance\",\"id\":\"dragondance\",\"pp\":14,\"maxpp\":32,\"target\":\"self\",\"disabled\":false},{\"move\":\"Outrage\",\"id\":\"outrage\",\"pp\":15,\"maxpp\":16,\"target\":\"randomNormal\",\"disabled\":false},{\"move\":\"Waterfall\",\"id\":\"waterfall\",\"pp\":17,\"maxpp\":24,\"target\":\"normal\",\"disabled\":false}],\"canTerastallize\":\"Water\"}],\"side\":{\"name\":\"p0x083be4e\",\"id\":\"p1\",\"pokemon\":[{\"ident\":\"p1: Kingdra\",\"details\":\"Kingdra, L84, F\",\"condition\":\"263/263\",\"active\":true,\"stats\":{\"atk\":208,\"def\":208,\"spa\":208,\"spd\":208,\"spe\":191},\"moves\":[\"wavecrash\",\"dragondance\",\"outrage\",\"waterfall\"],\"baseAbility\":\"sniper\",\"item\":\"\",\"pokeball\":\"pokeball\",\"ability\":\"sniper\",\"commanding\":false,\"reviving\":false,\"teraType\":\"Water\",\"terastallized\":\"\"},{\"ident\":\"p1: Oinkologne\",\"details\":\"Oinkologne-F, L92, F\",\"condition\":\"361/361\",\"active\":false,\"stats\":{\"atk\":218,\"def\":181,\"spa\":161,\"spd\":218,\"spe\":172},\"moves\":[\"lashout\",\"curse\",\"bodyslam\",\"highhorsepower\"],\"baseAbility\":\"thickfat\",\"item\":\"leftovers\",\"pokeball\":\"pokeball\",\"ability\":\"thickfat\",\"commanding\":false,\"reviving\":false,\"teraType\":\"Ground\",\"terastallized\":\"\"},{\"ident\":\"p1: Arboliva\",\"details\":\"Arboliva, L91, M\",\"condition\":\"290/290\",\"active\":false,\"stats\":{\"atk\":130,\"def\":216,\"spa\":279,\"spd\":250,\"spe\":123},\"moves\":[\"earthpower\",\"strengthsap\",\"energyball\",\"hypervoice\"],\"baseAbility\":\"seedsower\",\"item\":\"leftovers\",\"pokeball\":\"pokeball\",\"ability\":\"seedsower\",\"commanding\":false,\"reviving\":false,\"teraType\":\"Poison\",\"terastallized\":\"\"},{\"ident\":\"p1: Vikavolt\",\"details\":\"Vikavolt, L83, F\",\"condition\":\"0 fnt\",\"active\":false,\"stats\":{\"atk\":121,\"def\":197,\"spa\":288,\"spd\":172,\"spe\":119},\"moves\":[\"discharge\",\"stickyweb\",\"bugbuzz\",\"energyball\"],\"baseAbility\":\"levitate\",\"item\":\"heavydutyboots\",\"pokeball\":\"pokeball\",\"ability\":\"levitate\",\"commanding\":false,\"reviving\":false,\"teraType\":\"Electric\",\"terastallized\":\"\"},{\"ident\":\"p1: Glaceon\",\"details\":\"Glaceon, L94, M\",\"condition\":\"275/275\",\"active\":false,\"stats\":{\"atk\":117,\"def\":260,\"spa\":298,\"spd\":232,\"spe\":176},\"moves\":[\"freezedry\",\"protect\",\"calmmind\",\"wish\"],\"baseAbility\":\"icebody\",\"item\":\"heavydutyboots\",\"pokeball\":\"pokeball\",\"ability\":\"icebody\",\"commanding\":false,\"reviving\":false,\"teraType\":\"Water\",\"terastallized\":\"\"},{\"ident\":\"p1: Spectrier\",\"details\":\"Spectrier, L75\",\"condition\":\"274/274\",\"active\":false,\"stats\":{\"atk\":102,\"def\":134,\"spa\":261,\"spd\":164,\"spe\":239},\"moves\":[\"shadowball\",\"nastyplot\",\"drainingkiss\",\"willowisp\"],\"baseAbility\":\"grimneigh\",\"item\":\"lifeorb\",\"pokeball\":\"pokeball\",\"ability\":\"grimneigh\",\"commanding\":false,\"reviving\":false,\"teraType\":\"Fairy\",\"terastallized\":\"\"}]},\"rqid\":62}\n|inactive|Time left: 300 sec this turn | 300 sec total\n|\n|t:|1783392271\n|move|p1a: Kingdra|Dragon Dance|p1a: Kingdra\n|-boost|p1a: Kingdra|atk|1\n|-boost|p1a: Kingdra|spe|1\n|move|p2a: Toxapex|Haze|p2a: Toxapex\n|-clearallboost\n|\n|-heal|p2a: Toxapex|76/100|[from] item: Leftovers\n|upkeep\n|turn|31\n|request|{\"active\":[{\"moves\":[{\"move\":\"Wave Crash\",\"id\":\"wavecrash\",\"pp\":16,\"maxpp\":16,\"target\":\"normal\",\"disabled\":false},{\"move\":\"Dragon Dance\",\"id\":\"dragondance\",\"pp\":13,\"maxpp\":32,\"target\":\"self\",\"disabled\":false},{\"move\":\"Outrage\",\"id\":\"outrage\",\"pp\":15,\"maxpp\":16,\"target\":\"randomNormal\",\"disabled\":false},{\"move\":\"Waterfall\",\"id\":\"waterfall\",\"pp\":17,\"maxpp\":24,\"target\":\"normal\",\"disabled\":false}],\"canTerastallize\":\"Water\"}],\"side\":{\"name\":\"p0x083be4e\",\"id\":\"p1\",\"pokemon\":[{\"ident\":\"p1: Kingdra\",\"details\":\"Kingdra, L84, F\",\"condition\":\"263/263\",\"active\":true,\"stats\":{\"atk\":208,\"def\":208,\"spa\":208,\"spd\":208,\"spe\":191},\"moves\":[\"wavecrash\",\"dragondance\",\"outrage\",\"waterfall\"],\"baseAbility\":\"sniper\",\"item\":\"\",\"pokeball\":\"pokeball\",\"ability\":\"sniper\",\"commanding\":false,\"reviving\":false,\"teraType\":\"Water\",\"terastallized\":\"\"},{\"ident\":\"p1: Oinkologne\",\"details\":\"Oinkologne-F, L92, F\",\"condition\":\"361/361\",\"active\":false,\"stats\":{\"atk\":218,\"def\":181,\"spa\":161,\"spd\":218,\"spe\":172},\"moves\":[\"lashout\",\"curse\",\"bodyslam\",\"highhorsepower\"],\"baseAbility\":\"thickfat\",\"item\":\"leftovers\",\"pokeball\":\"pokeball\",\"ability\":\"thickfat\",\"commanding\":false,\"reviving\":false,\"teraType\":\"Ground\",\"terastallized\":\"\"},{\"ident\":\"p1: Arboliva\",\"details\":\"Arboliva, L91, M\",\"condition\":\"290/290\",\"active\":false,\"stats\":{\"atk\":130,\"def\":216,\"spa\":279,\"spd\":250,\"spe\":123},\"moves\":[\"earthpower\",\"strengthsap\",\"energyball\",\"hypervoice\"],\"baseAbility\":\"seedsower\",\"item\":\"leftovers\",\"pokeball\":\"pokeball\",\"ability\":\"seedsower\",\"commanding\":false,\"reviving\":false,\"teraType\":\"Poison\",\"terastallized\":\"\"},{\"ident\":\"p1: Vikavolt\",\"details\":\"Vikavolt, L83, F\",\"condition\":\"0 fnt\",\"active\":false,\"stats\":{\"atk\":121,\"def\":197,\"spa\":288,\"spd\":172,\"spe\":119},\"moves\":[\"discharge\",\"stickyweb\",\"bugbuzz\",\"energyball\"],\"baseAbility\":\"levitate\",\"item\":\"heavydutyboots\",\"pokeball\":\"pokeball\",\"ability\":\"levitate\",\"commanding\":false,\"reviving\":false,\"teraType\":\"Electric\",\"terastallized\":\"\"},{\"ident\":\"p1: Glaceon\",\"details\":\"Glaceon, L94, M\",\"condition\":\"275/275\",\"active\":false,\"stats\":{\"atk\":117,\"def\":260,\"spa\":298,\"spd\":232,\"spe\":176},\"moves\":[\"freezedry\",\"protect\",\"calmmind\",\"wish\"],\"baseAbility\":\"icebody\",\"item\":\"heavydutyboots\",\"pokeball\":\"pokeball\",\"ability\":\"icebody\",\"commanding\":false,\"reviving\":false,\"teraType\":\"Water\",\"terastallized\":\"\"},{\"ident\":\"p1: Spectrier\",\"details\":\"Spectrier, L75\",\"condition\":\"274/274\",\"active\":false,\"stats\":{\"atk\":102,\"def\":134,\"spa\":261,\"spd\":164,\"spe\":239},\"moves\":[\"shadowball\",\"nastyplot\",\"drainingkiss\",\"willowisp\"],\"baseAbility\":\"grimneigh\",\"item\":\"lifeorb\",\"pokeball\":\"pokeball\",\"ability\":\"grimneigh\",\"commanding\":false,\"reviving\":false,\"teraType\":\"Fairy\",\"terastallized\":\"\"}]},\"rqid\":64}\n|inactive|Time left: 300 sec this turn | 300 sec total\n|\n|t:|1783392272\n|move|p1a: Kingdra|Dragon Dance|p1a: Kingdra\n|-boost|p1a: Kingdra|atk|1\n|-boost|p1a: Kingdra|spe|1\n|move|p2a: Toxapex|Haze|p2a: Toxapex\n|-clearallboost\n|\n|-heal|p2a: Toxapex|82/100|[from] item: Leftovers\n|upkeep\n|turn|32\n|request|{\"active\":[{\"moves\":[{\"move\":\"Wave Crash\",\"id\":\"wavecrash\",\"pp\":16,\"maxpp\":16,\"target\":\"normal\",\"disabled\":false},{\"move\":\"Dragon Dance\",\"id\":\"dragondance\",\"pp\":12,\"maxpp\":32,\"target\":\"self\",\"disabled\":false},{\"move\":\"Outrage\",\"id\":\"outrage\",\"pp\":15,\"maxpp\":16,\"target\":\"randomNormal\",\"disabled\":false},{\"move\":\"Waterfall\",\"id\":\"waterfall\",\"pp\":17,\"maxpp\":24,\"target\":\"normal\",\"disabled\":false}],\"canTerastallize\":\"Water\"}],\"side\":{\"name\":\"p0x083be4e\",\"id\":\"p1\",\"pokemon\":[{\"ident\":\"p1: Kingdra\",\"details\":\"Kingdra, L84, F\",\"condition\":\"263/263\",\"active\":true,\"stats\":{\"atk\":208,\"def\":208,\"spa\":208,\"spd\":208,\"spe\":191},\"moves\":[\"wavecrash\",\"dragondance\",\"outrage\",\"waterfall\"],\"baseAbility\":\"sniper\",\"item\":\"\",\"pokeball\":\"pokeball\",\"ability\":\"sniper\",\"commanding\":false,\"reviving\":false,\"teraType\":\"Water\",\"terastallized\":\"\"},{\"ident\":\"p1: Oinkologne\",\"details\":\"Oinkologne-F, L92, F\",\"condition\":\"361/361\",\"active\":false,\"stats\":{\"atk\":218,\"def\":181,\"spa\":161,\"spd\":218,\"spe\":172},\"moves\":[\"lashout\",\"curse\",\"bodyslam\",\"highhorsepower\"],\"baseAbility\":\"thickfat\",\"item\":\"leftovers\",\"pokeball\":\"pokeball\",\"ability\":\"thickfat\",\"commanding\":false,\"reviving\":false,\"teraType\":\"Ground\",\"terastallized\":\"\"},{\"ident\":\"p1: Arboliva\",\"details\":\"Arboliva, L91, M\",\"condition\":\"290/290\",\"active\":false,\"stats\":{\"atk\":130,\"def\":216,\"spa\":279,\"spd\":250,\"spe\":123},\"moves\":[\"earthpower\",\"strengthsap\",\"energyball\",\"hypervoice\"],\"baseAbility\":\"seedsower\",\"item\":\"leftovers\",\"pokeball\":\"pokeball\",\"ability\":\"seedsower\",\"commanding\":false,\"reviving\":false,\"teraType\":\"Poison\",\"terastallized\":\"\"},{\"ident\":\"p1: Vikavolt\",\"details\":\"Vikavolt, L83, F\",\"condition\":\"0 fnt\",\"active\":false,\"stats\":{\"atk\":121,\"def\":197,\"spa\":288,\"spd\":172,\"spe\":119},\"moves\":[\"discharge\",\"stickyweb\",\"bugbuzz\",\"energyball\"],\"baseAbility\":\"levitate\",\"item\":\"heavydutyboots\",\"pokeball\":\"pokeball\",\"ability\":\"levitate\",\"commanding\":false,\"reviving\":false,\"teraType\":\"Electric\",\"terastallized\":\"\"},{\"ident\":\"p1: Glaceon\",\"details\":\"Glaceon, L94, M\",\"condition\":\"275/275\",\"active\":false,\"stats\":{\"atk\":117,\"def\":260,\"spa\":298,\"spd\":232,\"spe\":176},\"moves\":[\"freezedry\",\"protect\",\"calmmind\",\"wish\"],\"baseAbility\":\"icebody\",\"item\":\"heavydutyboots\",\"pokeball\":\"pokeball\",\"ability\":\"icebody\",\"commanding\":false,\"reviving\":false,\"teraType\":\"Water\",\"terastallized\":\"\"},{\"ident\":\"p1: Spectrier\",\"details\":\"Spectrier, L75\",\"condition\":\"274/274\",\"active\":false,\"stats\":{\"atk\":102,\"def\":134,\"spa\":261,\"spd\":164,\"spe\":239},\"moves\":[\"shadowball\",\"nastyplot\",\"drainingkiss\",\"willowisp\"],\"baseAbility\":\"grimneigh\",\"item\":\"lifeorb\",\"pokeball\":\"pokeball\",\"ability\":\"grimneigh\",\"commanding\":false,\"reviving\":false,\"teraType\":\"Fairy\",\"terastallized\":\"\"}]},\"rqid\":66}\n|inactive|Time left: 300 sec this turn | 300 sec total\n|\n|t:|1783392272\n|move|p1a: Kingdra|Dragon Dance|p1a: Kingdra\n|-boost|p1a: Kingdra|atk|1\n|-boost|p1a: Kingdra|spe|1\n|move|p2a: Toxapex|Haze|p2a: Toxapex\n|-clearallboost\n|\n|-heal|p2a: Toxapex|88/100|[from] item: Leftovers\n|upkeep\n|turn|33\n|request|{\"active\":[{\"moves\":[{\"move\":\"Wave Crash\",\"id\":\"wavecrash\",\"pp\":16,\"maxpp\":16,\"target\":\"normal\",\"disabled\":false},{\"move\":\"Dragon Dance\",\"id\":\"dragondance\",\"pp\":11,\"maxpp\":32,\"target\":\"self\",\"disabled\":false},{\"move\":\"Outrage\",\"id\":\"outrage\",\"pp\":15,\"maxpp\":16,\"target\":\"randomNormal\",\"disabled\":false},{\"move\":\"Waterfall\",\"id\":\"waterfall\",\"pp\":17,\"maxpp\":24,\"target\":\"normal\",\"disabled\":false}],\"canTerastallize\":\"Water\"}],\"side\":{\"name\":\"p0x083be4e\",\"id\":\"p1\",\"pokemon\":[{\"ident\":\"p1: Kingdra\",\"details\":\"Kingdra, L84, F\",\"condition\":\"263/263\",\"active\":true,\"stats\":{\"atk\":208,\"def\":208,\"spa\":208,\"spd\":208,\"spe\":191},\"moves\":[\"wavecrash\",\"dragondance\",\"outrage\",\"waterfall\"],\"baseAbility\":\"sniper\",\"item\":\"\",\"pokeball\":\"pokeball\",\"ability\":\"sniper\",\"commanding\":false,\"reviving\":false,\"teraType\":\"Water\",\"terastallized\":\"\"},{\"ident\":\"p1: Oinkologne\",\"details\":\"Oinkologne-F, L92, F\",\"condition\":\"361/361\",\"active\":false,\"stats\":{\"atk\":218,\"def\":181,\"spa\":161,\"spd\":218,\"spe\":172},\"moves\":[\"lashout\",\"curse\",\"bodyslam\",\"highhorsepower\"],\"baseAbility\":\"thickfat\",\"item\":\"leftovers\",\"pokeball\":\"pokeball\",\"ability\":\"thickfat\",\"commanding\":false,\"reviving\":false,\"teraType\":\"Ground\",\"terastallized\":\"\"},{\"ident\":\"p1: Arboliva\",\"details\":\"Arboliva, L91, M\",\"condition\":\"290/290\",\"active\":false,\"stats\":{\"atk\":130,\"def\":216,\"spa\":279,\"spd\":250,\"spe\":123},\"moves\":[\"earthpower\",\"strengthsap\",\"energyball\",\"hypervoice\"],\"baseAbility\":\"seedsower\",\"item\":\"leftovers\",\"pokeball\":\"pokeball\",\"ability\":\"seedsower\",\"commanding\":false,\"reviving\":false,\"teraType\":\"Poison\",\"terastallized\":\"\"},{\"ident\":\"p1: Vikavolt\",\"details\":\"Vikavolt, L83, F\",\"condition\":\"0 fnt\",\"active\":false,\"stats\":{\"atk\":121,\"def\":197,\"spa\":288,\"spd\":172,\"spe\":119},\"moves\":[\"discharge\",\"stickyweb\",\"bugbuzz\",\"energyball\"],\"baseAbility\":\"levitate\",\"item\":\"heavydutyboots\",\"pokeball\":\"pokeball\",\"ability\":\"levitate\",\"commanding\":false,\"reviving\":false,\"teraType\":\"Electric\",\"terastallized\":\"\"},{\"ident\":\"p1: Glaceon\",\"details\":\"Glaceon, L94, M\",\"condition\":\"275/275\",\"active\":false,\"stats\":{\"atk\":117,\"def\":260,\"spa\":298,\"spd\":232,\"spe\":176},\"moves\":[\"freezedry\",\"protect\",\"calmmind\",\"wish\"],\"baseAbility\":\"icebody\",\"item\":\"heavydutyboots\",\"pokeball\":\"pokeball\",\"ability\":\"icebody\",\"commanding\":false,\"reviving\":false,\"teraType\":\"Water\",\"terastallized\":\"\"},{\"ident\":\"p1: Spectrier\",\"details\":\"Spectrier, L75\",\"condition\":\"274/274\",\"active\":false,\"stats\":{\"atk\":102,\"def\":134,\"spa\":261,\"spd\":164,\"spe\":239},\"moves\":[\"shadowball\",\"nastyplot\",\"drainingkiss\",\"willowisp\"],\"baseAbility\":\"grimneigh\",\"item\":\"lifeorb\",\"pokeball\":\"pokeball\",\"ability\":\"grimneigh\",\"commanding\":false,\"reviving\":false,\"teraType\":\"Fairy\",\"terastallized\":\"\"}]},\"rqid\":68}\n|inactive|Time left: 300 sec this turn | 300 sec total\n|\n|t:|1783392272\n|move|p1a: Kingdra|Dragon Dance|p1a: Kingdra\n|-boost|p1a: Kingdra|atk|1\n|-boost|p1a: Kingdra|spe|1\n|move|p2a: Toxapex|Haze|p2a: Toxapex\n|-clearallboost\n|\n|-heal|p2a: Toxapex|94/100|[from] item: Leftovers\n|upkeep\n|turn|34\n|request|{\"active\":[{\"moves\":[{\"move\":\"Wave Crash\",\"id\":\"wavecrash\",\"pp\":16,\"maxpp\":16,\"target\":\"normal\",\"disabled\":false},{\"move\":\"Dragon Dance\",\"id\":\"dragondance\",\"pp\":10,\"maxpp\":32,\"target\":\"self\",\"disabled\":false},{\"move\":\"Outrage\",\"id\":\"outrage\",\"pp\":15,\"maxpp\":16,\"target\":\"randomNormal\",\"disabled\":false},{\"move\":\"Waterfall\",\"id\":\"waterfall\",\"pp\":17,\"maxpp\":24,\"target\":\"normal\",\"disabled\":false}],\"canTerastallize\":\"Water\"}],\"side\":{\"name\":\"p0x083be4e\",\"id\":\"p1\",\"pokemon\":[{\"ident\":\"p1: Kingdra\",\"details\":\"Kingdra, L84, F\",\"condition\":\"263/263\",\"active\":true,\"stats\":{\"atk\":208,\"def\":208,\"spa\":208,\"spd\":208,\"spe\":191},\"moves\":[\"wavecrash\",\"dragondance\",\"outrage\",\"waterfall\"],\"baseAbility\":\"sniper\",\"item\":\"\",\"pokeball\":\"pokeball\",\"ability\":\"sniper\",\"commanding\":false,\"reviving\":false,\"teraType\":\"Water\",\"terastallized\":\"\"},{\"ident\":\"p1: Oinkologne\",\"details\":\"Oinkologne-F, L92, F\",\"condition\":\"361/361\",\"active\":false,\"stats\":{\"atk\":218,\"def\":181,\"spa\":161,\"spd\":218,\"spe\":172},\"moves\":[\"lashout\",\"curse\",\"bodyslam\",\"highhorsepower\"],\"baseAbility\":\"thickfat\",\"item\":\"leftovers\",\"pokeball\":\"pokeball\",\"ability\":\"thickfat\",\"commanding\":false,\"reviving\":false,\"teraType\":\"Ground\",\"terastallized\":\"\"},{\"ident\":\"p1: Arboliva\",\"details\":\"Arboliva, L91, M\",\"condition\":\"290/290\",\"active\":false,\"stats\":{\"atk\":130,\"def\":216,\"spa\":279,\"spd\":250,\"spe\":123},\"moves\":[\"earthpower\",\"strengthsap\",\"energyball\",\"hypervoice\"],\"baseAbility\":\"seedsower\",\"item\":\"leftovers\",\"pokeball\":\"pokeball\",\"ability\":\"seedsower\",\"commanding\":false,\"reviving\":false,\"teraType\":\"Poison\",\"terastallized\":\"\"},{\"ident\":\"p1: Vikavolt\",\"details\":\"Vikavolt, L83, F\",\"condition\":\"0 fnt\",\"active\":false,\"stats\":{\"atk\":121,\"def\":197,\"spa\":288,\"spd\":172,\"spe\":119},\"moves\":[\"discharge\",\"stickyweb\",\"bugbuzz\",\"energyball\"],\"baseAbility\":\"levitate\",\"item\":\"heavydutyboots\",\"pokeball\":\"pokeball\",\"ability\":\"levitate\",\"commanding\":false,\"reviving\":false,\"teraType\":\"Electric\",\"terastallized\":\"\"},{\"ident\":\"p1: Glaceon\",\"details\":\"Glaceon, L94, M\",\"condition\":\"275/275\",\"active\":false,\"stats\":{\"atk\":117,\"def\":260,\"spa\":298,\"spd\":232,\"spe\":176},\"moves\":[\"freezedry\",\"protect\",\"calmmind\",\"wish\"],\"baseAbility\":\"icebody\",\"item\":\"heavydutyboots\",\"pokeball\":\"pokeball\",\"ability\":\"icebody\",\"commanding\":false,\"reviving\":false,\"teraType\":\"Water\",\"terastallized\":\"\"},{\"ident\":\"p1: Spectrier\",\"details\":\"Spectrier, L75\",\"condition\":\"274/274\",\"active\":false,\"stats\":{\"atk\":102,\"def\":134,\"spa\":261,\"spd\":164,\"spe\":239},\"moves\":[\"shadowball\",\"nastyplot\",\"drainingkiss\",\"willowisp\"],\"baseAbility\":\"grimneigh\",\"item\":\"lifeorb\",\"pokeball\":\"pokeball\",\"ability\":\"grimneigh\",\"commanding\":false,\"reviving\":false,\"teraType\":\"Fairy\",\"terastallized\":\"\"}]},\"rqid\":70}\n|inactive|Time left: 300 sec this turn | 300 sec total\n|\n|t:|1783392272\n|move|p1a: Kingdra|Dragon Dance|p1a: Kingdra\n|-boost|p1a: Kingdra|atk|1\n|-boost|p1a: Kingdra|spe|1\n|move|p2a: Toxapex|Haze|p2a: Toxapex\n|-clearallboost\n|\n|-heal|p2a: Toxapex|99/100|[from] item: Leftovers\n|upkeep\n|turn|35\n|request|{\"active\":[{\"moves\":[{\"move\":\"Wave Crash\",\"id\":\"wavecrash\",\"pp\":16,\"maxpp\":16,\"target\":\"normal\",\"disabled\":false},{\"move\":\"Dragon Dance\",\"id\":\"dragondance\",\"pp\":9,\"maxpp\":32,\"target\":\"self\",\"disabled\":false},{\"move\":\"Outrage\",\"id\":\"outrage\",\"pp\":15,\"maxpp\":16,\"target\":\"randomNormal\",\"disabled\":false},{\"move\":\"Waterfall\",\"id\":\"waterfall\",\"pp\":17,\"maxpp\":24,\"target\":\"normal\",\"disabled\":false}],\"canTerastallize\":\"Water\"}],\"side\":{\"name\":\"p0x083be4e\",\"id\":\"p1\",\"pokemon\":[{\"ident\":\"p1: Kingdra\",\"details\":\"Kingdra, L84, F\",\"condition\":\"263/263\",\"active\":true,\"stats\":{\"atk\":208,\"def\":208,\"spa\":208,\"spd\":208,\"spe\":191},\"moves\":[\"wavecrash\",\"dragondance\",\"outrage\",\"waterfall\"],\"baseAbility\":\"sniper\",\"item\":\"\",\"pokeball\":\"pokeball\",\"ability\":\"sniper\",\"commanding\":false,\"reviving\":false,\"teraType\":\"Water\",\"terastallized\":\"\"},{\"ident\":\"p1: Oinkologne\",\"details\":\"Oinkologne-F, L92, F\",\"condition\":\"361/361\",\"active\":false,\"stats\":{\"atk\":218,\"def\":181,\"spa\":161,\"spd\":218,\"spe\":172},\"moves\":[\"lashout\",\"curse\",\"bodyslam\",\"highhorsepower\"],\"baseAbility\":\"thickfat\",\"item\":\"leftovers\",\"pokeball\":\"pokeball\",\"ability\":\"thickfat\",\"commanding\":false,\"reviving\":false,\"teraType\":\"Ground\",\"terastallized\":\"\"},{\"ident\":\"p1: Arboliva\",\"details\":\"Arboliva, L91, M\",\"condition\":\"290/290\",\"active\":false,\"stats\":{\"atk\":130,\"def\":216,\"spa\":279,\"spd\":250,\"spe\":123},\"moves\":[\"earthpower\",\"strengthsap\",\"energyball\",\"hypervoice\"],\"baseAbility\":\"seedsower\",\"item\":\"leftovers\",\"pokeball\":\"pokeball\",\"ability\":\"seedsower\",\"commanding\":false,\"reviving\":false,\"teraType\":\"Poison\",\"terastallized\":\"\"},{\"ident\":\"p1: Vikavolt\",\"details\":\"Vikavolt, L83, F\",\"condition\":\"0 fnt\",\"active\":false,\"stats\":{\"atk\":121,\"def\":197,\"spa\":288,\"spd\":172,\"spe\":119},\"moves\":[\"discharge\",\"stickyweb\",\"bugbuzz\",\"energyball\"],\"baseAbility\":\"levitate\",\"item\":\"heavydutyboots\",\"pokeball\":\"pokeball\",\"ability\":\"levitate\",\"commanding\":false,\"reviving\":false,\"teraType\":\"Electric\",\"terastallized\":\"\"},{\"ident\":\"p1: Glaceon\",\"details\":\"Glaceon, L94, M\",\"condition\":\"275/275\",\"active\":false,\"stats\":{\"atk\":117,\"def\":260,\"spa\":298,\"spd\":232,\"spe\":176},\"moves\":[\"freezedry\",\"protect\",\"calmmind\",\"wish\"],\"baseAbility\":\"icebody\",\"item\":\"heavydutyboots\",\"pokeball\":\"pokeball\",\"ability\":\"icebody\",\"commanding\":false,\"reviving\":false,\"teraType\":\"Water\",\"terastallized\":\"\"},{\"ident\":\"p1: Spectrier\",\"details\":\"Spectrier, L75\",\"condition\":\"274/274\",\"active\":false,\"stats\":{\"atk\":102,\"def\":134,\"spa\":261,\"spd\":164,\"spe\":239},\"moves\":[\"shadowball\",\"nastyplot\",\"drainingkiss\",\"willowisp\"],\"baseAbility\":\"grimneigh\",\"item\":\"lifeorb\",\"pokeball\":\"pokeball\",\"ability\":\"grimneigh\",\"commanding\":false,\"reviving\":false,\"teraType\":\"Fairy\",\"terastallized\":\"\"}]},\"rqid\":72}\n|inactive|Time left: 300 sec this turn | 300 sec total\n|\n|t:|1783392273\n|move|p1a: Kingdra|Dragon Dance|p1a: Kingdra\n|-boost|p1a: Kingdra|atk|1\n|-boost|p1a: Kingdra|spe|1\n|move|p2a: Toxapex|Haze|p2a: Toxapex\n|-clearallboost\n|\n|-heal|p2a: Toxapex|100/100|[from] item: Leftovers\n|upkeep\n|turn|36\n|request|{\"active\":[{\"moves\":[{\"move\":\"Wave Crash\",\"id\":\"wavecrash\",\"pp\":16,\"maxpp\":16,\"target\":\"normal\",\"disabled\":false},{\"move\":\"Dragon Dance\",\"id\":\"dragondance\",\"pp\":8,\"maxpp\":32,\"target\":\"self\",\"disabled\":false},{\"move\":\"Outrage\",\"id\":\"outrage\",\"pp\":15,\"maxpp\":16,\"target\":\"randomNormal\",\"disabled\":false},{\"move\":\"Waterfall\",\"id\":\"waterfall\",\"pp\":17,\"maxpp\":24,\"target\":\"normal\",\"disabled\":false}],\"canTerastallize\":\"Water\"}],\"side\":{\"name\":\"p0x083be4e\",\"id\":\"p1\",\"pokemon\":[{\"ident\":\"p1: Kingdra\",\"details\":\"Kingdra, L84, F\",\"condition\":\"263/263\",\"active\":true,\"stats\":{\"atk\":208,\"def\":208,\"spa\":208,\"spd\":208,\"spe\":191},\"moves\":[\"wavecrash\",\"dragondance\",\"outrage\",\"waterfall\"],\"baseAbility\":\"sniper\",\"item\":\"\",\"pokeball\":\"pokeball\",\"ability\":\"sniper\",\"commanding\":false,\"reviving\":false,\"teraType\":\"Water\",\"terastallized\":\"\"},{\"ident\":\"p1: Oinkologne\",\"details\":\"Oinkologne-F, L92, F\",\"condition\":\"361/361\",\"active\":false,\"stats\":{\"atk\":218,\"def\":181,\"spa\":161,\"spd\":218,\"spe\":172},\"moves\":[\"lashout\",\"curse\",\"bodyslam\",\"highhorsepower\"],\"baseAbility\":\"thickfat\",\"item\":\"leftovers\",\"pokeball\":\"pokeball\",\"ability\":\"thickfat\",\"commanding\":false,\"reviving\":false,\"teraType\":\"Ground\",\"terastallized\":\"\"},{\"ident\":\"p1: Arboliva\",\"details\":\"Arboliva, L91, M\",\"condition\":\"290/290\",\"active\":false,\"stats\":{\"atk\":130,\"def\":216,\"spa\":279,\"spd\":250,\"spe\":123},\"moves\":[\"earthpower\",\"strengthsap\",\"energyball\",\"hypervoice\"],\"baseAbility\":\"seedsower\",\"item\":\"leftovers\",\"pokeball\":\"pokeball\",\"ability\":\"seedsower\",\"commanding\":false,\"reviving\":false,\"teraType\":\"Poison\",\"terastallized\":\"\"},{\"ident\":\"p1: Vikavolt\",\"details\":\"Vikavolt, L83, F\",\"condition\":\"0 fnt\",\"active\":false,\"stats\":{\"atk\":121,\"def\":197,\"spa\":288,\"spd\":172,\"spe\":119},\"moves\":[\"discharge\",\"stickyweb\",\"bugbuzz\",\"energyball\"],\"baseAbility\":\"levitate\",\"item\":\"heavydutyboots\",\"pokeball\":\"pokeball\",\"ability\":\"levitate\",\"commanding\":false,\"reviving\":false,\"teraType\":\"Electric\",\"terastallized\":\"\"},{\"ident\":\"p1: Glaceon\",\"details\":\"Glaceon, L94, M\",\"condition\":\"275/275\",\"active\":false,\"stats\":{\"atk\":117,\"def\":260,\"spa\":298,\"spd\":232,\"spe\":176},\"moves\":[\"freezedry\",\"protect\",\"calmmind\",\"wish\"],\"baseAbility\":\"icebody\",\"item\":\"heavydutyboots\",\"pokeball\":\"pokeball\",\"ability\":\"icebody\",\"commanding\":false,\"reviving\":false,\"teraType\":\"Water\",\"terastallized\":\"\"},{\"ident\":\"p1: Spectrier\",\"details\":\"Spectrier, L75\",\"condition\":\"274/274\",\"active\":false,\"stats\":{\"atk\":102,\"def\":134,\"spa\":261,\"spd\":164,\"spe\":239},\"moves\":[\"shadowball\",\"nastyplot\",\"drainingkiss\",\"willowisp\"],\"baseAbility\":\"grimneigh\",\"item\":\"lifeorb\",\"pokeball\":\"pokeball\",\"ability\":\"grimneigh\",\"commanding\":false,\"reviving\":false,\"teraType\":\"Fairy\",\"terastallized\":\"\"}]},\"rqid\":74}\n|inactive|Time left: 300 sec this turn | 300 sec total\n|\n|t:|1783392273\n|move|p1a: Kingdra|Dragon Dance|p1a: Kingdra\n|-boost|p1a: Kingdra|atk|1\n|-boost|p1a: Kingdra|spe|1\n|move|p2a: Toxapex|Haze|p2a: Toxapex\n|-clearallboost\n|\n|upkeep\n|turn|37\n|request|{\"active\":[{\"moves\":[{\"move\":\"Wave Crash\",\"id\":\"wavecrash\",\"pp\":16,\"maxpp\":16,\"target\":\"normal\",\"disabled\":false},{\"move\":\"Dragon Dance\",\"id\":\"dragondance\",\"pp\":7,\"maxpp\":32,\"target\":\"self\",\"disabled\":false},{\"move\":\"Outrage\",\"id\":\"outrage\",\"pp\":15,\"maxpp\":16,\"target\":\"randomNormal\",\"disabled\":false},{\"move\":\"Waterfall\",\"id\":\"waterfall\",\"pp\":17,\"maxpp\":24,\"target\":\"normal\",\"disabled\":false}],\"canTerastallize\":\"Water\"}],\"side\":{\"name\":\"p0x083be4e\",\"id\":\"p1\",\"pokemon\":[{\"ident\":\"p1: Kingdra\",\"details\":\"Kingdra, L84, F\",\"condition\":\"263/263\",\"active\":true,\"stats\":{\"atk\":208,\"def\":208,\"spa\":208,\"spd\":208,\"spe\":191},\"moves\":[\"wavecrash\",\"dragondance\",\"outrage\",\"waterfall\"],\"baseAbility\":\"sniper\",\"item\":\"\",\"pokeball\":\"pokeball\",\"ability\":\"sniper\",\"commanding\":false,\"reviving\":false,\"teraType\":\"Water\",\"terastallized\":\"\"},{\"ident\":\"p1: Oinkologne\",\"details\":\"Oinkologne-F, L92, F\",\"condition\":\"361/361\",\"active\":false,\"stats\":{\"atk\":218,\"def\":181,\"spa\":161,\"spd\":218,\"spe\":172},\"moves\":[\"lashout\",\"curse\",\"bodyslam\",\"highhorsepower\"],\"baseAbility\":\"thickfat\",\"item\":\"leftovers\",\"pokeball\":\"pokeball\",\"ability\":\"thickfat\",\"commanding\":false,\"reviving\":false,\"teraType\":\"Ground\",\"terastallized\":\"\"},{\"ident\":\"p1: Arboliva\",\"details\":\"Arboliva, L91, M\",\"condition\":\"290/290\",\"active\":false,\"stats\":{\"atk\":130,\"def\":216,\"spa\":279,\"spd\":250,\"spe\":123},\"moves\":[\"earthpower\",\"strengthsap\",\"energyball\",\"hypervoice\"],\"baseAbility\":\"seedsower\",\"item\":\"leftovers\",\"pokeball\":\"pokeball\",\"ability\":\"seedsower\",\"commanding\":false,\"reviving\":false,\"teraType\":\"Poison\",\"terastallized\":\"\"},{\"ident\":\"p1: Vikavolt\",\"details\":\"Vikavolt, L83, F\",\"condition\":\"0 fnt\",\"active\":false,\"stats\":{\"atk\":121,\"def\":197,\"spa\":288,\"spd\":172,\"spe\":119},\"moves\":[\"discharge\",\"stickyweb\",\"bugbuzz\",\"energyball\"],\"baseAbility\":\"levitate\",\"item\":\"heavydutyboots\",\"pokeball\":\"pokeball\",\"ability\":\"levitate\",\"commanding\":false,\"reviving\":false,\"teraType\":\"Electric\",\"terastallized\":\"\"},{\"ident\":\"p1: Glaceon\",\"details\":\"Glaceon, L94, M\",\"condition\":\"275/275\",\"active\":false,\"stats\":{\"atk\":117,\"def\":260,\"spa\":298,\"spd\":232,\"spe\":176},\"moves\":[\"freezedry\",\"protect\",\"calmmind\",\"wish\"],\"baseAbility\":\"icebody\",\"item\":\"heavydutyboots\",\"pokeball\":\"pokeball\",\"ability\":\"icebody\",\"commanding\":false,\"reviving\":false,\"teraType\":\"Water\",\"terastallized\":\"\"},{\"ident\":\"p1: Spectrier\",\"details\":\"Spectrier, L75\",\"condition\":\"274/274\",\"active\":false,\"stats\":{\"atk\":102,\"def\":134,\"spa\":261,\"spd\":164,\"spe\":239},\"moves\":[\"shadowball\",\"nastyplot\",\"drainingkiss\",\"willowisp\"],\"baseAbility\":\"grimneigh\",\"item\":\"lifeorb\",\"pokeball\":\"pokeball\",\"ability\":\"grimneigh\",\"commanding\":false,\"reviving\":false,\"teraType\":\"Fairy\",\"terastallized\":\"\"}]},\"rqid\":76}\n|inactive|Time left: 300 sec this turn | 300 sec total\n|\n|t:|1783392273\n|move|p1a: Kingdra|Dragon Dance|p1a: Kingdra\n|-boost|p1a: Kingdra|atk|1\n|-boost|p1a: Kingdra|spe|1\n|move|p2a: Toxapex|Haze|p2a: Toxapex\n|-clearallboost\n|\n|upkeep\n|turn|38\n|request|{\"active\":[{\"moves\":[{\"move\":\"Wave Crash\",\"id\":\"wavecrash\",\"pp\":16,\"maxpp\":16,\"target\":\"normal\",\"disabled\":false},{\"move\":\"Dragon Dance\",\"id\":\"dragondance\",\"pp\":6,\"maxpp\":32,\"target\":\"self\",\"disabled\":false},{\"move\":\"Outrage\",\"id\":\"outrage\",\"pp\":15,\"maxpp\":16,\"target\":\"randomNormal\",\"disabled\":false},{\"move\":\"Waterfall\",\"id\":\"waterfall\",\"pp\":17,\"maxpp\":24,\"target\":\"normal\",\"disabled\":false}],\"canTerastallize\":\"Water\"}],\"side\":{\"name\":\"p0x083be4e\",\"id\":\"p1\",\"pokemon\":[{\"ident\":\"p1: Kingdra\",\"details\":\"Kingdra, L84, F\",\"condition\":\"263/263\",\"active\":true,\"stats\":{\"atk\":208,\"def\":208,\"spa\":208,\"spd\":208,\"spe\":191},\"moves\":[\"wavecrash\",\"dragondance\",\"outrage\",\"waterfall\"],\"baseAbility\":\"sniper\",\"item\":\"\",\"pokeball\":\"pokeball\",\"ability\":\"sniper\",\"commanding\":false,\"reviving\":false,\"teraType\":\"Water\",\"terastallized\":\"\"},{\"ident\":\"p1: Oinkologne\",\"details\":\"Oinkologne-F, L92, F\",\"condition\":\"361/361\",\"active\":false,\"stats\":{\"atk\":218,\"def\":181,\"spa\":161,\"spd\":218,\"spe\":172},\"moves\":[\"lashout\",\"curse\",\"bodyslam\",\"highhorsepower\"],\"baseAbility\":\"thickfat\",\"item\":\"leftovers\",\"pokeball\":\"pokeball\",\"ability\":\"thickfat\",\"commanding\":false,\"reviving\":false,\"teraType\":\"Ground\",\"terastallized\":\"\"},{\"ident\":\"p1: Arboliva\",\"details\":\"Arboliva, L91, M\",\"condition\":\"290/290\",\"active\":false,\"stats\":{\"atk\":130,\"def\":216,\"spa\":279,\"spd\":250,\"spe\":123},\"moves\":[\"earthpower\",\"strengthsap\",\"energyball\",\"hypervoice\"],\"baseAbility\":\"seedsower\",\"item\":\"leftovers\",\"pokeball\":\"pokeball\",\"ability\":\"seedsower\",\"commanding\":false,\"reviving\":false,\"teraType\":\"Poison\",\"terastallized\":\"\"},{\"ident\":\"p1: Vikavolt\",\"details\":\"Vikavolt, L83, F\",\"condition\":\"0 fnt\",\"active\":false,\"stats\":{\"atk\":121,\"def\":197,\"spa\":288,\"spd\":172,\"spe\":119},\"moves\":[\"discharge\",\"stickyweb\",\"bugbuzz\",\"energyball\"],\"baseAbility\":\"levitate\",\"item\":\"heavydutyboots\",\"pokeball\":\"pokeball\",\"ability\":\"levitate\",\"commanding\":false,\"reviving\":false,\"teraType\":\"Electric\",\"terastallized\":\"\"},{\"ident\":\"p1: Glaceon\",\"details\":\"Glaceon, L94, M\",\"condition\":\"275/275\",\"active\":false,\"stats\":{\"atk\":117,\"def\":260,\"spa\":298,\"spd\":232,\"spe\":176},\"moves\":[\"freezedry\",\"protect\",\"calmmind\",\"wish\"],\"baseAbility\":\"icebody\",\"item\":\"heavydutyboots\",\"pokeball\":\"pokeball\",\"ability\":\"icebody\",\"commanding\":false,\"reviving\":false,\"teraType\":\"Water\",\"terastallized\":\"\"},{\"ident\":\"p1: Spectrier\",\"details\":\"Spectrier, L75\",\"condition\":\"274/274\",\"active\":false,\"stats\":{\"atk\":102,\"def\":134,\"spa\":261,\"spd\":164,\"spe\":239},\"moves\":[\"shadowball\",\"nastyplot\",\"drainingkiss\",\"willowisp\"],\"baseAbility\":\"grimneigh\",\"item\":\"lifeorb\",\"pokeball\":\"pokeball\",\"ability\":\"grimneigh\",\"commanding\":false,\"reviving\":false,\"teraType\":\"Fairy\",\"terastallized\":\"\"}]},\"rqid\":78}\n|inactive|Time left: 300 sec this turn | 300 sec total\n|\n|t:|1783392273\n|move|p1a: Kingdra|Dragon Dance|p1a: Kingdra\n|-boost|p1a: Kingdra|atk|1\n|-boost|p1a: Kingdra|spe|1\n|move|p2a: Toxapex|Haze|p2a: Toxapex\n|-clearallboost\n|\n|upkeep\n|turn|39\n|request|{\"active\":[{\"moves\":[{\"move\":\"Wave Crash\",\"id\":\"wavecrash\",\"pp\":16,\"maxpp\":16,\"target\":\"normal\",\"disabled\":false},{\"move\":\"Dragon Dance\",\"id\":\"dragondance\",\"pp\":5,\"maxpp\":32,\"target\":\"self\",\"disabled\":false},{\"move\":\"Outrage\",\"id\":\"outrage\",\"pp\":15,\"maxpp\":16,\"target\":\"randomNormal\",\"disabled\":false},{\"move\":\"Waterfall\",\"id\":\"waterfall\",\"pp\":17,\"maxpp\":24,\"target\":\"normal\",\"disabled\":false}],\"canTerastallize\":\"Water\"}],\"side\":{\"name\":\"p0x083be4e\",\"id\":\"p1\",\"pokemon\":[{\"ident\":\"p1: Kingdra\",\"details\":\"Kingdra, L84, F\",\"condition\":\"263/263\",\"active\":true,\"stats\":{\"atk\":208,\"def\":208,\"spa\":208,\"spd\":208,\"spe\":191},\"moves\":[\"wavecrash\",\"dragondance\",\"outrage\",\"waterfall\"],\"baseAbility\":\"sniper\",\"item\":\"\",\"pokeball\":\"pokeball\",\"ability\":\"sniper\",\"commanding\":false,\"reviving\":false,\"teraType\":\"Water\",\"terastallized\":\"\"},{\"ident\":\"p1: Oinkologne\",\"details\":\"Oinkologne-F, L92, F\",\"condition\":\"361/361\",\"active\":false,\"stats\":{\"atk\":218,\"def\":181,\"spa\":161,\"spd\":218,\"spe\":172},\"moves\":[\"lashout\",\"curse\",\"bodyslam\",\"highhorsepower\"],\"baseAbility\":\"thickfat\",\"item\":\"leftovers\",\"pokeball\":\"pokeball\",\"ability\":\"thickfat\",\"commanding\":false,\"reviving\":false,\"teraType\":\"Ground\",\"terastallized\":\"\"},{\"ident\":\"p1: Arboliva\",\"details\":\"Arboliva, L91, M\",\"condition\":\"290/290\",\"active\":false,\"stats\":{\"atk\":130,\"def\":216,\"spa\":279,\"spd\":250,\"spe\":123},\"moves\":[\"earthpower\",\"strengthsap\",\"energyball\",\"hypervoice\"],\"baseAbility\":\"seedsower\",\"item\":\"leftovers\",\"pokeball\":\"pokeball\",\"ability\":\"seedsower\",\"commanding\":false,\"reviving\":false,\"teraType\":\"Poison\",\"terastallized\":\"\"},{\"ident\":\"p1: Vikavolt\",\"details\":\"Vikavolt, L83, F\",\"condition\":\"0 fnt\",\"active\":false,\"stats\":{\"atk\":121,\"def\":197,\"spa\":288,\"spd\":172,\"spe\":119},\"moves\":[\"discharge\",\"stickyweb\",\"bugbuzz\",\"energyball\"],\"baseAbility\":\"levitate\",\"item\":\"heavydutyboots\",\"pokeball\":\"pokeball\",\"ability\":\"levitate\",\"commanding\":false,\"reviving\":false,\"teraType\":\"Electric\",\"terastallized\":\"\"},{\"ident\":\"p1: Glaceon\",\"details\":\"Glaceon, L94, M\",\"condition\":\"275/275\",\"active\":false,\"stats\":{\"atk\":117,\"def\":260,\"spa\":298,\"spd\":232,\"spe\":176},\"moves\":[\"freezedry\",\"protect\",\"calmmind\",\"wish\"],\"baseAbility\":\"icebody\",\"item\":\"heavydutyboots\",\"pokeball\":\"pokeball\",\"ability\":\"icebody\",\"commanding\":false,\"reviving\":false,\"teraType\":\"Water\",\"terastallized\":\"\"},{\"ident\":\"p1: Spectrier\",\"details\":\"Spectrier, L75\",\"condition\":\"274/274\",\"active\":false,\"stats\":{\"atk\":102,\"def\":134,\"spa\":261,\"spd\":164,\"spe\":239},\"moves\":[\"shadowball\",\"nastyplot\",\"drainingkiss\",\"willowisp\"],\"baseAbility\":\"grimneigh\",\"item\":\"lifeorb\",\"pokeball\":\"pokeball\",\"ability\":\"grimneigh\",\"commanding\":false,\"reviving\":false,\"teraType\":\"Fairy\",\"terastallized\":\"\"}]},\"rqid\":80}\n|inactive|Time left: 300 sec this turn | 300 sec total\n|\n|t:|1783392273\n|move|p1a: Kingdra|Dragon Dance|p1a: Kingdra\n|-boost|p1a: Kingdra|atk|1\n|-boost|p1a: Kingdra|spe|1\n|move|p2a: Toxapex|Liquidation|p1a: Kingdra\n|-resisted|p1a: Kingdra\n|-damage|p1a: Kingdra|247/263\n|\n|upkeep\n|turn|40\n|request|{\"active\":[{\"moves\":[{\"move\":\"Wave Crash\",\"id\":\"wavecrash\",\"pp\":16,\"maxpp\":16,\"target\":\"normal\",\"disabled\":false},{\"move\":\"Dragon Dance\",\"id\":\"dragondance\",\"pp\":4,\"maxpp\":32,\"target\":\"self\",\"disabled\":false},{\"move\":\"Outrage\",\"id\":\"outrage\",\"pp\":15,\"maxpp\":16,\"target\":\"randomNormal\",\"disabled\":false},{\"move\":\"Waterfall\",\"id\":\"waterfall\",\"pp\":17,\"maxpp\":24,\"target\":\"normal\",\"disabled\":false}],\"canTerastallize\":\"Water\"}],\"side\":{\"name\":\"p0x083be4e\",\"id\":\"p1\",\"pokemon\":[{\"ident\":\"p1: Kingdra\",\"details\":\"Kingdra, L84, F\",\"condition\":\"247/263\",\"active\":true,\"stats\":{\"atk\":208,\"def\":208,\"spa\":208,\"spd\":208,\"spe\":191},\"moves\":[\"wavecrash\",\"dragondance\",\"outrage\",\"waterfall\"],\"baseAbility\":\"sniper\",\"item\":\"\",\"pokeball\":\"pokeball\",\"ability\":\"sniper\",\"commanding\":false,\"reviving\":false,\"teraType\":\"Water\",\"terastallized\":\"\"},{\"ident\":\"p1: Oinkologne\",\"details\":\"Oinkologne-F, L92, F\",\"condition\":\"361/361\",\"active\":false,\"stats\":{\"atk\":218,\"def\":181,\"spa\":161,\"spd\":218,\"spe\":172},\"moves\":[\"lashout\",\"curse\",\"bodyslam\",\"highhorsepower\"],\"baseAbility\":\"thickfat\",\"item\":\"leftovers\",\"pokeball\":\"pokeball\",\"ability\":\"thickfat\",\"commanding\":false,\"reviving\":false,\"teraType\":\"Ground\",\"terastallized\":\"\"},{\"ident\":\"p1: Arboliva\",\"details\":\"Arboliva, L91, M\",\"condition\":\"290/290\",\"active\":false,\"stats\":{\"atk\":130,\"def\":216,\"spa\":279,\"spd\":250,\"spe\":123},\"moves\":[\"earthpower\",\"strengthsap\",\"energyball\",\"hypervoice\"],\"baseAbility\":\"seedsower\",\"item\":\"leftovers\",\"pokeball\":\"pokeball\",\"ability\":\"seedsower\",\"commanding\":false,\"reviving\":false,\"teraType\":\"Poison\",\"terastallized\":\"\"},{\"ident\":\"p1: Vikavolt\",\"details\":\"Vikavolt, L83, F\",\"condition\":\"0 fnt\",\"active\":false,\"stats\":{\"atk\":121,\"def\":197,\"spa\":288,\"spd\":172,\"spe\":119},\"moves\":[\"discharge\",\"stickyweb\",\"bugbuzz\",\"energyball\"],\"baseAbility\":\"levitate\",\"item\":\"heavydutyboots\",\"pokeball\":\"pokeball\",\"ability\":\"levitate\",\"commanding\":false,\"reviving\":false,\"teraType\":\"Electric\",\"terastallized\":\"\"},{\"ident\":\"p1: Glaceon\",\"details\":\"Glaceon, L94, M\",\"condition\":\"275/275\",\"active\":false,\"stats\":{\"atk\":117,\"def\":260,\"spa\":298,\"spd\":232,\"spe\":176},\"moves\":[\"freezedry\",\"protect\",\"calmmind\",\"wish\"],\"baseAbility\":\"icebody\",\"item\":\"heavydutyboots\",\"pokeball\":\"pokeball\",\"ability\":\"icebody\",\"commanding\":false,\"reviving\":false,\"teraType\":\"Water\",\"terastallized\":\"\"},{\"ident\":\"p1: Spectrier\",\"details\":\"Spectrier, L75\",\"condition\":\"274/274\",\"active\":false,\"stats\":{\"atk\":102,\"def\":134,\"spa\":261,\"spd\":164,\"spe\":239},\"moves\":[\"shadowball\",\"nastyplot\",\"drainingkiss\",\"willowisp\"],\"baseAbility\":\"grimneigh\",\"item\":\"lifeorb\",\"pokeball\":\"pokeball\",\"ability\":\"grimneigh\",\"commanding\":false,\"reviving\":false,\"teraType\":\"Fairy\",\"terastallized\":\"\"}]},\"rqid\":82}\n|inactive|Time left: 300 sec this turn | 300 sec total\n|\n|t:|1783392274\n|move|p1a: Kingdra|Waterfall|p2a: Toxapex\n|-damage|p2a: Toxapex|63/100\n|move|p2a: Toxapex|Haze|p2a: Toxapex\n|-clearallboost\n|\n|-heal|p2a: Toxapex|69/100|[from] item: Leftovers\n|upkeep\n|turn|41\n|request|{\"active\":[{\"moves\":[{\"move\":\"Wave Crash\",\"id\":\"wavecrash\",\"pp\":16,\"maxpp\":16,\"target\":\"normal\",\"disabled\":false},{\"move\":\"Dragon Dance\",\"id\":\"dragondance\",\"pp\":4,\"maxpp\":32,\"target\":\"self\",\"disabled\":false},{\"move\":\"Outrage\",\"id\":\"outrage\",\"pp\":15,\"maxpp\":16,\"target\":\"randomNormal\",\"disabled\":false},{\"move\":\"Waterfall\",\"id\":\"waterfall\",\"pp\":16,\"maxpp\":24,\"target\":\"normal\",\"disabled\":false}],\"canTerastallize\":\"Water\"}],\"side\":{\"name\":\"p0x083be4e\",\"id\":\"p1\",\"pokemon\":[{\"ident\":\"p1: Kingdra\",\"details\":\"Kingdra, L84, F\",\"condition\":\"247/263\",\"active\":true,\"stats\":{\"atk\":208,\"def\":208,\"spa\":208,\"spd\":208,\"spe\":191},\"moves\":[\"wavecrash\",\"dragondance\",\"outrage\",\"waterfall\"],\"baseAbility\":\"sniper\",\"item\":\"\",\"pokeball\":\"pokeball\",\"ability\":\"sniper\",\"commanding\":false,\"reviving\":false,\"teraType\":\"Water\",\"terastallized\":\"\"},{\"ident\":\"p1: Oinkologne\",\"details\":\"Oinkologne-F, L92, F\",\"condition\":\"361/361\",\"active\":false,\"stats\":{\"atk\":218,\"def\":181,\"spa\":161,\"spd\":218,\"spe\":172},\"moves\":[\"lashout\",\"curse\",\"bodyslam\",\"highhorsepower\"],\"baseAbility\":\"thickfat\",\"item\":\"leftovers\",\"pokeball\":\"pokeball\",\"ability\":\"thickfat\",\"commanding\":false,\"reviving\":false,\"teraType\":\"Ground\",\"terastallized\":\"\"},{\"ident\":\"p1: Arboliva\",\"details\":\"Arboliva, L91, M\",\"condition\":\"290/290\",\"active\":false,\"stats\":{\"atk\":130,\"def\":216,\"spa\":279,\"spd\":250,\"spe\":123},\"moves\":[\"earthpower\",\"strengthsap\",\"energyball\",\"hypervoice\"],\"baseAbility\":\"seedsower\",\"item\":\"leftovers\",\"pokeball\":\"pokeball\",\"ability\":\"seedsower\",\"commanding\":false,\"reviving\":false,\"teraType\":\"Poison\",\"terastallized\":\"\"},{\"ident\":\"p1: Vikavolt\",\"details\":\"Vikavolt, L83, F\",\"condition\":\"0 fnt\",\"active\":false,\"stats\":{\"atk\":121,\"def\":197,\"spa\":288,\"spd\":172,\"spe\":119},\"moves\":[\"discharge\",\"stickyweb\",\"bugbuzz\",\"energyball\"],\"baseAbility\":\"levitate\",\"item\":\"heavydutyboots\",\"pokeball\":\"pokeball\",\"ability\":\"levitate\",\"commanding\":false,\"reviving\":false,\"teraType\":\"Electric\",\"terastallized\":\"\"},{\"ident\":\"p1: Glaceon\",\"details\":\"Glaceon, L94, M\",\"condition\":\"275/275\",\"active\":false,\"stats\":{\"atk\":117,\"def\":260,\"spa\":298,\"spd\":232,\"spe\":176},\"moves\":[\"freezedry\",\"protect\",\"calmmind\",\"wish\"],\"baseAbility\":\"icebody\",\"item\":\"heavydutyboots\",\"pokeball\":\"pokeball\",\"ability\":\"icebody\",\"commanding\":false,\"reviving\":false,\"teraType\":\"Water\",\"terastallized\":\"\"},{\"ident\":\"p1: Spectrier\",\"details\":\"Spectrier, L75\",\"condition\":\"274/274\",\"active\":false,\"stats\":{\"atk\":102,\"def\":134,\"spa\":261,\"spd\":164,\"spe\":239},\"moves\":[\"shadowball\",\"nastyplot\",\"drainingkiss\",\"willowisp\"],\"baseAbility\":\"grimneigh\",\"item\":\"lifeorb\",\"pokeball\":\"pokeball\",\"ability\":\"grimneigh\",\"commanding\":false,\"reviving\":false,\"teraType\":\"Fairy\",\"terastallized\":\"\"}]},\"rqid\":84}\n|inactive|Time left: 300 sec this turn | 300 sec total\n|\n|t:|1783392274\n|move|p1a: Kingdra|Dragon Dance|p1a: Kingdra\n|-boost|p1a: Kingdra|atk|1\n|-boost|p1a: Kingdra|spe|1\n|move|p2a: Toxapex|Recover|p2a: Toxapex\n|-heal|p2a: Toxapex|100/100\n|\n|upkeep\n|turn|42\n|request|{\"active\":[{\"moves\":[{\"move\":\"Wave Crash\",\"id\":\"wavecrash\",\"pp\":16,\"maxpp\":16,\"target\":\"normal\",\"disabled\":false},{\"move\":\"Dragon Dance\",\"id\":\"dragondance\",\"pp\":3,\"maxpp\":32,\"target\":\"self\",\"disabled\":false},{\"move\":\"Outrage\",\"id\":\"outrage\",\"pp\":15,\"maxpp\":16,\"target\":\"randomNormal\",\"disabled\":false},{\"move\":\"Waterfall\",\"id\":\"waterfall\",\"pp\":16,\"maxpp\":24,\"target\":\"normal\",\"disabled\":false}],\"canTerastallize\":\"Water\"}],\"side\":{\"name\":\"p0x083be4e\",\"id\":\"p1\",\"pokemon\":[{\"ident\":\"p1: Kingdra\",\"details\":\"Kingdra, L84, F\",\"condition\":\"247/263\",\"active\":true,\"stats\":{\"atk\":208,\"def\":208,\"spa\":208,\"spd\":208,\"spe\":191},\"moves\":[\"wavecrash\",\"dragondance\",\"outrage\",\"waterfall\"],\"baseAbility\":\"sniper\",\"item\":\"\",\"pokeball\":\"pokeball\",\"ability\":\"sniper\",\"commanding\":false,\"reviving\":false,\"teraType\":\"Water\",\"terastallized\":\"\"},{\"ident\":\"p1: Oinkologne\",\"details\":\"Oinkologne-F, L92, F\",\"condition\":\"361/361\",\"active\":false,\"stats\":{\"atk\":218,\"def\":181,\"spa\":161,\"spd\":218,\"spe\":172},\"moves\":[\"lashout\",\"curse\",\"bodyslam\",\"highhorsepower\"],\"baseAbility\":\"thickfat\",\"item\":\"leftovers\",\"pokeball\":\"pokeball\",\"ability\":\"thickfat\",\"commanding\":false,\"reviving\":false,\"teraType\":\"Ground\",\"terastallized\":\"\"},{\"ident\":\"p1: Arboliva\",\"details\":\"Arboliva, L91, M\",\"condition\":\"290/290\",\"active\":false,\"stats\":{\"atk\":130,\"def\":216,\"spa\":279,\"spd\":250,\"spe\":123},\"moves\":[\"earthpower\",\"strengthsap\",\"energyball\",\"hypervoice\"],\"baseAbility\":\"seedsower\",\"item\":\"leftovers\",\"pokeball\":\"pokeball\",\"ability\":\"seedsower\",\"commanding\":false,\"reviving\":false,\"teraType\":\"Poison\",\"terastallized\":\"\"},{\"ident\":\"p1: Vikavolt\",\"details\":\"Vikavolt, L83, F\",\"condition\":\"0 fnt\",\"active\":false,\"stats\":{\"atk\":121,\"def\":197,\"spa\":288,\"spd\":172,\"spe\":119},\"moves\":[\"discharge\",\"stickyweb\",\"bugbuzz\",\"energyball\"],\"baseAbility\":\"levitate\",\"item\":\"heavydutyboots\",\"pokeball\":\"pokeball\",\"ability\":\"levitate\",\"commanding\":false,\"reviving\":false,\"teraType\":\"Electric\",\"terastallized\":\"\"},{\"ident\":\"p1: Glaceon\",\"details\":\"Glaceon, L94, M\",\"condition\":\"275/275\",\"active\":false,\"stats\":{\"atk\":117,\"def\":260,\"spa\":298,\"spd\":232,\"spe\":176},\"moves\":[\"freezedry\",\"protect\",\"calmmind\",\"wish\"],\"baseAbility\":\"icebody\",\"item\":\"heavydutyboots\",\"pokeball\":\"pokeball\",\"ability\":\"icebody\",\"commanding\":false,\"reviving\":false,\"teraType\":\"Water\",\"terastallized\":\"\"},{\"ident\":\"p1: Spectrier\",\"details\":\"Spectrier, L75\",\"condition\":\"274/274\",\"active\":false,\"stats\":{\"atk\":102,\"def\":134,\"spa\":261,\"spd\":164,\"spe\":239},\"moves\":[\"shadowball\",\"nastyplot\",\"drainingkiss\",\"willowisp\"],\"baseAbility\":\"grimneigh\",\"item\":\"lifeorb\",\"pokeball\":\"pokeball\",\"ability\":\"grimneigh\",\"commanding\":false,\"reviving\":false,\"teraType\":\"Fairy\",\"terastallized\":\"\"}]},\"rqid\":86}\n|inactive|Time left: 300 sec this turn | 300 sec total\n|\n|t:|1783392274\n|move|p1a: Kingdra|Waterfall|p2a: Toxapex\n|-damage|p2a: Toxapex|58/100\n|move|p2a: Toxapex|Haze|p2a: Toxapex\n|-clearallboost\n|\n|-heal|p2a: Toxapex|64/100|[from] item: Leftovers\n|upkeep\n|turn|43\n|request|{\"active\":[{\"moves\":[{\"move\":\"Wave Crash\",\"id\":\"wavecrash\",\"pp\":16,\"maxpp\":16,\"target\":\"normal\",\"disabled\":false},{\"move\":\"Dragon Dance\",\"id\":\"dragondance\",\"pp\":3,\"maxpp\":32,\"target\":\"self\",\"disabled\":false},{\"move\":\"Outrage\",\"id\":\"outrage\",\"pp\":15,\"maxpp\":16,\"target\":\"randomNormal\",\"disabled\":false},{\"move\":\"Waterfall\",\"id\":\"waterfall\",\"pp\":15,\"maxpp\":24,\"target\":\"normal\",\"disabled\":false}],\"canTerastallize\":\"Water\"}],\"side\":{\"name\":\"p0x083be4e\",\"id\":\"p1\",\"pokemon\":[{\"ident\":\"p1: Kingdra\",\"details\":\"Kingdra, L84, F\",\"condition\":\"247/263\",\"active\":true,\"stats\":{\"atk\":208,\"def\":208,\"spa\":208,\"spd\":208,\"spe\":191},\"moves\":[\"wavecrash\",\"dragondance\",\"outrage\",\"waterfall\"],\"baseAbility\":\"sniper\",\"item\":\"\",\"pokeball\":\"pokeball\",\"ability\":\"sniper\",\"commanding\":false,\"reviving\":false,\"teraType\":\"Water\",\"terastallized\":\"\"},{\"ident\":\"p1: Oinkologne\",\"details\":\"Oinkologne-F, L92, F\",\"condition\":\"361/361\",\"active\":false,\"stats\":{\"atk\":218,\"def\":181,\"spa\":161,\"spd\":218,\"spe\":172},\"moves\":[\"lashout\",\"curse\",\"bodyslam\",\"highhorsepower\"],\"baseAbility\":\"thickfat\",\"item\":\"leftovers\",\"pokeball\":\"pokeball\",\"ability\":\"thickfat\",\"commanding\":false,\"reviving\":false,\"teraType\":\"Ground\",\"terastallized\":\"\"},{\"ident\":\"p1: Arboliva\",\"details\":\"Arboliva, L91, M\",\"condition\":\"290/290\",\"active\":false,\"stats\":{\"atk\":130,\"def\":216,\"spa\":279,\"spd\":250,\"spe\":123},\"moves\":[\"earthpower\",\"strengthsap\",\"energyball\",\"hypervoice\"],\"baseAbility\":\"seedsower\",\"item\":\"leftovers\",\"pokeball\":\"pokeball\",\"ability\":\"seedsower\",\"commanding\":false,\"reviving\":false,\"teraType\":\"Poison\",\"terastallized\":\"\"},{\"ident\":\"p1: Vikavolt\",\"details\":\"Vikavolt, L83, F\",\"condition\":\"0 fnt\",\"active\":false,\"stats\":{\"atk\":121,\"def\":197,\"spa\":288,\"spd\":172,\"spe\":119},\"moves\":[\"discharge\",\"stickyweb\",\"bugbuzz\",\"energyball\"],\"baseAbility\":\"levitate\",\"item\":\"heavydutyboots\",\"pokeball\":\"pokeball\",\"ability\":\"levitate\",\"commanding\":false,\"reviving\":false,\"teraType\":\"Electric\",\"terastallized\":\"\"},{\"ident\":\"p1: Glaceon\",\"details\":\"Glaceon, L94, M\",\"condition\":\"275/275\",\"active\":false,\"stats\":{\"atk\":117,\"def\":260,\"spa\":298,\"spd\":232,\"spe\":176},\"moves\":[\"freezedry\",\"protect\",\"calmmind\",\"wish\"],\"baseAbility\":\"icebody\",\"item\":\"heavydutyboots\",\"pokeball\":\"pokeball\",\"ability\":\"icebody\",\"commanding\":false,\"reviving\":false,\"teraType\":\"Water\",\"terastallized\":\"\"},{\"ident\":\"p1: Spectrier\",\"details\":\"Spectrier, L75\",\"condition\":\"274/274\",\"active\":false,\"stats\":{\"atk\":102,\"def\":134,\"spa\":261,\"spd\":164,\"spe\":239},\"moves\":[\"shadowball\",\"nastyplot\",\"drainingkiss\",\"willowisp\"],\"baseAbility\":\"grimneigh\",\"item\":\"lifeorb\",\"pokeball\":\"pokeball\",\"ability\":\"grimneigh\",\"commanding\":false,\"reviving\":false,\"teraType\":\"Fairy\",\"terastallized\":\"\"}]},\"rqid\":88}\n|inactive|Time left: 300 sec this turn | 300 sec total\n|\n|t:|1783392274\n|move|p1a: Kingdra|Dragon Dance|p1a: Kingdra\n|-boost|p1a: Kingdra|atk|1\n|-boost|p1a: Kingdra|spe|1\n|move|p2a: Toxapex|Haze|p2a: Toxapex\n|-clearallboost\n|\n|-heal|p2a: Toxapex|70/100|[from] item: Leftovers\n|upkeep\n|turn|44\n|request|{\"active\":[{\"moves\":[{\"move\":\"Wave Crash\",\"id\":\"wavecrash\",\"pp\":16,\"maxpp\":16,\"target\":\"normal\",\"disabled\":false},{\"move\":\"Dragon Dance\",\"id\":\"dragondance\",\"pp\":2,\"maxpp\":32,\"target\":\"self\",\"disabled\":false},{\"move\":\"Outrage\",\"id\":\"outrage\",\"pp\":15,\"maxpp\":16,\"target\":\"randomNormal\",\"disabled\":false},{\"move\":\"Waterfall\",\"id\":\"waterfall\",\"pp\":15,\"maxpp\":24,\"target\":\"normal\",\"disabled\":false}],\"canTerastallize\":\"Water\"}],\"side\":{\"name\":\"p0x083be4e\",\"id\":\"p1\",\"pokemon\":[{\"ident\":\"p1: Kingdra\",\"details\":\"Kingdra, L84, F\",\"condition\":\"247/263\",\"active\":true,\"stats\":{\"atk\":208,\"def\":208,\"spa\":208,\"spd\":208,\"spe\":191},\"moves\":[\"wavecrash\",\"dragondance\",\"outrage\",\"waterfall\"],\"baseAbility\":\"sniper\",\"item\":\"\",\"pokeball\":\"pokeball\",\"ability\":\"sniper\",\"commanding\":false,\"reviving\":false,\"teraType\":\"Water\",\"terastallized\":\"\"},{\"ident\":\"p1: Oinkologne\",\"details\":\"Oinkologne-F, L92, F\",\"condition\":\"361/361\",\"active\":false,\"stats\":{\"atk\":218,\"def\":181,\"spa\":161,\"spd\":218,\"spe\":172},\"moves\":[\"lashout\",\"curse\",\"bodyslam\",\"highhorsepower\"],\"baseAbility\":\"thickfat\",\"item\":\"leftovers\",\"pokeball\":\"pokeball\",\"ability\":\"thickfat\",\"commanding\":false,\"reviving\":false,\"teraType\":\"Ground\",\"terastallized\":\"\"},{\"ident\":\"p1: Arboliva\",\"details\":\"Arboliva, L91, M\",\"condition\":\"290/290\",\"active\":false,\"stats\":{\"atk\":130,\"def\":216,\"spa\":279,\"spd\":250,\"spe\":123},\"moves\":[\"earthpower\",\"strengthsap\",\"energyball\",\"hypervoice\"],\"baseAbility\":\"seedsower\",\"item\":\"leftovers\",\"pokeball\":\"pokeball\",\"ability\":\"seedsower\",\"commanding\":false,\"reviving\":false,\"teraType\":\"Poison\",\"terastallized\":\"\"},{\"ident\":\"p1: Vikavolt\",\"details\":\"Vikavolt, L83, F\",\"condition\":\"0 fnt\",\"active\":false,\"stats\":{\"atk\":121,\"def\":197,\"spa\":288,\"spd\":172,\"spe\":119},\"moves\":[\"discharge\",\"stickyweb\",\"bugbuzz\",\"energyball\"],\"baseAbility\":\"levitate\",\"item\":\"heavydutyboots\",\"pokeball\":\"pokeball\",\"ability\":\"levitate\",\"commanding\":false,\"reviving\":false,\"teraType\":\"Electric\",\"terastallized\":\"\"},{\"ident\":\"p1: Glaceon\",\"details\":\"Glaceon, L94, M\",\"condition\":\"275/275\",\"active\":false,\"stats\":{\"atk\":117,\"def\":260,\"spa\":298,\"spd\":232,\"spe\":176},\"moves\":[\"freezedry\",\"protect\",\"calmmind\",\"wish\"],\"baseAbility\":\"icebody\",\"item\":\"heavydutyboots\",\"pokeball\":\"pokeball\",\"ability\":\"icebody\",\"commanding\":false,\"reviving\":false,\"teraType\":\"Water\",\"terastallized\":\"\"},{\"ident\":\"p1: Spectrier\",\"details\":\"Spectrier, L75\",\"condition\":\"274/274\",\"active\":false,\"stats\":{\"atk\":102,\"def\":134,\"spa\":261,\"spd\":164,\"spe\":239},\"moves\":[\"shadowball\",\"nastyplot\",\"drainingkiss\",\"willowisp\"],\"baseAbility\":\"grimneigh\",\"item\":\"lifeorb\",\"pokeball\":\"pokeball\",\"ability\":\"grimneigh\",\"commanding\":false,\"reviving\":false,\"teraType\":\"Fairy\",\"terastallized\":\"\"}]},\"rqid\":90}\n|inactive|Time left: 300 sec this turn | 300 sec total\n|\n|t:|1783392275\n|switch|p2a: Arbok|Arbok, L87, F|100/100\n|-activate|p2a: Arbok|move: Sticky Web\n|-unboost|p2a: Arbok|spe|1\n|-ability|p2a: Arbok|Intimidate|boost\n|-unboost|p1a: Kingdra|atk|1\n|move|p1a: Kingdra|Dragon Dance|p1a: Kingdra\n|-boost|p1a: Kingdra|atk|1\n|-boost|p1a: Kingdra|spe|1\n|\n|upkeep\n|turn|45\n|request|{\"active\":[{\"moves\":[{\"move\":\"Wave Crash\",\"id\":\"wavecrash\",\"pp\":16,\"maxpp\":16,\"target\":\"normal\",\"disabled\":false},{\"move\":\"Dragon Dance\",\"id\":\"dragondance\",\"pp\":1,\"maxpp\":32,\"target\":\"self\",\"disabled\":false},{\"move\":\"Outrage\",\"id\":\"outrage\",\"pp\":15,\"maxpp\":16,\"target\":\"randomNormal\",\"disabled\":false},{\"move\":\"Waterfall\",\"id\":\"waterfall\",\"pp\":15,\"maxpp\":24,\"target\":\"normal\",\"disabled\":false}],\"canTerastallize\":\"Water\"}],\"side\":{\"name\":\"p0x083be4e\",\"id\":\"p1\",\"pokemon\":[{\"ident\":\"p1: Kingdra\",\"details\":\"Kingdra, L84, F\",\"condition\":\"247/263\",\"active\":true,\"stats\":{\"atk\":208,\"def\":208,\"spa\":208,\"spd\":208,\"spe\":191},\"moves\":[\"wavecrash\",\"dragondance\",\"outrage\",\"waterfall\"],\"baseAbility\":\"sniper\",\"item\":\"\",\"pokeball\":\"pokeball\",\"ability\":\"sniper\",\"commanding\":false,\"reviving\":false,\"teraType\":\"Water\",\"terastallized\":\"\"},{\"ident\":\"p1: Oinkologne\",\"details\":\"Oinkologne-F, L92, F\",\"condition\":\"361/361\",\"active\":false,\"stats\":{\"atk\":218,\"def\":181,\"spa\":161,\"spd\":218,\"spe\":172},\"moves\":[\"lashout\",\"curse\",\"bodyslam\",\"highhorsepower\"],\"baseAbility\":\"thickfat\",\"item\":\"leftovers\",\"pokeball\":\"pokeball\",\"ability\":\"thickfat\",\"commanding\":false,\"reviving\":false,\"teraType\":\"Ground\",\"terastallized\":\"\"},{\"ident\":\"p1: Arboliva\",\"details\":\"Arboliva, L91, M\",\"condition\":\"290/290\",\"active\":false,\"stats\":{\"atk\":130,\"def\":216,\"spa\":279,\"spd\":250,\"spe\":123},\"moves\":[\"earthpower\",\"strengthsap\",\"energyball\",\"hypervoice\"],\"baseAbility\":\"seedsower\",\"item\":\"leftovers\",\"pokeball\":\"pokeball\",\"ability\":\"seedsower\",\"commanding\":false,\"reviving\":false,\"teraType\":\"Poison\",\"terastallized\":\"\"},{\"ident\":\"p1: Vikavolt\",\"details\":\"Vikavolt, L83, F\",\"condition\":\"0 fnt\",\"active\":false,\"stats\":{\"atk\":121,\"def\":197,\"spa\":288,\"spd\":172,\"spe\":119},\"moves\":[\"discharge\",\"stickyweb\",\"bugbuzz\",\"energyball\"],\"baseAbility\":\"levitate\",\"item\":\"heavydutyboots\",\"pokeball\":\"pokeball\",\"ability\":\"levitate\",\"commanding\":false,\"reviving\":false,\"teraType\":\"Electric\",\"terastallized\":\"\"},{\"ident\":\"p1: Glaceon\",\"details\":\"Glaceon, L94, M\",\"condition\":\"275/275\",\"active\":false,\"stats\":{\"atk\":117,\"def\":260,\"spa\":298,\"spd\":232,\"spe\":176},\"moves\":[\"freezedry\",\"protect\",\"calmmind\",\"wish\"],\"baseAbility\":\"icebody\",\"item\":\"heavydutyboots\",\"pokeball\":\"pokeball\",\"ability\":\"icebody\",\"commanding\":false,\"reviving\":false,\"teraType\":\"Water\",\"terastallized\":\"\"},{\"ident\":\"p1: Spectrier\",\"details\":\"Spectrier, L75\",\"condition\":\"274/274\",\"active\":false,\"stats\":{\"atk\":102,\"def\":134,\"spa\":261,\"spd\":164,\"spe\":239},\"moves\":[\"shadowball\",\"nastyplot\",\"drainingkiss\",\"willowisp\"],\"baseAbility\":\"grimneigh\",\"item\":\"lifeorb\",\"pokeball\":\"pokeball\",\"ability\":\"grimneigh\",\"commanding\":false,\"reviving\":false,\"teraType\":\"Fairy\",\"terastallized\":\"\"}]},\"rqid\":92}\n|inactive|Time left: 300 sec this turn | 300 sec total\n|\n|t:|1783392275\n|switch|p2a: Toxapex|Toxapex, L82, F, tera:Steel|100/100\n|-activate|p2a: Toxapex|move: Sticky Web\n|-unboost|p2a: Toxapex|spe|1\n|move|p1a: Kingdra|Dragon Dance|p1a: Kingdra\n|-boost|p1a: Kingdra|atk|1\n|-boost|p1a: Kingdra|spe|1\n|\n|upkeep\n|turn|46\n|request|{\"active\":[{\"moves\":[{\"move\":\"Wave Crash\",\"id\":\"wavecrash\",\"pp\":16,\"maxpp\":16,\"target\":\"normal\",\"disabled\":false},{\"move\":\"Dragon Dance\",\"id\":\"dragondance\",\"pp\":0,\"maxpp\":32,\"target\":\"self\",\"disabled\":true},{\"move\":\"Outrage\",\"id\":\"outrage\",\"pp\":15,\"maxpp\":16,\"target\":\"randomNormal\",\"disabled\":false},{\"move\":\"Waterfall\",\"id\":\"waterfall\",\"pp\":15,\"maxpp\":24,\"target\":\"normal\",\"disabled\":false}],\"canTerastallize\":\"Water\"}],\"side\":{\"name\":\"p0x083be4e\",\"id\":\"p1\",\"pokemon\":[{\"ident\":\"p1: Kingdra\",\"details\":\"Kingdra, L84, F\",\"condition\":\"247/263\",\"active\":true,\"stats\":{\"atk\":208,\"def\":208,\"spa\":208,\"spd\":208,\"spe\":191},\"moves\":[\"wavecrash\",\"dragondance\",\"outrage\",\"waterfall\"],\"baseAbility\":\"sniper\",\"item\":\"\",\"pokeball\":\"pokeball\",\"ability\":\"sniper\",\"commanding\":false,\"reviving\":false,\"teraType\":\"Water\",\"terastallized\":\"\"},{\"ident\":\"p1: Oinkologne\",\"details\":\"Oinkologne-F, L92, F\",\"condition\":\"361/361\",\"active\":false,\"stats\":{\"atk\":218,\"def\":181,\"spa\":161,\"spd\":218,\"spe\":172},\"moves\":[\"lashout\",\"curse\",\"bodyslam\",\"highhorsepower\"],\"baseAbility\":\"thickfat\",\"item\":\"leftovers\",\"pokeball\":\"pokeball\",\"ability\":\"thickfat\",\"commanding\":false,\"reviving\":false,\"teraType\":\"Ground\",\"terastallized\":\"\"},{\"ident\":\"p1: Arboliva\",\"details\":\"Arboliva, L91, M\",\"condition\":\"290/290\",\"active\":false,\"stats\":{\"atk\":130,\"def\":216,\"spa\":279,\"spd\":250,\"spe\":123},\"moves\":[\"earthpower\",\"strengthsap\",\"energyball\",\"hypervoice\"],\"baseAbility\":\"seedsower\",\"item\":\"leftovers\",\"pokeball\":\"pokeball\",\"ability\":\"seedsower\",\"commanding\":false,\"reviving\":false,\"teraType\":\"Poison\",\"terastallized\":\"\"},{\"ident\":\"p1: Vikavolt\",\"details\":\"Vikavolt, L83, F\",\"condition\":\"0 fnt\",\"active\":false,\"stats\":{\"atk\":121,\"def\":197,\"spa\":288,\"spd\":172,\"spe\":119},\"moves\":[\"discharge\",\"stickyweb\",\"bugbuzz\",\"energyball\"],\"baseAbility\":\"levitate\",\"item\":\"heavydutyboots\",\"pokeball\":\"pokeball\",\"ability\":\"levitate\",\"commanding\":false,\"reviving\":false,\"teraType\":\"Electric\",\"terastallized\":\"\"},{\"ident\":\"p1: Glaceon\",\"details\":\"Glaceon, L94, M\",\"condition\":\"275/275\",\"active\":false,\"stats\":{\"atk\":117,\"def\":260,\"spa\":298,\"spd\":232,\"spe\":176},\"moves\":[\"freezedry\",\"protect\",\"calmmind\",\"wish\"],\"baseAbility\":\"icebody\",\"item\":\"heavydutyboots\",\"pokeball\":\"pokeball\",\"ability\":\"icebody\",\"commanding\":false,\"reviving\":false,\"teraType\":\"Water\",\"terastallized\":\"\"},{\"ident\":\"p1: Spectrier\",\"details\":\"Spectrier, L75\",\"condition\":\"274/274\",\"active\":false,\"stats\":{\"atk\":102,\"def\":134,\"spa\":261,\"spd\":164,\"spe\":239},\"moves\":[\"shadowball\",\"nastyplot\",\"drainingkiss\",\"willowisp\"],\"baseAbility\":\"grimneigh\",\"item\":\"lifeorb\",\"pokeball\":\"pokeball\",\"ability\":\"grimneigh\",\"commanding\":false,\"reviving\":false,\"teraType\":\"Fairy\",\"terastallized\":\"\"}]},\"rqid\":94}\n|inactive|Time left: 300 sec this turn | 300 sec total\n|\n|t:|1783392275\n|move|p1a: Kingdra|Waterfall|p2a: Toxapex\n|-damage|p2a: Toxapex|60/100\n|move|p2a: Toxapex|Haze|p2a: Toxapex\n|-clearallboost\n|\n|-heal|p2a: Toxapex|66/100|[from] item: Leftovers\n|upkeep\n|turn|47\n|request|{\"active\":[{\"moves\":[{\"move\":\"Wave Crash\",\"id\":\"wavecrash\",\"pp\":16,\"maxpp\":16,\"target\":\"normal\",\"disabled\":false},{\"move\":\"Dragon Dance\",\"id\":\"dragondance\",\"pp\":0,\"maxpp\":32,\"target\":\"self\",\"disabled\":true},{\"move\":\"Outrage\",\"id\":\"outrage\",\"pp\":15,\"maxpp\":16,\"target\":\"randomNormal\",\"disabled\":false},{\"move\":\"Waterfall\",\"id\":\"waterfall\",\"pp\":14,\"maxpp\":24,\"target\":\"normal\",\"disabled\":false}],\"canTerastallize\":\"Water\"}],\"side\":{\"name\":\"p0x083be4e\",\"id\":\"p1\",\"pokemon\":[{\"ident\":\"p1: Kingdra\",\"details\":\"Kingdra, L84, F\",\"condition\":\"247/263\",\"active\":true,\"stats\":{\"atk\":208,\"def\":208,\"spa\":208,\"spd\":208,\"spe\":191},\"moves\":[\"wavecrash\",\"dragondance\",\"outrage\",\"waterfall\"],\"baseAbility\":\"sniper\",\"item\":\"\",\"pokeball\":\"pokeball\",\"ability\":\"sniper\",\"commanding\":false,\"reviving\":false,\"teraType\":\"Water\",\"terastallized\":\"\"},{\"ident\":\"p1: Oinkologne\",\"details\":\"Oinkologne-F, L92, F\",\"condition\":\"361/361\",\"active\":false,\"stats\":{\"atk\":218,\"def\":181,\"spa\":161,\"spd\":218,\"spe\":172},\"moves\":[\"lashout\",\"curse\",\"bodyslam\",\"highhorsepower\"],\"baseAbility\":\"thickfat\",\"item\":\"leftovers\",\"pokeball\":\"pokeball\",\"ability\":\"thickfat\",\"commanding\":false,\"reviving\":false,\"teraType\":\"Ground\",\"terastallized\":\"\"},{\"ident\":\"p1: Arboliva\",\"details\":\"Arboliva, L91, M\",\"condition\":\"290/290\",\"active\":false,\"stats\":{\"atk\":130,\"def\":216,\"spa\":279,\"spd\":250,\"spe\":123},\"moves\":[\"earthpower\",\"strengthsap\",\"energyball\",\"hypervoice\"],\"baseAbility\":\"seedsower\",\"item\":\"leftovers\",\"pokeball\":\"pokeball\",\"ability\":\"seedsower\",\"commanding\":false,\"reviving\":false,\"teraType\":\"Poison\",\"terastallized\":\"\"},{\"ident\":\"p1: Vikavolt\",\"details\":\"Vikavolt, L83, F\",\"condition\":\"0 fnt\",\"active\":false,\"stats\":{\"atk\":121,\"def\":197,\"spa\":288,\"spd\":172,\"spe\":119},\"moves\":[\"discharge\",\"stickyweb\",\"bugbuzz\",\"energyball\"],\"baseAbility\":\"levitate\",\"item\":\"heavydutyboots\",\"pokeball\":\"pokeball\",\"ability\":\"levitate\",\"commanding\":false,\"reviving\":false,\"teraType\":\"Electric\",\"terastallized\":\"\"},{\"ident\":\"p1: Glaceon\",\"details\":\"Glaceon, L94, M\",\"condition\":\"275/275\",\"active\":false,\"stats\":{\"atk\":117,\"def\":260,\"spa\":298,\"spd\":232,\"spe\":176},\"moves\":[\"freezedry\",\"protect\",\"calmmind\",\"wish\"],\"baseAbility\":\"icebody\",\"item\":\"heavydutyboots\",\"pokeball\":\"pokeball\",\"ability\":\"icebody\",\"commanding\":false,\"reviving\":false,\"teraType\":\"Water\",\"terastallized\":\"\"},{\"ident\":\"p1: Spectrier\",\"details\":\"Spectrier, L75\",\"condition\":\"274/274\",\"active\":false,\"stats\":{\"atk\":102,\"def\":134,\"spa\":261,\"spd\":164,\"spe\":239},\"moves\":[\"shadowball\",\"nastyplot\",\"drainingkiss\",\"willowisp\"],\"baseAbility\":\"grimneigh\",\"item\":\"lifeorb\",\"pokeball\":\"pokeball\",\"ability\":\"grimneigh\",\"commanding\":false,\"reviving\":false,\"teraType\":\"Fairy\",\"terastallized\":\"\"}]},\"rqid\":96}\n|inactive|Time left: 300 sec this turn | 300 sec total\n|\n|t:|1783392275\n|switch|p2a: Arbok|Arbok, L87, F|100/100\n|-activate|p2a: Arbok|move: Sticky Web\n|-unboost|p2a: Arbok|spe|1\n|-ability|p2a: Arbok|Intimidate|boost\n|-unboost|p1a: Kingdra|atk|1\n|move|p1a: Kingdra|Waterfall|p2a: Arbok\n|-damage|p2a: Arbok|75/100\n|\n|-heal|p2a: Arbok|81/100|[from] item: Leftovers\n|upkeep\n|turn|48\n|request|{\"active\":[{\"moves\":[{\"move\":\"Wave Crash\",\"id\":\"wavecrash\",\"pp\":16,\"maxpp\":16,\"target\":\"normal\",\"disabled\":false},{\"move\":\"Dragon Dance\",\"id\":\"dragondance\",\"pp\":0,\"maxpp\":32,\"target\":\"self\",\"disabled\":true},{\"move\":\"Outrage\",\"id\":\"outrage\",\"pp\":15,\"maxpp\":16,\"target\":\"randomNormal\",\"disabled\":false},{\"move\":\"Waterfall\",\"id\":\"waterfall\",\"pp\":13,\"maxpp\":24,\"target\":\"normal\",\"disabled\":false}],\"canTerastallize\":\"Water\"}],\"side\":{\"name\":\"p0x083be4e\",\"id\":\"p1\",\"pokemon\":[{\"ident\":\"p1: Kingdra\",\"details\":\"Kingdra, L84, F\",\"condition\":\"247/263\",\"active\":true,\"stats\":{\"atk\":208,\"def\":208,\"spa\":208,\"spd\":208,\"spe\":191},\"moves\":[\"wavecrash\",\"dragondance\",\"outrage\",\"waterfall\"],\"baseAbility\":\"sniper\",\"item\":\"\",\"pokeball\":\"pokeball\",\"ability\":\"sniper\",\"commanding\":false,\"reviving\":false,\"teraType\":\"Water\",\"terastallized\":\"\"},{\"ident\":\"p1: Oinkologne\",\"details\":\"Oinkologne-F, L92, F\",\"condition\":\"361/361\",\"active\":false,\"stats\":{\"atk\":218,\"def\":181,\"spa\":161,\"spd\":218,\"spe\":172},\"moves\":[\"lashout\",\"curse\",\"bodyslam\",\"highhorsepower\"],\"baseAbility\":\"thickfat\",\"item\":\"leftovers\",\"pokeball\":\"pokeball\",\"ability\":\"thickfat\",\"commanding\":false,\"reviving\":false,\"teraType\":\"Ground\",\"terastallized\":\"\"},{\"ident\":\"p1: Arboliva\",\"details\":\"Arboliva, L91, M\",\"condition\":\"290/290\",\"active\":false,\"stats\":{\"atk\":130,\"def\":216,\"spa\":279,\"spd\":250,\"spe\":123},\"moves\":[\"earthpower\",\"strengthsap\",\"energyball\",\"hypervoice\"],\"baseAbility\":\"seedsower\",\"item\":\"leftovers\",\"pokeball\":\"pokeball\",\"ability\":\"seedsower\",\"commanding\":false,\"reviving\":false,\"teraType\":\"Poison\",\"terastallized\":\"\"},{\"ident\":\"p1: Vikavolt\",\"details\":\"Vikavolt, L83, F\",\"condition\":\"0 fnt\",\"active\":false,\"stats\":{\"atk\":121,\"def\":197,\"spa\":288,\"spd\":172,\"spe\":119},\"moves\":[\"discharge\",\"stickyweb\",\"bugbuzz\",\"energyball\"],\"baseAbility\":\"levitate\",\"item\":\"heavydutyboots\",\"pokeball\":\"pokeball\",\"ability\":\"levitate\",\"commanding\":false,\"reviving\":false,\"teraType\":\"Electric\",\"terastallized\":\"\"},{\"ident\":\"p1: Glaceon\",\"details\":\"Glaceon, L94, M\",\"condition\":\"275/275\",\"active\":false,\"stats\":{\"atk\":117,\"def\":260,\"spa\":298,\"spd\":232,\"spe\":176},\"moves\":[\"freezedry\",\"protect\",\"calmmind\",\"wish\"],\"baseAbility\":\"icebody\",\"item\":\"heavydutyboots\",\"pokeball\":\"pokeball\",\"ability\":\"icebody\",\"commanding\":false,\"reviving\":false,\"teraType\":\"Water\",\"terastallized\":\"\"},{\"ident\":\"p1: Spectrier\",\"details\":\"Spectrier, L75\",\"condition\":\"274/274\",\"active\":false,\"stats\":{\"atk\":102,\"def\":134,\"spa\":261,\"spd\":164,\"spe\":239},\"moves\":[\"shadowball\",\"nastyplot\",\"drainingkiss\",\"willowisp\"],\"baseAbility\":\"grimneigh\",\"item\":\"lifeorb\",\"pokeball\":\"pokeball\",\"ability\":\"grimneigh\",\"commanding\":false,\"reviving\":false,\"teraType\":\"Fairy\",\"terastallized\":\"\"}]},\"rqid\":98}\n|inactive|Time left: 300 sec this turn | 300 sec total\n|\n|t:|1783392276\n|move|p1a: Kingdra|Waterfall|p2a: Arbok\n|-damage|p2a: Arbok|54/100\n|move|p2a: Arbok|Gunk Shot|p1a: Kingdra\n|-damage|p1a: Kingdra|117/263\n|\n|-heal|p2a: Arbok|60/100|[from] item: Leftovers\n|upkeep\n|turn|49\n|request|{\"active\":[{\"moves\":[{\"move\":\"Wave Crash\",\"id\":\"wavecrash\",\"pp\":16,\"maxpp\":16,\"target\":\"normal\",\"disabled\":false},{\"move\":\"Dragon Dance\",\"id\":\"dragondance\",\"pp\":0,\"maxpp\":32,\"target\":\"self\",\"disabled\":true},{\"move\":\"Outrage\",\"id\":\"outrage\",\"pp\":15,\"maxpp\":16,\"target\":\"randomNormal\",\"disabled\":false},{\"move\":\"Waterfall\",\"id\":\"waterfall\",\"pp\":12,\"maxpp\":24,\"target\":\"normal\",\"disabled\":false}],\"canTerastallize\":\"Water\"}],\"side\":{\"name\":\"p0x083be4e\",\"id\":\"p1\",\"pokemon\":[{\"ident\":\"p1: Kingdra\",\"details\":\"Kingdra, L84, F\",\"condition\":\"117/263\",\"active\":true,\"stats\":{\"atk\":208,\"def\":208,\"spa\":208,\"spd\":208,\"spe\":191},\"moves\":[\"wavecrash\",\"dragondance\",\"outrage\",\"waterfall\"],\"baseAbility\":\"sniper\",\"item\":\"\",\"pokeball\":\"pokeball\",\"ability\":\"sniper\",\"commanding\":false,\"reviving\":false,\"teraType\":\"Water\",\"terastallized\":\"\"},{\"ident\":\"p1: Oinkologne\",\"details\":\"Oinkologne-F, L92, F\",\"condition\":\"361/361\",\"active\":false,\"stats\":{\"atk\":218,\"def\":181,\"spa\":161,\"spd\":218,\"spe\":172},\"moves\":[\"lashout\",\"curse\",\"bodyslam\",\"highhorsepower\"],\"baseAbility\":\"thickfat\",\"item\":\"leftovers\",\"pokeball\":\"pokeball\",\"ability\":\"thickfat\",\"commanding\":false,\"reviving\":false,\"teraType\":\"Ground\",\"terastallized\":\"\"},{\"ident\":\"p1: Arboliva\",\"details\":\"Arboliva, L91, M\",\"condition\":\"290/290\",\"active\":false,\"stats\":{\"atk\":130,\"def\":216,\"spa\":279,\"spd\":250,\"spe\":123},\"moves\":[\"earthpower\",\"strengthsap\",\"energyball\",\"hypervoice\"],\"baseAbility\":\"seedsower\",\"item\":\"leftovers\",\"pokeball\":\"pokeball\",\"ability\":\"seedsower\",\"commanding\":false,\"reviving\":false,\"teraType\":\"Poison\",\"terastallized\":\"\"},{\"ident\":\"p1: Vikavolt\",\"details\":\"Vikavolt, L83, F\",\"condition\":\"0 fnt\",\"active\":false,\"stats\":{\"atk\":121,\"def\":197,\"spa\":288,\"spd\":172,\"spe\":119},\"moves\":[\"discharge\",\"stickyweb\",\"bugbuzz\",\"energyball\"],\"baseAbility\":\"levitate\",\"item\":\"heavydutyboots\",\"pokeball\":\"pokeball\",\"ability\":\"levitate\",\"commanding\":false,\"reviving\":false,\"teraType\":\"Electric\",\"terastallized\":\"\"},{\"ident\":\"p1: Glaceon\",\"details\":\"Glaceon, L94, M\",\"condition\":\"275/275\",\"active\":false,\"stats\":{\"atk\":117,\"def\":260,\"spa\":298,\"spd\":232,\"spe\":176},\"moves\":[\"freezedry\",\"protect\",\"calmmind\",\"wish\"],\"baseAbility\":\"icebody\",\"item\":\"heavydutyboots\",\"pokeball\":\"pokeball\",\"ability\":\"icebody\",\"commanding\":false,\"reviving\":false,\"teraType\":\"Water\",\"terastallized\":\"\"},{\"ident\":\"p1: Spectrier\",\"details\":\"Spectrier, L75\",\"condition\":\"274/274\",\"active\":false,\"stats\":{\"atk\":102,\"def\":134,\"spa\":261,\"spd\":164,\"spe\":239},\"moves\":[\"shadowball\",\"nastyplot\",\"drainingkiss\",\"willowisp\"],\"baseAbility\":\"grimneigh\",\"item\":\"lifeorb\",\"pokeball\":\"pokeball\",\"ability\":\"grimneigh\",\"commanding\":false,\"reviving\":false,\"teraType\":\"Fairy\",\"terastallized\":\"\"}]},\"rqid\":100}\n|inactive|Time left: 300 sec this turn | 300 sec total\n|\n|t:|1783392276\n|switch|p2a: Serperior|Serperior, L79, M|100/100\n|-activate|p2a: Serperior|move: Sticky Web\n|-boost|p2a: Serperior|spe|1\n|move|p1a: Kingdra|Wave Crash|p2a: Serperior\n|-resisted|p2a: Serperior\n|-damage|p2a: Serperior|83/100\n|-damage|p1a: Kingdra|102/263|[from] Recoil\n|\n|-heal|p2a: Serperior|89/100|[from] item: Leftovers\n|upkeep\n|turn|50\n|request|{\"active\":[{\"moves\":[{\"move\":\"Wave Crash\",\"id\":\"wavecrash\",\"pp\":15,\"maxpp\":16,\"target\":\"normal\",\"disabled\":false},{\"move\":\"Dragon Dance\",\"id\":\"dragondance\",\"pp\":0,\"maxpp\":32,\"target\":\"self\",\"disabled\":true},{\"move\":\"Outrage\",\"id\":\"outrage\",\"pp\":15,\"maxpp\":16,\"target\":\"randomNormal\",\"disabled\":false},{\"move\":\"Waterfall\",\"id\":\"waterfall\",\"pp\":12,\"maxpp\":24,\"target\":\"normal\",\"disabled\":false}],\"canTerastallize\":\"Water\"}],\"side\":{\"name\":\"p0x083be4e\",\"id\":\"p1\",\"pokemon\":[{\"ident\":\"p1: Kingdra\",\"details\":\"Kingdra, L84, F\",\"condition\":\"102/263\",\"active\":true,\"stats\":{\"atk\":208,\"def\":208,\"spa\":208,\"spd\":208,\"spe\":191},\"moves\":[\"wavecrash\",\"dragondance\",\"outrage\",\"waterfall\"],\"baseAbility\":\"sniper\",\"item\":\"\",\"pokeball\":\"pokeball\",\"ability\":\"sniper\",\"commanding\":false,\"reviving\":false,\"teraType\":\"Water\",\"terastallized\":\"\"},{\"ident\":\"p1: Oinkologne\",\"details\":\"Oinkologne-F, L92, F\",\"condition\":\"361/361\",\"active\":false,\"stats\":{\"atk\":218,\"def\":181,\"spa\":161,\"spd\":218,\"spe\":172},\"moves\":[\"lashout\",\"curse\",\"bodyslam\",\"highhorsepower\"],\"baseAbility\":\"thickfat\",\"item\":\"leftovers\",\"pokeball\":\"pokeball\",\"ability\":\"thickfat\",\"commanding\":false,\"reviving\":false,\"teraType\":\"Ground\",\"terastallized\":\"\"},{\"ident\":\"p1: Arboliva\",\"details\":\"Arboliva, L91, M\",\"condition\":\"290/290\",\"active\":false,\"stats\":{\"atk\":130,\"def\":216,\"spa\":279,\"spd\":250,\"spe\":123},\"moves\":[\"earthpower\",\"strengthsap\",\"energyball\",\"hypervoice\"],\"baseAbility\":\"seedsower\",\"item\":\"leftovers\",\"pokeball\":\"pokeball\",\"ability\":\"seedsower\",\"commanding\":false,\"reviving\":false,\"teraType\":\"Poison\",\"terastallized\":\"\"},{\"ident\":\"p1: Vikavolt\",\"details\":\"Vikavolt, L83, F\",\"condition\":\"0 fnt\",\"active\":false,\"stats\":{\"atk\":121,\"def\":197,\"spa\":288,\"spd\":172,\"spe\":119},\"moves\":[\"discharge\",\"stickyweb\",\"bugbuzz\",\"energyball\"],\"baseAbility\":\"levitate\",\"item\":\"heavydutyboots\",\"pokeball\":\"pokeball\",\"ability\":\"levitate\",\"commanding\":false,\"reviving\":false,\"teraType\":\"Electric\",\"terastallized\":\"\"},{\"ident\":\"p1: Glaceon\",\"details\":\"Glaceon, L94, M\",\"condition\":\"275/275\",\"active\":false,\"stats\":{\"atk\":117,\"def\":260,\"spa\":298,\"spd\":232,\"spe\":176},\"moves\":[\"freezedry\",\"protect\",\"calmmind\",\"wish\"],\"baseAbility\":\"icebody\",\"item\":\"heavydutyboots\",\"pokeball\":\"pokeball\",\"ability\":\"icebody\",\"commanding\":false,\"reviving\":false,\"teraType\":\"Water\",\"terastallized\":\"\"},{\"ident\":\"p1: Spectrier\",\"details\":\"Spectrier, L75\",\"condition\":\"274/274\",\"active\":false,\"stats\":{\"atk\":102,\"def\":134,\"spa\":261,\"spd\":164,\"spe\":239},\"moves\":[\"shadowball\",\"nastyplot\",\"drainingkiss\",\"willowisp\"],\"baseAbility\":\"grimneigh\",\"item\":\"lifeorb\",\"pokeball\":\"pokeball\",\"ability\":\"grimneigh\",\"commanding\":false,\"reviving\":false,\"teraType\":\"Fairy\",\"terastallized\":\"\"}]},\"rqid\":102}\n|inactive|Time left: 300 sec this turn | 300 sec total\n|\n|t:|1783392276\n|switch|p1a: Glaceon|Glaceon, L94, M|275/275\n|move|p2a: Serperior|Leaf Storm|p1a: Glaceon\n|-damage|p1a: Glaceon|187/275\n|-boost|p2a: Serperior|spa|2\n|\n|-heal|p2a: Serperior|95/100|[from] item: Leftovers\n|upkeep\n|turn|51\n|request|{\"active\":[{\"moves\":[{\"move\":\"Freeze-Dry\",\"id\":\"freezedry\",\"pp\":32,\"maxpp\":32,\"target\":\"normal\",\"disabled\":false},{\"move\":\"Protect\",\"id\":\"protect\",\"pp\":16,\"maxpp\":16,\"target\":\"self\",\"disabled\":false},{\"move\":\"Calm Mind\",\"id\":\"calmmind\",\"pp\":32,\"maxpp\":32,\"target\":\"self\",\"disabled\":false},{\"move\":\"Wish\",\"id\":\"wish\",\"pp\":16,\"maxpp\":16,\"target\":\"self\",\"disabled\":false}],\"canTerastallize\":\"Water\"}],\"side\":{\"name\":\"p0x083be4e\",\"id\":\"p1\",\"pokemon\":[{\"ident\":\"p1: Glaceon\",\"details\":\"Glaceon, L94, M\",\"condition\":\"187/275\",\"active\":true,\"stats\":{\"atk\":117,\"def\":260,\"spa\":298,\"spd\":232,\"spe\":176},\"moves\":[\"freezedry\",\"protect\",\"calmmind\",\"wish\"],\"baseAbility\":\"icebody\",\"item\":\"heavydutyboots\",\"pokeball\":\"pokeball\",\"ability\":\"icebody\",\"commanding\":false,\"reviving\":false,\"teraType\":\"Water\",\"terastallized\":\"\"},{\"ident\":\"p1: Oinkologne\",\"details\":\"Oinkologne-F, L92, F\",\"condition\":\"361/361\",\"active\":false,\"stats\":{\"atk\":218,\"def\":181,\"spa\":161,\"spd\":218,\"spe\":172},\"moves\":[\"lashout\",\"curse\",\"bodyslam\",\"highhorsepower\"],\"baseAbility\":\"thickfat\",\"item\":\"leftovers\",\"pokeball\":\"pokeball\",\"ability\":\"thickfat\",\"commanding\":false,\"reviving\":false,\"teraType\":\"Ground\",\"terastallized\":\"\"},{\"ident\":\"p1: Arboliva\",\"details\":\"Arboliva, L91, M\",\"condition\":\"290/290\",\"active\":false,\"stats\":{\"atk\":130,\"def\":216,\"spa\":279,\"spd\":250,\"spe\":123},\"moves\":[\"earthpower\",\"strengthsap\",\"energyball\",\"hypervoice\"],\"baseAbility\":\"seedsower\",\"item\":\"leftovers\",\"pokeball\":\"pokeball\",\"ability\":\"seedsower\",\"commanding\":false,\"reviving\":false,\"teraType\":\"Poison\",\"terastallized\":\"\"},{\"ident\":\"p1: Vikavolt\",\"details\":\"Vikavolt, L83, F\",\"condition\":\"0 fnt\",\"active\":false,\"stats\":{\"atk\":121,\"def\":197,\"spa\":288,\"spd\":172,\"spe\":119},\"moves\":[\"discharge\",\"stickyweb\",\"bugbuzz\",\"energyball\"],\"baseAbility\":\"levitate\",\"item\":\"heavydutyboots\",\"pokeball\":\"pokeball\",\"ability\":\"levitate\",\"commanding\":false,\"reviving\":false,\"teraType\":\"Electric\",\"terastallized\":\"\"},{\"ident\":\"p1: Kingdra\",\"details\":\"Kingdra, L84, F\",\"condition\":\"102/263\",\"active\":false,\"stats\":{\"atk\":208,\"def\":208,\"spa\":208,\"spd\":208,\"spe\":191},\"moves\":[\"wavecrash\",\"dragondance\",\"outrage\",\"waterfall\"],\"baseAbility\":\"sniper\",\"item\":\"\",\"pokeball\":\"pokeball\",\"ability\":\"sniper\",\"commanding\":false,\"reviving\":false,\"teraType\":\"Water\",\"terastallized\":\"\"},{\"ident\":\"p1: Spectrier\",\"details\":\"Spectrier, L75\",\"condition\":\"274/274\",\"active\":false,\"stats\":{\"atk\":102,\"def\":134,\"spa\":261,\"spd\":164,\"spe\":239},\"moves\":[\"shadowball\",\"nastyplot\",\"drainingkiss\",\"willowisp\"],\"baseAbility\":\"grimneigh\",\"item\":\"lifeorb\",\"pokeball\":\"pokeball\",\"ability\":\"grimneigh\",\"commanding\":false,\"reviving\":false,\"teraType\":\"Fairy\",\"terastallized\":\"\"}]},\"rqid\":104}\n|inactive|Time left: 300 sec this turn | 300 sec total\n|\n|t:|1783392276\n|move|p2a: Serperior|Substitute|p2a: Serperior\n|-start|p2a: Serperior|Substitute\n|-damage|p2a: Serperior|70/100\n|move|p1a: Glaceon|Freeze-Dry|p2a: Serperior\n|-supereffective|p2a: Serperior\n|-end|p2a: Serperior|Substitute\n|\n|-heal|p2a: Serperior|76/100|[from] item: Leftovers\n|upkeep\n|turn|52\n|request|{\"active\":[{\"moves\":[{\"move\":\"Freeze-Dry\",\"id\":\"freezedry\",\"pp\":31,\"maxpp\":32,\"target\":\"normal\",\"disabled\":false},{\"move\":\"Protect\",\"id\":\"protect\",\"pp\":16,\"maxpp\":16,\"target\":\"self\",\"disabled\":false},{\"move\":\"Calm Mind\",\"id\":\"calmmind\",\"pp\":32,\"maxpp\":32,\"target\":\"self\",\"disabled\":false},{\"move\":\"Wish\",\"id\":\"wish\",\"pp\":16,\"maxpp\":16,\"target\":\"self\",\"disabled\":false}],\"canTerastallize\":\"Water\"}],\"side\":{\"name\":\"p0x083be4e\",\"id\":\"p1\",\"pokemon\":[{\"ident\":\"p1: Glaceon\",\"details\":\"Glaceon, L94, M\",\"condition\":\"187/275\",\"active\":true,\"stats\":{\"atk\":117,\"def\":260,\"spa\":298,\"spd\":232,\"spe\":176},\"moves\":[\"freezedry\",\"protect\",\"calmmind\",\"wish\"],\"baseAbility\":\"icebody\",\"item\":\"heavydutyboots\",\"pokeball\":\"pokeball\",\"ability\":\"icebody\",\"commanding\":false,\"reviving\":false,\"teraType\":\"Water\",\"terastallized\":\"\"},{\"ident\":\"p1: Oinkologne\",\"details\":\"Oinkologne-F, L92, F\",\"condition\":\"361/361\",\"active\":false,\"stats\":{\"atk\":218,\"def\":181,\"spa\":161,\"spd\":218,\"spe\":172},\"moves\":[\"lashout\",\"curse\",\"bodyslam\",\"highhorsepower\"],\"baseAbility\":\"thickfat\",\"item\":\"leftovers\",\"pokeball\":\"pokeball\",\"ability\":\"thickfat\",\"commanding\":false,\"reviving\":false,\"teraType\":\"Ground\",\"terastallized\":\"\"},{\"ident\":\"p1: Arboliva\",\"details\":\"Arboliva, L91, M\",\"condition\":\"290/290\",\"active\":false,\"stats\":{\"atk\":130,\"def\":216,\"spa\":279,\"spd\":250,\"spe\":123},\"moves\":[\"earthpower\",\"strengthsap\",\"energyball\",\"hypervoice\"],\"baseAbility\":\"seedsower\",\"item\":\"leftovers\",\"pokeball\":\"pokeball\",\"ability\":\"seedsower\",\"commanding\":false,\"reviving\":false,\"teraType\":\"Poison\",\"terastallized\":\"\"},{\"ident\":\"p1: Vikavolt\",\"details\":\"Vikavolt, L83, F\",\"condition\":\"0 fnt\",\"active\":false,\"stats\":{\"atk\":121,\"def\":197,\"spa\":288,\"spd\":172,\"spe\":119},\"moves\":[\"discharge\",\"stickyweb\",\"bugbuzz\",\"energyball\"],\"baseAbility\":\"levitate\",\"item\":\"heavydutyboots\",\"pokeball\":\"pokeball\",\"ability\":\"levitate\",\"commanding\":false,\"reviving\":false,\"teraType\":\"Electric\",\"terastallized\":\"\"},{\"ident\":\"p1: Kingdra\",\"details\":\"Kingdra, L84, F\",\"condition\":\"102/263\",\"active\":false,\"stats\":{\"atk\":208,\"def\":208,\"spa\":208,\"spd\":208,\"spe\":191},\"moves\":[\"wavecrash\",\"dragondance\",\"outrage\",\"waterfall\"],\"baseAbility\":\"sniper\",\"item\":\"\",\"pokeball\":\"pokeball\",\"ability\":\"sniper\",\"commanding\":false,\"reviving\":false,\"teraType\":\"Water\",\"terastallized\":\"\"},{\"ident\":\"p1: Spectrier\",\"details\":\"Spectrier, L75\",\"condition\":\"274/274\",\"active\":false,\"stats\":{\"atk\":102,\"def\":134,\"spa\":261,\"spd\":164,\"spe\":239},\"moves\":[\"shadowball\",\"nastyplot\",\"drainingkiss\",\"willowisp\"],\"baseAbility\":\"grimneigh\",\"item\":\"lifeorb\",\"pokeball\":\"pokeball\",\"ability\":\"grimneigh\",\"commanding\":false,\"reviving\":false,\"teraType\":\"Fairy\",\"terastallized\":\"\"}]},\"rqid\":106}\n|inactive|Time left: 300 sec this turn | 300 sec total\n|\n|t:|1783392277\n|move|p2a: Serperior|Substitute|p2a: Serperior\n|-start|p2a: Serperior|Substitute\n|-damage|p2a: Serperior|51/100\n|move|p1a: Glaceon|Freeze-Dry|p2a: Serperior\n|-supereffective|p2a: Serperior\n|-end|p2a: Serperior|Substitute\n|\n|-heal|p2a: Serperior|57/100|[from] item: Leftovers\n|upkeep\n|turn|53\n|request|{\"active\":[{\"moves\":[{\"move\":\"Freeze-Dry\",\"id\":\"freezedry\",\"pp\":30,\"maxpp\":32,\"target\":\"normal\",\"disabled\":false},{\"move\":\"Protect\",\"id\":\"protect\",\"pp\":16,\"maxpp\":16,\"target\":\"self\",\"disabled\":false},{\"move\":\"Calm Mind\",\"id\":\"calmmind\",\"pp\":32,\"maxpp\":32,\"target\":\"self\",\"disabled\":false},{\"move\":\"Wish\",\"id\":\"wish\",\"pp\":16,\"maxpp\":16,\"target\":\"self\",\"disabled\":false}],\"canTerastallize\":\"Water\"}],\"side\":{\"name\":\"p0x083be4e\",\"id\":\"p1\",\"pokemon\":[{\"ident\":\"p1: Glaceon\",\"details\":\"Glaceon, L94, M\",\"condition\":\"187/275\",\"active\":true,\"stats\":{\"atk\":117,\"def\":260,\"spa\":298,\"spd\":232,\"spe\":176},\"moves\":[\"freezedry\",\"protect\",\"calmmind\",\"wish\"],\"baseAbility\":\"icebody\",\"item\":\"heavydutyboots\",\"pokeball\":\"pokeball\",\"ability\":\"icebody\",\"commanding\":false,\"reviving\":false,\"teraType\":\"Water\",\"terastallized\":\"\"},{\"ident\":\"p1: Oinkologne\",\"details\":\"Oinkologne-F, L92, F\",\"condition\":\"361/361\",\"active\":false,\"stats\":{\"atk\":218,\"def\":181,\"spa\":161,\"spd\":218,\"spe\":172},\"moves\":[\"lashout\",\"curse\",\"bodyslam\",\"highhorsepower\"],\"baseAbility\":\"thickfat\",\"item\":\"leftovers\",\"pokeball\":\"pokeball\",\"ability\":\"thickfat\",\"commanding\":false,\"reviving\":false,\"teraType\":\"Ground\",\"terastallized\":\"\"},{\"ident\":\"p1: Arboliva\",\"details\":\"Arboliva, L91, M\",\"condition\":\"290/290\",\"active\":false,\"stats\":{\"atk\":130,\"def\":216,\"spa\":279,\"spd\":250,\"spe\":123},\"moves\":[\"earthpower\",\"strengthsap\",\"energyball\",\"hypervoice\"],\"baseAbility\":\"seedsower\",\"item\":\"leftovers\",\"pokeball\":\"pokeball\",\"ability\":\"seedsower\",\"commanding\":false,\"reviving\":false,\"teraType\":\"Poison\",\"terastallized\":\"\"},{\"ident\":\"p1: Vikavolt\",\"details\":\"Vikavolt, L83, F\",\"condition\":\"0 fnt\",\"active\":false,\"stats\":{\"atk\":121,\"def\":197,\"spa\":288,\"spd\":172,\"spe\":119},\"moves\":[\"discharge\",\"stickyweb\",\"bugbuzz\",\"energyball\"],\"baseAbility\":\"levitate\",\"item\":\"heavydutyboots\",\"pokeball\":\"pokeball\",\"ability\":\"levitate\",\"commanding\":false,\"reviving\":false,\"teraType\":\"Electric\",\"terastallized\":\"\"},{\"ident\":\"p1: Kingdra\",\"details\":\"Kingdra, L84, F\",\"condition\":\"102/263\",\"active\":false,\"stats\":{\"atk\":208,\"def\":208,\"spa\":208,\"spd\":208,\"spe\":191},\"moves\":[\"wavecrash\",\"dragondance\",\"outrage\",\"waterfall\"],\"baseAbility\":\"sniper\",\"item\":\"\",\"pokeball\":\"pokeball\",\"ability\":\"sniper\",\"commanding\":false,\"reviving\":false,\"teraType\":\"Water\",\"terastallized\":\"\"},{\"ident\":\"p1: Spectrier\",\"details\":\"Spectrier, L75\",\"condition\":\"274/274\",\"active\":false,\"stats\":{\"atk\":102,\"def\":134,\"spa\":261,\"spd\":164,\"spe\":239},\"moves\":[\"shadowball\",\"nastyplot\",\"drainingkiss\",\"willowisp\"],\"baseAbility\":\"grimneigh\",\"item\":\"lifeorb\",\"pokeball\":\"pokeball\",\"ability\":\"grimneigh\",\"commanding\":false,\"reviving\":false,\"teraType\":\"Fairy\",\"terastallized\":\"\"}]},\"rqid\":108}\n|inactive|Time left: 300 sec this turn | 300 sec total\n|\n|t:|1783392277\n|move|p2a: Serperior|Substitute|p2a: Serperior\n|-start|p2a: Serperior|Substitute\n|-damage|p2a: Serperior|32/100\n|move|p1a: Glaceon|Freeze-Dry|p2a: Serperior\n|-supereffective|p2a: Serperior\n|-end|p2a: Serperior|Substitute\n|\n|-heal|p2a: Serperior|38/100|[from] item: Leftovers\n|upkeep\n|turn|54\n|request|{\"active\":[{\"moves\":[{\"move\":\"Freeze-Dry\",\"id\":\"freezedry\",\"pp\":29,\"maxpp\":32,\"target\":\"normal\",\"disabled\":false},{\"move\":\"Protect\",\"id\":\"protect\",\"pp\":16,\"maxpp\":16,\"target\":\"self\",\"disabled\":false},{\"move\":\"Calm Mind\",\"id\":\"calmmind\",\"pp\":32,\"maxpp\":32,\"target\":\"self\",\"disabled\":false},{\"move\":\"Wish\",\"id\":\"wish\",\"pp\":16,\"maxpp\":16,\"target\":\"self\",\"disabled\":false}],\"canTerastallize\":\"Water\"}],\"side\":{\"name\":\"p0x083be4e\",\"id\":\"p1\",\"pokemon\":[{\"ident\":\"p1: Glaceon\",\"details\":\"Glaceon, L94, M\",\"condition\":\"187/275\",\"active\":true,\"stats\":{\"atk\":117,\"def\":260,\"spa\":298,\"spd\":232,\"spe\":176},\"moves\":[\"freezedry\",\"protect\",\"calmmind\",\"wish\"],\"baseAbility\":\"icebody\",\"item\":\"heavydutyboots\",\"pokeball\":\"pokeball\",\"ability\":\"icebody\",\"commanding\":false,\"reviving\":false,\"teraType\":\"Water\",\"terastallized\":\"\"},{\"ident\":\"p1: Oinkologne\",\"details\":\"Oinkologne-F, L92, F\",\"condition\":\"361/361\",\"active\":false,\"stats\":{\"atk\":218,\"def\":181,\"spa\":161,\"spd\":218,\"spe\":172},\"moves\":[\"lashout\",\"curse\",\"bodyslam\",\"highhorsepower\"],\"baseAbility\":\"thickfat\",\"item\":\"leftovers\",\"pokeball\":\"pokeball\",\"ability\":\"thickfat\",\"commanding\":false,\"reviving\":false,\"teraType\":\"Ground\",\"terastallized\":\"\"},{\"ident\":\"p1: Arboliva\",\"details\":\"Arboliva, L91, M\",\"condition\":\"290/290\",\"active\":false,\"stats\":{\"atk\":130,\"def\":216,\"spa\":279,\"spd\":250,\"spe\":123},\"moves\":[\"earthpower\",\"strengthsap\",\"energyball\",\"hypervoice\"],\"baseAbility\":\"seedsower\",\"item\":\"leftovers\",\"pokeball\":\"pokeball\",\"ability\":\"seedsower\",\"commanding\":false,\"reviving\":false,\"teraType\":\"Poison\",\"terastallized\":\"\"},{\"ident\":\"p1: Vikavolt\",\"details\":\"Vikavolt, L83, F\",\"condition\":\"0 fnt\",\"active\":false,\"stats\":{\"atk\":121,\"def\":197,\"spa\":288,\"spd\":172,\"spe\":119},\"moves\":[\"discharge\",\"stickyweb\",\"bugbuzz\",\"energyball\"],\"baseAbility\":\"levitate\",\"item\":\"heavydutyboots\",\"pokeball\":\"pokeball\",\"ability\":\"levitate\",\"commanding\":false,\"reviving\":false,\"teraType\":\"Electric\",\"terastallized\":\"\"},{\"ident\":\"p1: Kingdra\",\"details\":\"Kingdra, L84, F\",\"condition\":\"102/263\",\"active\":false,\"stats\":{\"atk\":208,\"def\":208,\"spa\":208,\"spd\":208,\"spe\":191},\"moves\":[\"wavecrash\",\"dragondance\",\"outrage\",\"waterfall\"],\"baseAbility\":\"sniper\",\"item\":\"\",\"pokeball\":\"pokeball\",\"ability\":\"sniper\",\"commanding\":false,\"reviving\":false,\"teraType\":\"Water\",\"terastallized\":\"\"},{\"ident\":\"p1: Spectrier\",\"details\":\"Spectrier, L75\",\"condition\":\"274/274\",\"active\":false,\"stats\":{\"atk\":102,\"def\":134,\"spa\":261,\"spd\":164,\"spe\":239},\"moves\":[\"shadowball\",\"nastyplot\",\"drainingkiss\",\"willowisp\"],\"baseAbility\":\"grimneigh\",\"item\":\"lifeorb\",\"pokeball\":\"pokeball\",\"ability\":\"grimneigh\",\"commanding\":false,\"reviving\":false,\"teraType\":\"Fairy\",\"terastallized\":\"\"}]},\"rqid\":110}\n|inactive|Time left: 300 sec this turn | 300 sec total\n|\n|t:|1783392277\n|move|p2a: Serperior|Substitute|p2a: Serperior\n|-start|p2a: Serperior|Substitute\n|-damage|p2a: Serperior|13/100\n|move|p1a: Glaceon|Freeze-Dry|p2a: Serperior\n|-supereffective|p2a: Serperior\n|-end|p2a: Serperior|Substitute\n|\n|-heal|p2a: Serperior|19/100|[from] item: Leftovers\n|upkeep\n|turn|55\n|request|{\"active\":[{\"moves\":[{\"move\":\"Freeze-Dry\",\"id\":\"freezedry\",\"pp\":28,\"maxpp\":32,\"target\":\"normal\",\"disabled\":false},{\"move\":\"Protect\",\"id\":\"protect\",\"pp\":16,\"maxpp\":16,\"target\":\"self\",\"disabled\":false},{\"move\":\"Calm Mind\",\"id\":\"calmmind\",\"pp\":32,\"maxpp\":32,\"target\":\"self\",\"disabled\":false},{\"move\":\"Wish\",\"id\":\"wish\",\"pp\":16,\"maxpp\":16,\"target\":\"self\",\"disabled\":false}],\"canTerastallize\":\"Water\"}],\"side\":{\"name\":\"p0x083be4e\",\"id\":\"p1\",\"pokemon\":[{\"ident\":\"p1: Glaceon\",\"details\":\"Glaceon, L94, M\",\"condition\":\"187/275\",\"active\":true,\"stats\":{\"atk\":117,\"def\":260,\"spa\":298,\"spd\":232,\"spe\":176},\"moves\":[\"freezedry\",\"protect\",\"calmmind\",\"wish\"],\"baseAbility\":\"icebody\",\"item\":\"heavydutyboots\",\"pokeball\":\"pokeball\",\"ability\":\"icebody\",\"commanding\":false,\"reviving\":false,\"teraType\":\"Water\",\"terastallized\":\"\"},{\"ident\":\"p1: Oinkologne\",\"details\":\"Oinkologne-F, L92, F\",\"condition\":\"361/361\",\"active\":false,\"stats\":{\"atk\":218,\"def\":181,\"spa\":161,\"spd\":218,\"spe\":172},\"moves\":[\"lashout\",\"curse\",\"bodyslam\",\"highhorsepower\"],\"baseAbility\":\"thickfat\",\"item\":\"leftovers\",\"pokeball\":\"pokeball\",\"ability\":\"thickfat\",\"commanding\":false,\"reviving\":false,\"teraType\":\"Ground\",\"terastallized\":\"\"},{\"ident\":\"p1: Arboliva\",\"details\":\"Arboliva, L91, M\",\"condition\":\"290/290\",\"active\":false,\"stats\":{\"atk\":130,\"def\":216,\"spa\":279,\"spd\":250,\"spe\":123},\"moves\":[\"earthpower\",\"strengthsap\",\"energyball\",\"hypervoice\"],\"baseAbility\":\"seedsower\",\"item\":\"leftovers\",\"pokeball\":\"pokeball\",\"ability\":\"seedsower\",\"commanding\":false,\"reviving\":false,\"teraType\":\"Poison\",\"terastallized\":\"\"},{\"ident\":\"p1: Vikavolt\",\"details\":\"Vikavolt, L83, F\",\"condition\":\"0 fnt\",\"active\":false,\"stats\":{\"atk\":121,\"def\":197,\"spa\":288,\"spd\":172,\"spe\":119},\"moves\":[\"discharge\",\"stickyweb\",\"bugbuzz\",\"energyball\"],\"baseAbility\":\"levitate\",\"item\":\"heavydutyboots\",\"pokeball\":\"pokeball\",\"ability\":\"levitate\",\"commanding\":false,\"reviving\":false,\"teraType\":\"Electric\",\"terastallized\":\"\"},{\"ident\":\"p1: Kingdra\",\"details\":\"Kingdra, L84, F\",\"condition\":\"102/263\",\"active\":false,\"stats\":{\"atk\":208,\"def\":208,\"spa\":208,\"spd\":208,\"spe\":191},\"moves\":[\"wavecrash\",\"dragondance\",\"outrage\",\"waterfall\"],\"baseAbility\":\"sniper\",\"item\":\"\",\"pokeball\":\"pokeball\",\"ability\":\"sniper\",\"commanding\":false,\"reviving\":false,\"teraType\":\"Water\",\"terastallized\":\"\"},{\"ident\":\"p1: Spectrier\",\"details\":\"Spectrier, L75\",\"condition\":\"274/274\",\"active\":false,\"stats\":{\"atk\":102,\"def\":134,\"spa\":261,\"spd\":164,\"spe\":239},\"moves\":[\"shadowball\",\"nastyplot\",\"drainingkiss\",\"willowisp\"],\"baseAbility\":\"grimneigh\",\"item\":\"lifeorb\",\"pokeball\":\"pokeball\",\"ability\":\"grimneigh\",\"commanding\":false,\"reviving\":false,\"teraType\":\"Fairy\",\"terastallized\":\"\"}]},\"rqid\":112}\n|inactive|Time left: 300 sec this turn | 300 sec total\n|\n|t:|1783392277\n|move|p2a: Serperior|Leaf Storm|p1a: Glaceon\n|-damage|p1a: Glaceon|6/275\n|-boost|p2a: Serperior|spa|2\n|move|p1a: Glaceon|Freeze-Dry|p2a: Serperior\n|-supereffective|p2a: Serperior\n|-damage|p2a: Serperior|0 fnt\n|faint|p2a: Serperior\n|\n|upkeep\n|request|{\"wait\":true,\"side\":{\"name\":\"p0x083be4e\",\"id\":\"p1\",\"pokemon\":[{\"ident\":\"p1: Glaceon\",\"details\":\"Glaceon, L94, M\",\"condition\":\"6/275\",\"active\":true,\"stats\":{\"atk\":117,\"def\":260,\"spa\":298,\"spd\":232,\"spe\":176},\"moves\":[\"freezedry\",\"protect\",\"calmmind\",\"wish\"],\"baseAbility\":\"icebody\",\"item\":\"heavydutyboots\",\"pokeball\":\"pokeball\",\"ability\":\"icebody\",\"commanding\":false,\"reviving\":false,\"teraType\":\"Water\",\"terastallized\":\"\"},{\"ident\":\"p1: Oinkologne\",\"details\":\"Oinkologne-F, L92, F\",\"condition\":\"361/361\",\"active\":false,\"stats\":{\"atk\":218,\"def\":181,\"spa\":161,\"spd\":218,\"spe\":172},\"moves\":[\"lashout\",\"curse\",\"bodyslam\",\"highhorsepower\"],\"baseAbility\":\"thickfat\",\"item\":\"leftovers\",\"pokeball\":\"pokeball\",\"ability\":\"thickfat\",\"commanding\":false,\"reviving\":false,\"teraType\":\"Ground\",\"terastallized\":\"\"},{\"ident\":\"p1: Arboliva\",\"details\":\"Arboliva, L91, M\",\"condition\":\"290/290\",\"active\":false,\"stats\":{\"atk\":130,\"def\":216,\"spa\":279,\"spd\":250,\"spe\":123},\"moves\":[\"earthpower\",\"strengthsap\",\"energyball\",\"hypervoice\"],\"baseAbility\":\"seedsower\",\"item\":\"leftovers\",\"pokeball\":\"pokeball\",\"ability\":\"seedsower\",\"commanding\":false,\"reviving\":false,\"teraType\":\"Poison\",\"terastallized\":\"\"},{\"ident\":\"p1: Vikavolt\",\"details\":\"Vikavolt, L83, F\",\"condition\":\"0 fnt\",\"active\":false,\"stats\":{\"atk\":121,\"def\":197,\"spa\":288,\"spd\":172,\"spe\":119},\"moves\":[\"discharge\",\"stickyweb\",\"bugbuzz\",\"energyball\"],\"baseAbility\":\"levitate\",\"item\":\"heavydutyboots\",\"pokeball\":\"pokeball\",\"ability\":\"levitate\",\"commanding\":false,\"reviving\":false,\"teraType\":\"Electric\",\"terastallized\":\"\"},{\"ident\":\"p1: Kingdra\",\"details\":\"Kingdra, L84, F\",\"condition\":\"102/263\",\"active\":false,\"stats\":{\"atk\":208,\"def\":208,\"spa\":208,\"spd\":208,\"spe\":191},\"moves\":[\"wavecrash\",\"dragondance\",\"outrage\",\"waterfall\"],\"baseAbility\":\"sniper\",\"item\":\"\",\"pokeball\":\"pokeball\",\"ability\":\"sniper\",\"commanding\":false,\"reviving\":false,\"teraType\":\"Water\",\"terastallized\":\"\"},{\"ident\":\"p1: Spectrier\",\"details\":\"Spectrier, L75\",\"condition\":\"274/274\",\"active\":false,\"stats\":{\"atk\":102,\"def\":134,\"spa\":261,\"spd\":164,\"spe\":239},\"moves\":[\"shadowball\",\"nastyplot\",\"drainingkiss\",\"willowisp\"],\"baseAbility\":\"grimneigh\",\"item\":\"lifeorb\",\"pokeball\":\"pokeball\",\"ability\":\"grimneigh\",\"commanding\":false,\"reviving\":false,\"teraType\":\"Fairy\",\"terastallized\":\"\"}]},\"rqid\":114}\n|\n|t:|1783392278\n|switch|p2a: Medicham|Medicham, L86, F|100/100\n|-activate|p2a: Medicham|move: Sticky Web\n|-unboost|p2a: Medicham|spe|1\n|turn|56\n|request|{\"active\":[{\"moves\":[{\"move\":\"Freeze-Dry\",\"id\":\"freezedry\",\"pp\":27,\"maxpp\":32,\"target\":\"normal\",\"disabled\":false},{\"move\":\"Protect\",\"id\":\"protect\",\"pp\":16,\"maxpp\":16,\"target\":\"self\",\"disabled\":false},{\"move\":\"Calm Mind\",\"id\":\"calmmind\",\"pp\":32,\"maxpp\":32,\"target\":\"self\",\"disabled\":false},{\"move\":\"Wish\",\"id\":\"wish\",\"pp\":16,\"maxpp\":16,\"target\":\"self\",\"disabled\":false}],\"canTerastallize\":\"Water\"}],\"side\":{\"name\":\"p0x083be4e\",\"id\":\"p1\",\"pokemon\":[{\"ident\":\"p1: Glaceon\",\"details\":\"Glaceon, L94, M\",\"condition\":\"6/275\",\"active\":true,\"stats\":{\"atk\":117,\"def\":260,\"spa\":298,\"spd\":232,\"spe\":176},\"moves\":[\"freezedry\",\"protect\",\"calmmind\",\"wish\"],\"baseAbility\":\"icebody\",\"item\":\"heavydutyboots\",\"pokeball\":\"pokeball\",\"ability\":\"icebody\",\"commanding\":false,\"reviving\":false,\"teraType\":\"Water\",\"terastallized\":\"\"},{\"ident\":\"p1: Oinkologne\",\"details\":\"Oinkologne-F, L92, F\",\"condition\":\"361/361\",\"active\":false,\"stats\":{\"atk\":218,\"def\":181,\"spa\":161,\"spd\":218,\"spe\":172},\"moves\":[\"lashout\",\"curse\",\"bodyslam\",\"highhorsepower\"],\"baseAbility\":\"thickfat\",\"item\":\"leftovers\",\"pokeball\":\"pokeball\",\"ability\":\"thickfat\",\"commanding\":false,\"reviving\":false,\"teraType\":\"Ground\",\"terastallized\":\"\"},{\"ident\":\"p1: Arboliva\",\"details\":\"Arboliva, L91, M\",\"condition\":\"290/290\",\"active\":false,\"stats\":{\"atk\":130,\"def\":216,\"spa\":279,\"spd\":250,\"spe\":123},\"moves\":[\"earthpower\",\"strengthsap\",\"energyball\",\"hypervoice\"],\"baseAbility\":\"seedsower\",\"item\":\"leftovers\",\"pokeball\":\"pokeball\",\"ability\":\"seedsower\",\"commanding\":false,\"reviving\":false,\"teraType\":\"Poison\",\"terastallized\":\"\"},{\"ident\":\"p1: Vikavolt\",\"details\":\"Vikavolt, L83, F\",\"condition\":\"0 fnt\",\"active\":false,\"stats\":{\"atk\":121,\"def\":197,\"spa\":288,\"spd\":172,\"spe\":119},\"moves\":[\"discharge\",\"stickyweb\",\"bugbuzz\",\"energyball\"],\"baseAbility\":\"levitate\",\"item\":\"heavydutyboots\",\"pokeball\":\"pokeball\",\"ability\":\"levitate\",\"commanding\":false,\"reviving\":false,\"teraType\":\"Electric\",\"terastallized\":\"\"},{\"ident\":\"p1: Kingdra\",\"details\":\"Kingdra, L84, F\",\"condition\":\"102/263\",\"active\":false,\"stats\":{\"atk\":208,\"def\":208,\"spa\":208,\"spd\":208,\"spe\":191},\"moves\":[\"wavecrash\",\"dragondance\",\"outrage\",\"waterfall\"],\"baseAbility\":\"sniper\",\"item\":\"\",\"pokeball\":\"pokeball\",\"ability\":\"sniper\",\"commanding\":false,\"reviving\":false,\"teraType\":\"Water\",\"terastallized\":\"\"},{\"ident\":\"p1: Spectrier\",\"details\":\"Spectrier, L75\",\"condition\":\"274/274\",\"active\":false,\"stats\":{\"atk\":102,\"def\":134,\"spa\":261,\"spd\":164,\"spe\":239},\"moves\":[\"shadowball\",\"nastyplot\",\"drainingkiss\",\"willowisp\"],\"baseAbility\":\"grimneigh\",\"item\":\"lifeorb\",\"pokeball\":\"pokeball\",\"ability\":\"grimneigh\",\"commanding\":false,\"reviving\":false,\"teraType\":\"Fairy\",\"terastallized\":\"\"}]},\"rqid\":116}\n|inactive|Time left: 300 sec this turn | 300 sec total\n|\n|t:|1783392278\n|move|p1a: Glaceon|Protect|p1a: Glaceon\n|-singleturn|p1a: Glaceon|Protect\n|move|p2a: Medicham|Close Combat|p1a: Glaceon\n|-activate|p1a: Glaceon|move: Protect\n|\n|upkeep\n|turn|57\n|request|{\"active\":[{\"moves\":[{\"move\":\"Freeze-Dry\",\"id\":\"freezedry\",\"pp\":27,\"maxpp\":32,\"target\":\"normal\",\"disabled\":false},{\"move\":\"Protect\",\"id\":\"protect\",\"pp\":15,\"maxpp\":16,\"target\":\"self\",\"disabled\":false},{\"move\":\"Calm Mind\",\"id\":\"calmmind\",\"pp\":32,\"maxpp\":32,\"target\":\"self\",\"disabled\":false},{\"move\":\"Wish\",\"id\":\"wish\",\"pp\":16,\"maxpp\":16,\"target\":\"self\",\"disabled\":false}],\"canTerastallize\":\"Water\"}],\"side\":{\"name\":\"p0x083be4e\",\"id\":\"p1\",\"pokemon\":[{\"ident\":\"p1: Glaceon\",\"details\":\"Glaceon, L94, M\",\"condition\":\"6/275\",\"active\":true,\"stats\":{\"atk\":117,\"def\":260,\"spa\":298,\"spd\":232,\"spe\":176},\"moves\":[\"freezedry\",\"protect\",\"calmmind\",\"wish\"],\"baseAbility\":\"icebody\",\"item\":\"heavydutyboots\",\"pokeball\":\"pokeball\",\"ability\":\"icebody\",\"commanding\":false,\"reviving\":false,\"teraType\":\"Water\",\"terastallized\":\"\"},{\"ident\":\"p1: Oinkologne\",\"details\":\"Oinkologne-F, L92, F\",\"condition\":\"361/361\",\"active\":false,\"stats\":{\"atk\":218,\"def\":181,\"spa\":161,\"spd\":218,\"spe\":172},\"moves\":[\"lashout\",\"curse\",\"bodyslam\",\"highhorsepower\"],\"baseAbility\":\"thickfat\",\"item\":\"leftovers\",\"pokeball\":\"pokeball\",\"ability\":\"thickfat\",\"commanding\":false,\"reviving\":false,\"teraType\":\"Ground\",\"terastallized\":\"\"},{\"ident\":\"p1: Arboliva\",\"details\":\"Arboliva, L91, M\",\"condition\":\"290/290\",\"active\":false,\"stats\":{\"atk\":130,\"def\":216,\"spa\":279,\"spd\":250,\"spe\":123},\"moves\":[\"earthpower\",\"strengthsap\",\"energyball\",\"hypervoice\"],\"baseAbility\":\"seedsower\",\"item\":\"leftovers\",\"pokeball\":\"pokeball\",\"ability\":\"seedsower\",\"commanding\":false,\"reviving\":false,\"teraType\":\"Poison\",\"terastallized\":\"\"},{\"ident\":\"p1: Vikavolt\",\"details\":\"Vikavolt, L83, F\",\"condition\":\"0 fnt\",\"active\":false,\"stats\":{\"atk\":121,\"def\":197,\"spa\":288,\"spd\":172,\"spe\":119},\"moves\":[\"discharge\",\"stickyweb\",\"bugbuzz\",\"energyball\"],\"baseAbility\":\"levitate\",\"item\":\"heavydutyboots\",\"pokeball\":\"pokeball\",\"ability\":\"levitate\",\"commanding\":false,\"reviving\":false,\"teraType\":\"Electric\",\"terastallized\":\"\"},{\"ident\":\"p1: Kingdra\",\"details\":\"Kingdra, L84, F\",\"condition\":\"102/263\",\"active\":false,\"stats\":{\"atk\":208,\"def\":208,\"spa\":208,\"spd\":208,\"spe\":191},\"moves\":[\"wavecrash\",\"dragondance\",\"outrage\",\"waterfall\"],\"baseAbility\":\"sniper\",\"item\":\"\",\"pokeball\":\"pokeball\",\"ability\":\"sniper\",\"commanding\":false,\"reviving\":false,\"teraType\":\"Water\",\"terastallized\":\"\"},{\"ident\":\"p1: Spectrier\",\"details\":\"Spectrier, L75\",\"condition\":\"274/274\",\"active\":false,\"stats\":{\"atk\":102,\"def\":134,\"spa\":261,\"spd\":164,\"spe\":239},\"moves\":[\"shadowball\",\"nastyplot\",\"drainingkiss\",\"willowisp\"],\"baseAbility\":\"grimneigh\",\"item\":\"lifeorb\",\"pokeball\":\"pokeball\",\"ability\":\"grimneigh\",\"commanding\":false,\"reviving\":false,\"teraType\":\"Fairy\",\"terastallized\":\"\"}]},\"rqid\":118}\n|inactive|Time left: 300 sec this turn | 300 sec total\n|\n|t:|1783392278\n|switch|p1a: Spectrier|Spectrier, L75|274/274\n|-status|p1a: Spectrier|tox\n|move|p2a: Medicham|Close Combat|p1a: Spectrier\n|-immune|p1a: Spectrier\n|\n|-damage|p1a: Spectrier|257/274 tox|[from] psn\n|upkeep\n|turn|58\n|request|{\"active\":[{\"moves\":[{\"move\":\"Shadow Ball\",\"id\":\"shadowball\",\"pp\":24,\"maxpp\":24,\"target\":\"normal\",\"disabled\":false},{\"move\":\"Nasty Plot\",\"id\":\"nastyplot\",\"pp\":32,\"maxpp\":32,\"target\":\"self\",\"disabled\":false},{\"move\":\"Draining Kiss\",\"id\":\"drainingkiss\",\"pp\":16,\"maxpp\":16,\"target\":\"normal\",\"disabled\":false},{\"move\":\"Will-O-Wisp\",\"id\":\"willowisp\",\"pp\":24,\"maxpp\":24,\"target\":\"normal\",\"disabled\":false}],\"canTerastallize\":\"Fairy\"}],\"side\":{\"name\":\"p0x083be4e\",\"id\":\"p1\",\"pokemon\":[{\"ident\":\"p1: Spectrier\",\"details\":\"Spectrier, L75\",\"condition\":\"257/274 tox\",\"active\":true,\"stats\":{\"atk\":102,\"def\":134,\"spa\":261,\"spd\":164,\"spe\":239},\"moves\":[\"shadowball\",\"nastyplot\",\"drainingkiss\",\"willowisp\"],\"baseAbility\":\"grimneigh\",\"item\":\"lifeorb\",\"pokeball\":\"pokeball\",\"ability\":\"grimneigh\",\"commanding\":false,\"reviving\":false,\"teraType\":\"Fairy\",\"terastallized\":\"\"},{\"ident\":\"p1: Oinkologne\",\"details\":\"Oinkologne-F, L92, F\",\"condition\":\"361/361\",\"active\":false,\"stats\":{\"atk\":218,\"def\":181,\"spa\":161,\"spd\":218,\"spe\":172},\"moves\":[\"lashout\",\"curse\",\"bodyslam\",\"highhorsepower\"],\"baseAbility\":\"thickfat\",\"item\":\"leftovers\",\"pokeball\":\"pokeball\",\"ability\":\"thickfat\",\"commanding\":false,\"reviving\":false,\"teraType\":\"Ground\",\"terastallized\":\"\"},{\"ident\":\"p1: Arboliva\",\"details\":\"Arboliva, L91, M\",\"condition\":\"290/290\",\"active\":false,\"stats\":{\"atk\":130,\"def\":216,\"spa\":279,\"spd\":250,\"spe\":123},\"moves\":[\"earthpower\",\"strengthsap\",\"energyball\",\"hypervoice\"],\"baseAbility\":\"seedsower\",\"item\":\"leftovers\",\"pokeball\":\"pokeball\",\"ability\":\"seedsower\",\"commanding\":false,\"reviving\":false,\"teraType\":\"Poison\",\"terastallized\":\"\"},{\"ident\":\"p1: Vikavolt\",\"details\":\"Vikavolt, L83, F\",\"condition\":\"0 fnt\",\"active\":false,\"stats\":{\"atk\":121,\"def\":197,\"spa\":288,\"spd\":172,\"spe\":119},\"moves\":[\"discharge\",\"stickyweb\",\"bugbuzz\",\"energyball\"],\"baseAbility\":\"levitate\",\"item\":\"heavydutyboots\",\"pokeball\":\"pokeball\",\"ability\":\"levitate\",\"commanding\":false,\"reviving\":false,\"teraType\":\"Electric\",\"terastallized\":\"\"},{\"ident\":\"p1: Kingdra\",\"details\":\"Kingdra, L84, F\",\"condition\":\"102/263\",\"active\":false,\"stats\":{\"atk\":208,\"def\":208,\"spa\":208,\"spd\":208,\"spe\":191},\"moves\":[\"wavecrash\",\"dragondance\",\"outrage\",\"waterfall\"],\"baseAbility\":\"sniper\",\"item\":\"\",\"pokeball\":\"pokeball\",\"ability\":\"sniper\",\"commanding\":false,\"reviving\":false,\"teraType\":\"Water\",\"terastallized\":\"\"},{\"ident\":\"p1: Glaceon\",\"details\":\"Glaceon, L94, M\",\"condition\":\"6/275\",\"active\":false,\"stats\":{\"atk\":117,\"def\":260,\"spa\":298,\"spd\":232,\"spe\":176},\"moves\":[\"freezedry\",\"protect\",\"calmmind\",\"wish\"],\"baseAbility\":\"icebody\",\"item\":\"heavydutyboots\",\"pokeball\":\"pokeball\",\"ability\":\"icebody\",\"commanding\":false,\"reviving\":false,\"teraType\":\"Water\",\"terastallized\":\"\"}]},\"rqid\":120}\n|inactive|Time left: 300 sec this turn | 300 sec total\n|\n|t:|1783392278\n|switch|p2a: Toxapex|Toxapex, L82, F, tera:Steel|99/100\n|-activate|p2a: Toxapex|move: Sticky Web\n|-unboost|p2a: Toxapex|spe|1\n|move|p1a: Spectrier|Nasty Plot|p1a: Spectrier\n|-boost|p1a: Spectrier|spa|2\n|\n|-heal|p2a: Toxapex|100/100|[from] item: Leftovers\n|-damage|p1a: Spectrier|223/274 tox|[from] psn\n|upkeep\n|turn|59\n|request|{\"active\":[{\"moves\":[{\"move\":\"Shadow Ball\",\"id\":\"shadowball\",\"pp\":24,\"maxpp\":24,\"target\":\"normal\",\"disabled\":false},{\"move\":\"Nasty Plot\",\"id\":\"nastyplot\",\"pp\":31,\"maxpp\":32,\"target\":\"self\",\"disabled\":false},{\"move\":\"Draining Kiss\",\"id\":\"drainingkiss\",\"pp\":16,\"maxpp\":16,\"target\":\"normal\",\"disabled\":false},{\"move\":\"Will-O-Wisp\",\"id\":\"willowisp\",\"pp\":24,\"maxpp\":24,\"target\":\"normal\",\"disabled\":false}],\"canTerastallize\":\"Fairy\"}],\"side\":{\"name\":\"p0x083be4e\",\"id\":\"p1\",\"pokemon\":[{\"ident\":\"p1: Spectrier\",\"details\":\"Spectrier, L75\",\"condition\":\"223/274 tox\",\"active\":true,\"stats\":{\"atk\":102,\"def\":134,\"spa\":261,\"spd\":164,\"spe\":239},\"moves\":[\"shadowball\",\"nastyplot\",\"drainingkiss\",\"willowisp\"],\"baseAbility\":\"grimneigh\",\"item\":\"lifeorb\",\"pokeball\":\"pokeball\",\"ability\":\"grimneigh\",\"commanding\":false,\"reviving\":false,\"teraType\":\"Fairy\",\"terastallized\":\"\"},{\"ident\":\"p1: Oinkologne\",\"details\":\"Oinkologne-F, L92, F\",\"condition\":\"361/361\",\"active\":false,\"stats\":{\"atk\":218,\"def\":181,\"spa\":161,\"spd\":218,\"spe\":172},\"moves\":[\"lashout\",\"curse\",\"bodyslam\",\"highhorsepower\"],\"baseAbility\":\"thickfat\",\"item\":\"leftovers\",\"pokeball\":\"pokeball\",\"ability\":\"thickfat\",\"commanding\":false,\"reviving\":false,\"teraType\":\"Ground\",\"terastallized\":\"\"},{\"ident\":\"p1: Arboliva\",\"details\":\"Arboliva, L91, M\",\"condition\":\"290/290\",\"active\":false,\"stats\":{\"atk\":130,\"def\":216,\"spa\":279,\"spd\":250,\"spe\":123},\"moves\":[\"earthpower\",\"strengthsap\",\"energyball\",\"hypervoice\"],\"baseAbility\":\"seedsower\",\"item\":\"leftovers\",\"pokeball\":\"pokeball\",\"ability\":\"seedsower\",\"commanding\":false,\"reviving\":false,\"teraType\":\"Poison\",\"terastallized\":\"\"},{\"ident\":\"p1: Vikavolt\",\"details\":\"Vikavolt, L83, F\",\"condition\":\"0 fnt\",\"active\":false,\"stats\":{\"atk\":121,\"def\":197,\"spa\":288,\"spd\":172,\"spe\":119},\"moves\":[\"discharge\",\"stickyweb\",\"bugbuzz\",\"energyball\"],\"baseAbility\":\"levitate\",\"item\":\"heavydutyboots\",\"pokeball\":\"pokeball\",\"ability\":\"levitate\",\"commanding\":false,\"reviving\":false,\"teraType\":\"Electric\",\"terastallized\":\"\"},{\"ident\":\"p1: Kingdra\",\"details\":\"Kingdra, L84, F\",\"condition\":\"102/263\",\"active\":false,\"stats\":{\"atk\":208,\"def\":208,\"spa\":208,\"spd\":208,\"spe\":191},\"moves\":[\"wavecrash\",\"dragondance\",\"outrage\",\"waterfall\"],\"baseAbility\":\"sniper\",\"item\":\"\",\"pokeball\":\"pokeball\",\"ability\":\"sniper\",\"commanding\":false,\"reviving\":false,\"teraType\":\"Water\",\"terastallized\":\"\"},{\"ident\":\"p1: Glaceon\",\"details\":\"Glaceon, L94, M\",\"condition\":\"6/275\",\"active\":false,\"stats\":{\"atk\":117,\"def\":260,\"spa\":298,\"spd\":232,\"spe\":176},\"moves\":[\"freezedry\",\"protect\",\"calmmind\",\"wish\"],\"baseAbility\":\"icebody\",\"item\":\"heavydutyboots\",\"pokeball\":\"pokeball\",\"ability\":\"icebody\",\"commanding\":false,\"reviving\":false,\"teraType\":\"Water\",\"terastallized\":\"\"}]},\"rqid\":122}\n|inactive|Time left: 300 sec this turn | 300 sec total\n|\n|t:|1783392279\n|move|p1a: Spectrier|Shadow Ball|p2a: Toxapex\n|-damage|p2a: Toxapex|24/100\n|-damage|p1a: Spectrier|196/274 tox|[from] item: Life Orb\n|move|p2a: Toxapex|Haze|p2a: Toxapex\n|-clearallboost\n|\n|-heal|p2a: Toxapex|30/100|[from] item: Leftovers\n|-damage|p1a: Spectrier|145/274 tox|[from] psn\n|upkeep\n|turn|60\n|request|{\"active\":[{\"moves\":[{\"move\":\"Shadow Ball\",\"id\":\"shadowball\",\"pp\":23,\"maxpp\":24,\"target\":\"normal\",\"disabled\":false},{\"move\":\"Nasty Plot\",\"id\":\"nastyplot\",\"pp\":31,\"maxpp\":32,\"target\":\"self\",\"disabled\":false},{\"move\":\"Draining Kiss\",\"id\":\"drainingkiss\",\"pp\":16,\"maxpp\":16,\"target\":\"normal\",\"disabled\":false},{\"move\":\"Will-O-Wisp\",\"id\":\"willowisp\",\"pp\":24,\"maxpp\":24,\"target\":\"normal\",\"disabled\":false}],\"canTerastallize\":\"Fairy\"}],\"side\":{\"name\":\"p0x083be4e\",\"id\":\"p1\",\"pokemon\":[{\"ident\":\"p1: Spectrier\",\"details\":\"Spectrier, L75\",\"condition\":\"145/274 tox\",\"active\":true,\"stats\":{\"atk\":102,\"def\":134,\"spa\":261,\"spd\":164,\"spe\":239},\"moves\":[\"shadowball\",\"nastyplot\",\"drainingkiss\",\"willowisp\"],\"baseAbility\":\"grimneigh\",\"item\":\"lifeorb\",\"pokeball\":\"pokeball\",\"ability\":\"grimneigh\",\"commanding\":false,\"reviving\":false,\"teraType\":\"Fairy\",\"terastallized\":\"\"},{\"ident\":\"p1: Oinkologne\",\"details\":\"Oinkologne-F, L92, F\",\"condition\":\"361/361\",\"active\":false,\"stats\":{\"atk\":218,\"def\":181,\"spa\":161,\"spd\":218,\"spe\":172},\"moves\":[\"lashout\",\"curse\",\"bodyslam\",\"highhorsepower\"],\"baseAbility\":\"thickfat\",\"item\":\"leftovers\",\"pokeball\":\"pokeball\",\"ability\":\"thickfat\",\"commanding\":false,\"reviving\":false,\"teraType\":\"Ground\",\"terastallized\":\"\"},{\"ident\":\"p1: Arboliva\",\"details\":\"Arboliva, L91, M\",\"condition\":\"290/290\",\"active\":false,\"stats\":{\"atk\":130,\"def\":216,\"spa\":279,\"spd\":250,\"spe\":123},\"moves\":[\"earthpower\",\"strengthsap\",\"energyball\",\"hypervoice\"],\"baseAbility\":\"seedsower\",\"item\":\"leftovers\",\"pokeball\":\"pokeball\",\"ability\":\"seedsower\",\"commanding\":false,\"reviving\":false,\"teraType\":\"Poison\",\"terastallized\":\"\"},{\"ident\":\"p1: Vikavolt\",\"details\":\"Vikavolt, L83, F\",\"condition\":\"0 fnt\",\"active\":false,\"stats\":{\"atk\":121,\"def\":197,\"spa\":288,\"spd\":172,\"spe\":119},\"moves\":[\"discharge\",\"stickyweb\",\"bugbuzz\",\"energyball\"],\"baseAbility\":\"levitate\",\"item\":\"heavydutyboots\",\"pokeball\":\"pokeball\",\"ability\":\"levitate\",\"commanding\":false,\"reviving\":false,\"teraType\":\"Electric\",\"terastallized\":\"\"},{\"ident\":\"p1: Kingdra\",\"details\":\"Kingdra, L84, F\",\"condition\":\"102/263\",\"active\":false,\"stats\":{\"atk\":208,\"def\":208,\"spa\":208,\"spd\":208,\"spe\":191},\"moves\":[\"wavecrash\",\"dragondance\",\"outrage\",\"waterfall\"],\"baseAbility\":\"sniper\",\"item\":\"\",\"pokeball\":\"pokeball\",\"ability\":\"sniper\",\"commanding\":false,\"reviving\":false,\"teraType\":\"Water\",\"terastallized\":\"\"},{\"ident\":\"p1: Glaceon\",\"details\":\"Glaceon, L94, M\",\"condition\":\"6/275\",\"active\":false,\"stats\":{\"atk\":117,\"def\":260,\"spa\":298,\"spd\":232,\"spe\":176},\"moves\":[\"freezedry\",\"protect\",\"calmmind\",\"wish\"],\"baseAbility\":\"icebody\",\"item\":\"heavydutyboots\",\"pokeball\":\"pokeball\",\"ability\":\"icebody\",\"commanding\":false,\"reviving\":false,\"teraType\":\"Water\",\"terastallized\":\"\"}]},\"rqid\":124}\n|inactive|Time left: 300 sec this turn | 300 sec total\n|\n|t:|1783392279\n|switch|p2a: Arbok|Arbok, L87, F|60/100\n|-activate|p2a: Arbok|move: Sticky Web\n|-unboost|p2a: Arbok|spe|1\n|-ability|p2a: Arbok|Intimidate|boost\n|-unboost|p1a: Spectrier|atk|1\n|move|p1a: Spectrier|Shadow Ball|p2a: Arbok\n|-damage|p2a: Arbok|6/100\n|-damage|p1a: Spectrier|118/274 tox|[from] item: Life Orb\n|\n|-heal|p2a: Arbok|12/100|[from] item: Leftovers\n|-damage|p1a: Spectrier|50/274 tox|[from] psn\n|upkeep\n|turn|61\n|request|{\"active\":[{\"moves\":[{\"move\":\"Shadow Ball\",\"id\":\"shadowball\",\"pp\":22,\"maxpp\":24,\"target\":\"normal\",\"disabled\":false},{\"move\":\"Nasty Plot\",\"id\":\"nastyplot\",\"pp\":31,\"maxpp\":32,\"target\":\"self\",\"disabled\":false},{\"move\":\"Draining Kiss\",\"id\":\"drainingkiss\",\"pp\":16,\"maxpp\":16,\"target\":\"normal\",\"disabled\":false},{\"move\":\"Will-O-Wisp\",\"id\":\"willowisp\",\"pp\":24,\"maxpp\":24,\"target\":\"normal\",\"disabled\":false}],\"canTerastallize\":\"Fairy\"}],\"side\":{\"name\":\"p0x083be4e\",\"id\":\"p1\",\"pokemon\":[{\"ident\":\"p1: Spectrier\",\"details\":\"Spectrier, L75\",\"condition\":\"50/274 tox\",\"active\":true,\"stats\":{\"atk\":102,\"def\":134,\"spa\":261,\"spd\":164,\"spe\":239},\"moves\":[\"shadowball\",\"nastyplot\",\"drainingkiss\",\"willowisp\"],\"baseAbility\":\"grimneigh\",\"item\":\"lifeorb\",\"pokeball\":\"pokeball\",\"ability\":\"grimneigh\",\"commanding\":false,\"reviving\":false,\"teraType\":\"Fairy\",\"terastallized\":\"\"},{\"ident\":\"p1: Oinkologne\",\"details\":\"Oinkologne-F, L92, F\",\"condition\":\"361/361\",\"active\":false,\"stats\":{\"atk\":218,\"def\":181,\"spa\":161,\"spd\":218,\"spe\":172},\"moves\":[\"lashout\",\"curse\",\"bodyslam\",\"highhorsepower\"],\"baseAbility\":\"thickfat\",\"item\":\"leftovers\",\"pokeball\":\"pokeball\",\"ability\":\"thickfat\",\"commanding\":false,\"reviving\":false,\"teraType\":\"Ground\",\"terastallized\":\"\"},{\"ident\":\"p1: Arboliva\",\"details\":\"Arboliva, L91, M\",\"condition\":\"290/290\",\"active\":false,\"stats\":{\"atk\":130,\"def\":216,\"spa\":279,\"spd\":250,\"spe\":123},\"moves\":[\"earthpower\",\"strengthsap\",\"energyball\",\"hypervoice\"],\"baseAbility\":\"seedsower\",\"item\":\"leftovers\",\"pokeball\":\"pokeball\",\"ability\":\"seedsower\",\"commanding\":false,\"reviving\":false,\"teraType\":\"Poison\",\"terastallized\":\"\"},{\"ident\":\"p1: Vikavolt\",\"details\":\"Vikavolt, L83, F\",\"condition\":\"0 fnt\",\"active\":false,\"stats\":{\"atk\":121,\"def\":197,\"spa\":288,\"spd\":172,\"spe\":119},\"moves\":[\"discharge\",\"stickyweb\",\"bugbuzz\",\"energyball\"],\"baseAbility\":\"levitate\",\"item\":\"heavydutyboots\",\"pokeball\":\"pokeball\",\"ability\":\"levitate\",\"commanding\":false,\"reviving\":false,\"teraType\":\"Electric\",\"terastallized\":\"\"},{\"ident\":\"p1: Kingdra\",\"details\":\"Kingdra, L84, F\",\"condition\":\"102/263\",\"active\":false,\"stats\":{\"atk\":208,\"def\":208,\"spa\":208,\"spd\":208,\"spe\":191},\"moves\":[\"wavecrash\",\"dragondance\",\"outrage\",\"waterfall\"],\"baseAbility\":\"sniper\",\"item\":\"\",\"pokeball\":\"pokeball\",\"ability\":\"sniper\",\"commanding\":false,\"reviving\":false,\"teraType\":\"Water\",\"terastallized\":\"\"},{\"ident\":\"p1: Glaceon\",\"details\":\"Glaceon, L94, M\",\"condition\":\"6/275\",\"active\":false,\"stats\":{\"atk\":117,\"def\":260,\"spa\":298,\"spd\":232,\"spe\":176},\"moves\":[\"freezedry\",\"protect\",\"calmmind\",\"wish\"],\"baseAbility\":\"icebody\",\"item\":\"heavydutyboots\",\"pokeball\":\"pokeball\",\"ability\":\"icebody\",\"commanding\":false,\"reviving\":false,\"teraType\":\"Water\",\"terastallized\":\"\"}]},\"rqid\":126}\n|inactive|Time left: 300 sec this turn | 300 sec total\n|\n|t:|1783392279\n|switch|p2a: Toxapex|Toxapex, L82, F, tera:Steel|63/100\n|-activate|p2a: Toxapex|move: Sticky Web\n|-unboost|p2a: Toxapex|spe|1\n|move|p1a: Spectrier|Shadow Ball|p2a: Toxapex\n|-damage|p2a: Toxapex|27/100\n|-unboost|p2a: Toxapex|spd|1\n|-damage|p1a: Spectrier|23/274 tox|[from] item: Life Orb\n|\n|-heal|p2a: Toxapex|33/100|[from] item: Leftovers\n|-damage|p1a: Spectrier|0 fnt|[from] psn\n|faint|p1a: Spectrier\n|upkeep\n|request|{\"forceSwitch\":[true],\"side\":{\"name\":\"p0x083be4e\",\"id\":\"p1\",\"pokemon\":[{\"ident\":\"p1: Spectrier\",\"details\":\"Spectrier, L75\",\"condition\":\"0 fnt\",\"active\":true,\"stats\":{\"atk\":102,\"def\":134,\"spa\":261,\"spd\":164,\"spe\":239},\"moves\":[\"shadowball\",\"nastyplot\",\"drainingkiss\",\"willowisp\"],\"baseAbility\":\"grimneigh\",\"item\":\"lifeorb\",\"pokeball\":\"pokeball\",\"ability\":\"grimneigh\",\"commanding\":false,\"reviving\":false,\"teraType\":\"Fairy\",\"terastallized\":\"\"},{\"ident\":\"p1: Oinkologne\",\"details\":\"Oinkologne-F, L92, F\",\"condition\":\"361/361\",\"active\":false,\"stats\":{\"atk\":218,\"def\":181,\"spa\":161,\"spd\":218,\"spe\":172},\"moves\":[\"lashout\",\"curse\",\"bodyslam\",\"highhorsepower\"],\"baseAbility\":\"thickfat\",\"item\":\"leftovers\",\"pokeball\":\"pokeball\",\"ability\":\"thickfat\",\"commanding\":false,\"reviving\":false,\"teraType\":\"Ground\",\"terastallized\":\"\"},{\"ident\":\"p1: Arboliva\",\"details\":\"Arboliva, L91, M\",\"condition\":\"290/290\",\"active\":false,\"stats\":{\"atk\":130,\"def\":216,\"spa\":279,\"spd\":250,\"spe\":123},\"moves\":[\"earthpower\",\"strengthsap\",\"energyball\",\"hypervoice\"],\"baseAbility\":\"seedsower\",\"item\":\"leftovers\",\"pokeball\":\"pokeball\",\"ability\":\"seedsower\",\"commanding\":false,\"reviving\":false,\"teraType\":\"Poison\",\"terastallized\":\"\"},{\"ident\":\"p1: Vikavolt\",\"details\":\"Vikavolt, L83, F\",\"condition\":\"0 fnt\",\"active\":false,\"stats\":{\"atk\":121,\"def\":197,\"spa\":288,\"spd\":172,\"spe\":119},\"moves\":[\"discharge\",\"stickyweb\",\"bugbuzz\",\"energyball\"],\"baseAbility\":\"levitate\",\"item\":\"heavydutyboots\",\"pokeball\":\"pokeball\",\"ability\":\"levitate\",\"commanding\":false,\"reviving\":false,\"teraType\":\"Electric\",\"terastallized\":\"\"},{\"ident\":\"p1: Kingdra\",\"details\":\"Kingdra, L84, F\",\"condition\":\"102/263\",\"active\":false,\"stats\":{\"atk\":208,\"def\":208,\"spa\":208,\"spd\":208,\"spe\":191},\"moves\":[\"wavecrash\",\"dragondance\",\"outrage\",\"waterfall\"],\"baseAbility\":\"sniper\",\"item\":\"\",\"pokeball\":\"pokeball\",\"ability\":\"sniper\",\"commanding\":false,\"reviving\":false,\"teraType\":\"Water\",\"terastallized\":\"\"},{\"ident\":\"p1: Glaceon\",\"details\":\"Glaceon, L94, M\",\"condition\":\"6/275\",\"active\":false,\"stats\":{\"atk\":117,\"def\":260,\"spa\":298,\"spd\":232,\"spe\":176},\"moves\":[\"freezedry\",\"protect\",\"calmmind\",\"wish\"],\"baseAbility\":\"icebody\",\"item\":\"heavydutyboots\",\"pokeball\":\"pokeball\",\"ability\":\"icebody\",\"commanding\":false,\"reviving\":false,\"teraType\":\"Water\",\"terastallized\":\"\"}]},\"noCancel\":true,\"rqid\":128}\n|inactive|Time left: 300 sec this turn | 300 sec total | 5 sec grace\n|\n|t:|1783392279\n|switch|p1a: Arboliva|Arboliva, L91, M|290/290\n|-status|p1a: Arboliva|tox\n|turn|62\n|request|{\"active\":[{\"moves\":[{\"move\":\"Earth Power\",\"id\":\"earthpower\",\"pp\":16,\"maxpp\":16,\"target\":\"normal\",\"disabled\":false},{\"move\":\"Strength Sap\",\"id\":\"strengthsap\",\"pp\":16,\"maxpp\":16,\"target\":\"normal\",\"disabled\":false},{\"move\":\"Energy Ball\",\"id\":\"energyball\",\"pp\":16,\"maxpp\":16,\"target\":\"normal\",\"disabled\":false},{\"move\":\"Hyper Voice\",\"id\":\"hypervoice\",\"pp\":16,\"maxpp\":16,\"target\":\"allAdjacentFoes\",\"disabled\":false}],\"canTerastallize\":\"Poison\"}],\"side\":{\"name\":\"p0x083be4e\",\"id\":\"p1\",\"pokemon\":[{\"ident\":\"p1: Arboliva\",\"details\":\"Arboliva, L91, M\",\"condition\":\"290/290 tox\",\"active\":true,\"stats\":{\"atk\":130,\"def\":216,\"spa\":279,\"spd\":250,\"spe\":123},\"moves\":[\"earthpower\",\"strengthsap\",\"energyball\",\"hypervoice\"],\"baseAbility\":\"seedsower\",\"item\":\"leftovers\",\"pokeball\":\"pokeball\",\"ability\":\"seedsower\",\"commanding\":false,\"reviving\":false,\"teraType\":\"Poison\",\"terastallized\":\"\"},{\"ident\":\"p1: Oinkologne\",\"details\":\"Oinkologne-F, L92, F\",\"condition\":\"361/361\",\"active\":false,\"stats\":{\"atk\":218,\"def\":181,\"spa\":161,\"spd\":218,\"spe\":172},\"moves\":[\"lashout\",\"curse\",\"bodyslam\",\"highhorsepower\"],\"baseAbility\":\"thickfat\",\"item\":\"leftovers\",\"pokeball\":\"pokeball\",\"ability\":\"thickfat\",\"commanding\":false,\"reviving\":false,\"teraType\":\"Ground\",\"terastallized\":\"\"},{\"ident\":\"p1: Spectrier\",\"details\":\"Spectrier, L75\",\"condition\":\"0 fnt\",\"active\":false,\"stats\":{\"atk\":102,\"def\":134,\"spa\":261,\"spd\":164,\"spe\":239},\"moves\":[\"shadowball\",\"nastyplot\",\"drainingkiss\",\"willowisp\"],\"baseAbility\":\"grimneigh\",\"item\":\"lifeorb\",\"pokeball\":\"pokeball\",\"ability\":\"grimneigh\",\"commanding\":false,\"reviving\":false,\"teraType\":\"Fairy\",\"terastallized\":\"\"},{\"ident\":\"p1: Vikavolt\",\"details\":\"Vikavolt, L83, F\",\"condition\":\"0 fnt\",\"active\":false,\"stats\":{\"atk\":121,\"def\":197,\"spa\":288,\"spd\":172,\"spe\":119},\"moves\":[\"discharge\",\"stickyweb\",\"bugbuzz\",\"energyball\"],\"baseAbility\":\"levitate\",\"item\":\"heavydutyboots\",\"pokeball\":\"pokeball\",\"ability\":\"levitate\",\"commanding\":false,\"reviving\":false,\"teraType\":\"Electric\",\"terastallized\":\"\"},{\"ident\":\"p1: Kingdra\",\"details\":\"Kingdra, L84, F\",\"condition\":\"102/263\",\"active\":false,\"stats\":{\"atk\":208,\"def\":208,\"spa\":208,\"spd\":208,\"spe\":191},\"moves\":[\"wavecrash\",\"dragondance\",\"outrage\",\"waterfall\"],\"baseAbility\":\"sniper\",\"item\":\"\",\"pokeball\":\"pokeball\",\"ability\":\"sniper\",\"commanding\":false,\"reviving\":false,\"teraType\":\"Water\",\"terastallized\":\"\"},{\"ident\":\"p1: Glaceon\",\"details\":\"Glaceon, L94, M\",\"condition\":\"6/275\",\"active\":false,\"stats\":{\"atk\":117,\"def\":260,\"spa\":298,\"spd\":232,\"spe\":176},\"moves\":[\"freezedry\",\"protect\",\"calmmind\",\"wish\"],\"baseAbility\":\"icebody\",\"item\":\"heavydutyboots\",\"pokeball\":\"pokeball\",\"ability\":\"icebody\",\"commanding\":false,\"reviving\":false,\"teraType\":\"Water\",\"terastallized\":\"\"}]},\"rqid\":130}\n|inactive|Time left: 300 sec this turn | 300 sec total\n|\n|t:|1783392280\n|switch|p2a: Arbok|Arbok, L87, F|12/100\n|-activate|p2a: Arbok|move: Sticky Web\n|-unboost|p2a: Arbok|spe|1\n|-ability|p2a: Arbok|Intimidate|boost\n|-unboost|p1a: Arboliva|atk|1\n|move|p1a: Arboliva|Earth Power|p2a: Arbok\n|-supereffective|p2a: Arbok\n|-damage|p2a: Arbok|0 fnt\n|faint|p2a: Arbok\n|\n|-damage|p1a: Arboliva|272/290 tox|[from] psn\n|upkeep\n|request|{\"wait\":true,\"side\":{\"name\":\"p0x083be4e\",\"id\":\"p1\",\"pokemon\":[{\"ident\":\"p1: Arboliva\",\"details\":\"Arboliva, L91, M\",\"condition\":\"272/290 tox\",\"active\":true,\"stats\":{\"atk\":130,\"def\":216,\"spa\":279,\"spd\":250,\"spe\":123},\"moves\":[\"earthpower\",\"strengthsap\",\"energyball\",\"hypervoice\"],\"baseAbility\":\"seedsower\",\"item\":\"leftovers\",\"pokeball\":\"pokeball\",\"ability\":\"seedsower\",\"commanding\":false,\"reviving\":false,\"teraType\":\"Poison\",\"terastallized\":\"\"},{\"ident\":\"p1: Oinkologne\",\"details\":\"Oinkologne-F, L92, F\",\"condition\":\"361/361\",\"active\":false,\"stats\":{\"atk\":218,\"def\":181,\"spa\":161,\"spd\":218,\"spe\":172},\"moves\":[\"lashout\",\"curse\",\"bodyslam\",\"highhorsepower\"],\"baseAbility\":\"thickfat\",\"item\":\"leftovers\",\"pokeball\":\"pokeball\",\"ability\":\"thickfat\",\"commanding\":false,\"reviving\":false,\"teraType\":\"Ground\",\"terastallized\":\"\"},{\"ident\":\"p1: Spectrier\",\"details\":\"Spectrier, L75\",\"condition\":\"0 fnt\",\"active\":false,\"stats\":{\"atk\":102,\"def\":134,\"spa\":261,\"spd\":164,\"spe\":239},\"moves\":[\"shadowball\",\"nastyplot\",\"drainingkiss\",\"willowisp\"],\"baseAbility\":\"grimneigh\",\"item\":\"lifeorb\",\"pokeball\":\"pokeball\",\"ability\":\"grimneigh\",\"commanding\":false,\"reviving\":false,\"teraType\":\"Fairy\",\"terastallized\":\"\"},{\"ident\":\"p1: Vikavolt\",\"details\":\"Vikavolt, L83, F\",\"condition\":\"0 fnt\",\"active\":false,\"stats\":{\"atk\":121,\"def\":197,\"spa\":288,\"spd\":172,\"spe\":119},\"moves\":[\"discharge\",\"stickyweb\",\"bugbuzz\",\"energyball\"],\"baseAbility\":\"levitate\",\"item\":\"heavydutyboots\",\"pokeball\":\"pokeball\",\"ability\":\"levitate\",\"commanding\":false,\"reviving\":false,\"teraType\":\"Electric\",\"terastallized\":\"\"},{\"ident\":\"p1: Kingdra\",\"details\":\"Kingdra, L84, F\",\"condition\":\"102/263\",\"active\":false,\"stats\":{\"atk\":208,\"def\":208,\"spa\":208,\"spd\":208,\"spe\":191},\"moves\":[\"wavecrash\",\"dragondance\",\"outrage\",\"waterfall\"],\"baseAbility\":\"sniper\",\"item\":\"\",\"pokeball\":\"pokeball\",\"ability\":\"sniper\",\"commanding\":false,\"reviving\":false,\"teraType\":\"Water\",\"terastallized\":\"\"},{\"ident\":\"p1: Glaceon\",\"details\":\"Glaceon, L94, M\",\"condition\":\"6/275\",\"active\":false,\"stats\":{\"atk\":117,\"def\":260,\"spa\":298,\"spd\":232,\"spe\":176},\"moves\":[\"freezedry\",\"protect\",\"calmmind\",\"wish\"],\"baseAbility\":\"icebody\",\"item\":\"heavydutyboots\",\"pokeball\":\"pokeball\",\"ability\":\"icebody\",\"commanding\":false,\"reviving\":false,\"teraType\":\"Water\",\"terastallized\":\"\"}]},\"rqid\":132}\n|\n|t:|1783392280\n|switch|p2a: Necrozma|Necrozma, L80|100/100\n|-activate|p2a: Necrozma|move: Sticky Web\n|-unboost|p2a: Necrozma|spe|1\n|turn|63\n|request|{\"active\":[{\"moves\":[{\"move\":\"Earth Power\",\"id\":\"earthpower\",\"pp\":15,\"maxpp\":16,\"target\":\"normal\",\"disabled\":false},{\"move\":\"Strength Sap\",\"id\":\"strengthsap\",\"pp\":16,\"maxpp\":16,\"target\":\"normal\",\"disabled\":false},{\"move\":\"Energy Ball\",\"id\":\"energyball\",\"pp\":16,\"maxpp\":16,\"target\":\"normal\",\"disabled\":false},{\"move\":\"Hyper Voice\",\"id\":\"hypervoice\",\"pp\":16,\"maxpp\":16,\"target\":\"allAdjacentFoes\",\"disabled\":false}],\"canTerastallize\":\"Poison\"}],\"side\":{\"name\":\"p0x083be4e\",\"id\":\"p1\",\"pokemon\":[{\"ident\":\"p1: Arboliva\",\"details\":\"Arboliva, L91, M\",\"condition\":\"272/290 tox\",\"active\":true,\"stats\":{\"atk\":130,\"def\":216,\"spa\":279,\"spd\":250,\"spe\":123},\"moves\":[\"earthpower\",\"strengthsap\",\"energyball\",\"hypervoice\"],\"baseAbility\":\"seedsower\",\"item\":\"leftovers\",\"pokeball\":\"pokeball\",\"ability\":\"seedsower\",\"commanding\":false,\"reviving\":false,\"teraType\":\"Poison\",\"terastallized\":\"\"},{\"ident\":\"p1: Oinkologne\",\"details\":\"Oinkologne-F, L92, F\",\"condition\":\"361/361\",\"active\":false,\"stats\":{\"atk\":218,\"def\":181,\"spa\":161,\"spd\":218,\"spe\":172},\"moves\":[\"lashout\",\"curse\",\"bodyslam\",\"highhorsepower\"],\"baseAbility\":\"thickfat\",\"item\":\"leftovers\",\"pokeball\":\"pokeball\",\"ability\":\"thickfat\",\"commanding\":false,\"reviving\":false,\"teraType\":\"Ground\",\"terastallized\":\"\"},{\"ident\":\"p1: Spectrier\",\"details\":\"Spectrier, L75\",\"condition\":\"0 fnt\",\"active\":false,\"stats\":{\"atk\":102,\"def\":134,\"spa\":261,\"spd\":164,\"spe\":239},\"moves\":[\"shadowball\",\"nastyplot\",\"drainingkiss\",\"willowisp\"],\"baseAbility\":\"grimneigh\",\"item\":\"lifeorb\",\"pokeball\":\"pokeball\",\"ability\":\"grimneigh\",\"commanding\":false,\"reviving\":false,\"teraType\":\"Fairy\",\"terastallized\":\"\"},{\"ident\":\"p1: Vikavolt\",\"details\":\"Vikavolt, L83, F\",\"condition\":\"0 fnt\",\"active\":false,\"stats\":{\"atk\":121,\"def\":197,\"spa\":288,\"spd\":172,\"spe\":119},\"moves\":[\"discharge\",\"stickyweb\",\"bugbuzz\",\"energyball\"],\"baseAbility\":\"levitate\",\"item\":\"heavydutyboots\",\"pokeball\":\"pokeball\",\"ability\":\"levitate\",\"commanding\":false,\"reviving\":false,\"teraType\":\"Electric\",\"terastallized\":\"\"},{\"ident\":\"p1: Kingdra\",\"details\":\"Kingdra, L84, F\",\"condition\":\"102/263\",\"active\":false,\"stats\":{\"atk\":208,\"def\":208,\"spa\":208,\"spd\":208,\"spe\":191},\"moves\":[\"wavecrash\",\"dragondance\",\"outrage\",\"waterfall\"],\"baseAbility\":\"sniper\",\"item\":\"\",\"pokeball\":\"pokeball\",\"ability\":\"sniper\",\"commanding\":false,\"reviving\":false,\"teraType\":\"Water\",\"terastallized\":\"\"},{\"ident\":\"p1: Glaceon\",\"details\":\"Glaceon, L94, M\",\"condition\":\"6/275\",\"active\":false,\"stats\":{\"atk\":117,\"def\":260,\"spa\":298,\"spd\":232,\"spe\":176},\"moves\":[\"freezedry\",\"protect\",\"calmmind\",\"wish\"],\"baseAbility\":\"icebody\",\"item\":\"heavydutyboots\",\"pokeball\":\"pokeball\",\"ability\":\"icebody\",\"commanding\":false,\"reviving\":false,\"teraType\":\"Water\",\"terastallized\":\"\"}]},\"rqid\":134}\n|inactive|Time left: 300 sec this turn | 300 sec total\n|\n|t:|1783392280\n|move|p1a: Arboliva|Energy Ball|p2a: Necrozma\n|-damage|p2a: Necrozma|54/100\n|move|p2a: Necrozma|Calm Mind|p2a: Necrozma\n|-boost|p2a: Necrozma|spa|1\n|-boost|p2a: Necrozma|spd|1\n|\n|-heal|p1a: Arboliva|290/290 tox|[from] item: Leftovers\n|-heal|p2a: Necrozma|60/100|[from] item: Leftovers\n|-damage|p1a: Arboliva|254/290 tox|[from] psn\n|upkeep\n|turn|64\n|request|{\"active\":[{\"moves\":[{\"move\":\"Earth Power\",\"id\":\"earthpower\",\"pp\":15,\"maxpp\":16,\"target\":\"normal\",\"disabled\":false},{\"move\":\"Strength Sap\",\"id\":\"strengthsap\",\"pp\":16,\"maxpp\":16,\"target\":\"normal\",\"disabled\":false},{\"move\":\"Energy Ball\",\"id\":\"energyball\",\"pp\":15,\"maxpp\":16,\"target\":\"normal\",\"disabled\":false},{\"move\":\"Hyper Voice\",\"id\":\"hypervoice\",\"pp\":16,\"maxpp\":16,\"target\":\"allAdjacentFoes\",\"disabled\":false}],\"canTerastallize\":\"Poison\"}],\"side\":{\"name\":\"p0x083be4e\",\"id\":\"p1\",\"pokemon\":[{\"ident\":\"p1: Arboliva\",\"details\":\"Arboliva, L91, M\",\"condition\":\"254/290 tox\",\"active\":true,\"stats\":{\"atk\":130,\"def\":216,\"spa\":279,\"spd\":250,\"spe\":123},\"moves\":[\"earthpower\",\"strengthsap\",\"energyball\",\"hypervoice\"],\"baseAbility\":\"seedsower\",\"item\":\"leftovers\",\"pokeball\":\"pokeball\",\"ability\":\"seedsower\",\"commanding\":false,\"reviving\":false,\"teraType\":\"Poison\",\"terastallized\":\"\"},{\"ident\":\"p1: Oinkologne\",\"details\":\"Oinkologne-F, L92, F\",\"condition\":\"361/361\",\"active\":false,\"stats\":{\"atk\":218,\"def\":181,\"spa\":161,\"spd\":218,\"spe\":172},\"moves\":[\"lashout\",\"curse\",\"bodyslam\",\"highhorsepower\"],\"baseAbility\":\"thickfat\",\"item\":\"leftovers\",\"pokeball\":\"pokeball\",\"ability\":\"thickfat\",\"commanding\":false,\"reviving\":false,\"teraType\":\"Ground\",\"terastallized\":\"\"},{\"ident\":\"p1: Spectrier\",\"details\":\"Spectrier, L75\",\"condition\":\"0 fnt\",\"active\":false,\"stats\":{\"atk\":102,\"def\":134,\"spa\":261,\"spd\":164,\"spe\":239},\"moves\":[\"shadowball\",\"nastyplot\",\"drainingkiss\",\"willowisp\"],\"baseAbility\":\"grimneigh\",\"item\":\"lifeorb\",\"pokeball\":\"pokeball\",\"ability\":\"grimneigh\",\"commanding\":false,\"reviving\":false,\"teraType\":\"Fairy\",\"terastallized\":\"\"},{\"ident\":\"p1: Vikavolt\",\"details\":\"Vikavolt, L83, F\",\"condition\":\"0 fnt\",\"active\":false,\"stats\":{\"atk\":121,\"def\":197,\"spa\":288,\"spd\":172,\"spe\":119},\"moves\":[\"discharge\",\"stickyweb\",\"bugbuzz\",\"energyball\"],\"baseAbility\":\"levitate\",\"item\":\"heavydutyboots\",\"pokeball\":\"pokeball\",\"ability\":\"levitate\",\"commanding\":false,\"reviving\":false,\"teraType\":\"Electric\",\"terastallized\":\"\"},{\"ident\":\"p1: Kingdra\",\"details\":\"Kingdra, L84, F\",\"condition\":\"102/263\",\"active\":false,\"stats\":{\"atk\":208,\"def\":208,\"spa\":208,\"spd\":208,\"spe\":191},\"moves\":[\"wavecrash\",\"dragondance\",\"outrage\",\"waterfall\"],\"baseAbility\":\"sniper\",\"item\":\"\",\"pokeball\":\"pokeball\",\"ability\":\"sniper\",\"commanding\":false,\"reviving\":false,\"teraType\":\"Water\",\"terastallized\":\"\"},{\"ident\":\"p1: Glaceon\",\"details\":\"Glaceon, L94, M\",\"condition\":\"6/275\",\"active\":false,\"stats\":{\"atk\":117,\"def\":260,\"spa\":298,\"spd\":232,\"spe\":176},\"moves\":[\"freezedry\",\"protect\",\"calmmind\",\"wish\"],\"baseAbility\":\"icebody\",\"item\":\"heavydutyboots\",\"pokeball\":\"pokeball\",\"ability\":\"icebody\",\"commanding\":false,\"reviving\":false,\"teraType\":\"Water\",\"terastallized\":\"\"}]},\"rqid\":136}\n|inactive|Time left: 300 sec this turn | 300 sec total\n|\n|t:|1783392280\n|switch|p1a: Glaceon|Glaceon, L94, M|6/275\n|move|p2a: Necrozma|Moonlight|p2a: Necrozma\n|-heal|p2a: Necrozma|100/100\n|\n|upkeep\n|turn|65\n|request|{\"active\":[{\"moves\":[{\"move\":\"Freeze-Dry\",\"id\":\"freezedry\",\"pp\":27,\"maxpp\":32,\"target\":\"normal\",\"disabled\":false},{\"move\":\"Protect\",\"id\":\"protect\",\"pp\":15,\"maxpp\":16,\"target\":\"self\",\"disabled\":false},{\"move\":\"Calm Mind\",\"id\":\"calmmind\",\"pp\":32,\"maxpp\":32,\"target\":\"self\",\"disabled\":false},{\"move\":\"Wish\",\"id\":\"wish\",\"pp\":16,\"maxpp\":16,\"target\":\"self\",\"disabled\":false}],\"canTerastallize\":\"Water\"}],\"side\":{\"name\":\"p0x083be4e\",\"id\":\"p1\",\"pokemon\":[{\"ident\":\"p1: Glaceon\",\"details\":\"Glaceon, L94, M\",\"condition\":\"6/275\",\"active\":true,\"stats\":{\"atk\":117,\"def\":260,\"spa\":298,\"spd\":232,\"spe\":176},\"moves\":[\"freezedry\",\"protect\",\"calmmind\",\"wish\"],\"baseAbility\":\"icebody\",\"item\":\"heavydutyboots\",\"pokeball\":\"pokeball\",\"ability\":\"icebody\",\"commanding\":false,\"reviving\":false,\"teraType\":\"Water\",\"terastallized\":\"\"},{\"ident\":\"p1: Oinkologne\",\"details\":\"Oinkologne-F, L92, F\",\"condition\":\"361/361\",\"active\":false,\"stats\":{\"atk\":218,\"def\":181,\"spa\":161,\"spd\":218,\"spe\":172},\"moves\":[\"lashout\",\"curse\",\"bodyslam\",\"highhorsepower\"],\"baseAbility\":\"thickfat\",\"item\":\"leftovers\",\"pokeball\":\"pokeball\",\"ability\":\"thickfat\",\"commanding\":false,\"reviving\":false,\"teraType\":\"Ground\",\"terastallized\":\"\"},{\"ident\":\"p1: Spectrier\",\"details\":\"Spectrier, L75\",\"condition\":\"0 fnt\",\"active\":false,\"stats\":{\"atk\":102,\"def\":134,\"spa\":261,\"spd\":164,\"spe\":239},\"moves\":[\"shadowball\",\"nastyplot\",\"drainingkiss\",\"willowisp\"],\"baseAbility\":\"grimneigh\",\"item\":\"lifeorb\",\"pokeball\":\"pokeball\",\"ability\":\"grimneigh\",\"commanding\":false,\"reviving\":false,\"teraType\":\"Fairy\",\"terastallized\":\"\"},{\"ident\":\"p1: Vikavolt\",\"details\":\"Vikavolt, L83, F\",\"condition\":\"0 fnt\",\"active\":false,\"stats\":{\"atk\":121,\"def\":197,\"spa\":288,\"spd\":172,\"spe\":119},\"moves\":[\"discharge\",\"stickyweb\",\"bugbuzz\",\"energyball\"],\"baseAbility\":\"levitate\",\"item\":\"heavydutyboots\",\"pokeball\":\"pokeball\",\"ability\":\"levitate\",\"commanding\":false,\"reviving\":false,\"teraType\":\"Electric\",\"terastallized\":\"\"},{\"ident\":\"p1: Kingdra\",\"details\":\"Kingdra, L84, F\",\"condition\":\"102/263\",\"active\":false,\"stats\":{\"atk\":208,\"def\":208,\"spa\":208,\"spd\":208,\"spe\":191},\"moves\":[\"wavecrash\",\"dragondance\",\"outrage\",\"waterfall\"],\"baseAbility\":\"sniper\",\"item\":\"\",\"pokeball\":\"pokeball\",\"ability\":\"sniper\",\"commanding\":false,\"reviving\":false,\"teraType\":\"Water\",\"terastallized\":\"\"},{\"ident\":\"p1: Arboliva\",\"details\":\"Arboliva, L91, M\",\"condition\":\"254/290 tox\",\"active\":false,\"stats\":{\"atk\":130,\"def\":216,\"spa\":279,\"spd\":250,\"spe\":123},\"moves\":[\"earthpower\",\"strengthsap\",\"energyball\",\"hypervoice\"],\"baseAbility\":\"seedsower\",\"item\":\"leftovers\",\"pokeball\":\"pokeball\",\"ability\":\"seedsower\",\"commanding\":false,\"reviving\":false,\"teraType\":\"Poison\",\"terastallized\":\"\"}]},\"rqid\":138}\n|inactive|Time left: 300 sec this turn | 300 sec total\n|\n|t:|1783392281\n|move|p1a: Glaceon|Protect|p1a: Glaceon\n|-singleturn|p1a: Glaceon|Protect\n|move|p2a: Necrozma|Photon Geyser|p1a: Glaceon\n|-activate|p1a: Glaceon|move: Protect\n|\n|upkeep\n|turn|66\n|request|{\"active\":[{\"moves\":[{\"move\":\"Freeze-Dry\",\"id\":\"freezedry\",\"pp\":27,\"maxpp\":32,\"target\":\"normal\",\"disabled\":false},{\"move\":\"Protect\",\"id\":\"protect\",\"pp\":14,\"maxpp\":16,\"target\":\"self\",\"disabled\":false},{\"move\":\"Calm Mind\",\"id\":\"calmmind\",\"pp\":32,\"maxpp\":32,\"target\":\"self\",\"disabled\":false},{\"move\":\"Wish\",\"id\":\"wish\",\"pp\":16,\"maxpp\":16,\"target\":\"self\",\"disabled\":false}],\"canTerastallize\":\"Water\"}],\"side\":{\"name\":\"p0x083be4e\",\"id\":\"p1\",\"pokemon\":[{\"ident\":\"p1: Glaceon\",\"details\":\"Glaceon, L94, M\",\"condition\":\"6/275\",\"active\":true,\"stats\":{\"atk\":117,\"def\":260,\"spa\":298,\"spd\":232,\"spe\":176},\"moves\":[\"freezedry\",\"protect\",\"calmmind\",\"wish\"],\"baseAbility\":\"icebody\",\"item\":\"heavydutyboots\",\"pokeball\":\"pokeball\",\"ability\":\"icebody\",\"commanding\":false,\"reviving\":false,\"teraType\":\"Water\",\"terastallized\":\"\"},{\"ident\":\"p1: Oinkologne\",\"details\":\"Oinkologne-F, L92, F\",\"condition\":\"361/361\",\"active\":false,\"stats\":{\"atk\":218,\"def\":181,\"spa\":161,\"spd\":218,\"spe\":172},\"moves\":[\"lashout\",\"curse\",\"bodyslam\",\"highhorsepower\"],\"baseAbility\":\"thickfat\",\"item\":\"leftovers\",\"pokeball\":\"pokeball\",\"ability\":\"thickfat\",\"commanding\":false,\"reviving\":false,\"teraType\":\"Ground\",\"terastallized\":\"\"},{\"ident\":\"p1: Spectrier\",\"details\":\"Spectrier, L75\",\"condition\":\"0 fnt\",\"active\":false,\"stats\":{\"atk\":102,\"def\":134,\"spa\":261,\"spd\":164,\"spe\":239},\"moves\":[\"shadowball\",\"nastyplot\",\"drainingkiss\",\"willowisp\"],\"baseAbility\":\"grimneigh\",\"item\":\"lifeorb\",\"pokeball\":\"pokeball\",\"ability\":\"grimneigh\",\"commanding\":false,\"reviving\":false,\"teraType\":\"Fairy\",\"terastallized\":\"\"},{\"ident\":\"p1: Vikavolt\",\"details\":\"Vikavolt, L83, F\",\"condition\":\"0 fnt\",\"active\":false,\"stats\":{\"atk\":121,\"def\":197,\"spa\":288,\"spd\":172,\"spe\":119},\"moves\":[\"discharge\",\"stickyweb\",\"bugbuzz\",\"energyball\"],\"baseAbility\":\"levitate\",\"item\":\"heavydutyboots\",\"pokeball\":\"pokeball\",\"ability\":\"levitate\",\"commanding\":false,\"reviving\":false,\"teraType\":\"Electric\",\"terastallized\":\"\"},{\"ident\":\"p1: Kingdra\",\"details\":\"Kingdra, L84, F\",\"condition\":\"102/263\",\"active\":false,\"stats\":{\"atk\":208,\"def\":208,\"spa\":208,\"spd\":208,\"spe\":191},\"moves\":[\"wavecrash\",\"dragondance\",\"outrage\",\"waterfall\"],\"baseAbility\":\"sniper\",\"item\":\"\",\"pokeball\":\"pokeball\",\"ability\":\"sniper\",\"commanding\":false,\"reviving\":false,\"teraType\":\"Water\",\"terastallized\":\"\"},{\"ident\":\"p1: Arboliva\",\"details\":\"Arboliva, L91, M\",\"condition\":\"254/290 tox\",\"active\":false,\"stats\":{\"atk\":130,\"def\":216,\"spa\":279,\"spd\":250,\"spe\":123},\"moves\":[\"earthpower\",\"strengthsap\",\"energyball\",\"hypervoice\"],\"baseAbility\":\"seedsower\",\"item\":\"leftovers\",\"pokeball\":\"pokeball\",\"ability\":\"seedsower\",\"commanding\":false,\"reviving\":false,\"teraType\":\"Poison\",\"terastallized\":\"\"}]},\"rqid\":140}\n|inactive|Time left: 300 sec this turn | 300 sec total\n|\n|t:|1783392281\n|move|p1a: Glaceon|Freeze-Dry|p2a: Necrozma\n|-damage|p2a: Necrozma|71/100\n|move|p2a: Necrozma|Photon Geyser|p1a: Glaceon\n|-damage|p1a: Glaceon|0 fnt\n|faint|p1a: Glaceon\n|\n|-heal|p2a: Necrozma|77/100|[from] item: Leftovers\n|upkeep\n|request|{\"forceSwitch\":[true],\"side\":{\"name\":\"p0x083be4e\",\"id\":\"p1\",\"pokemon\":[{\"ident\":\"p1: Glaceon\",\"details\":\"Glaceon, L94, M\",\"condition\":\"0 fnt\",\"active\":true,\"stats\":{\"atk\":117,\"def\":260,\"spa\":298,\"spd\":232,\"spe\":176},\"moves\":[\"freezedry\",\"protect\",\"calmmind\",\"wish\"],\"baseAbility\":\"icebody\",\"item\":\"heavydutyboots\",\"pokeball\":\"pokeball\",\"ability\":\"icebody\",\"commanding\":false,\"reviving\":false,\"teraType\":\"Water\",\"terastallized\":\"\"},{\"ident\":\"p1: Oinkologne\",\"details\":\"Oinkologne-F, L92, F\",\"condition\":\"361/361\",\"active\":false,\"stats\":{\"atk\":218,\"def\":181,\"spa\":161,\"spd\":218,\"spe\":172},\"moves\":[\"lashout\",\"curse\",\"bodyslam\",\"highhorsepower\"],\"baseAbility\":\"thickfat\",\"item\":\"leftovers\",\"pokeball\":\"pokeball\",\"ability\":\"thickfat\",\"commanding\":false,\"reviving\":false,\"teraType\":\"Ground\",\"terastallized\":\"\"},{\"ident\":\"p1: Spectrier\",\"details\":\"Spectrier, L75\",\"condition\":\"0 fnt\",\"active\":false,\"stats\":{\"atk\":102,\"def\":134,\"spa\":261,\"spd\":164,\"spe\":239},\"moves\":[\"shadowball\",\"nastyplot\",\"drainingkiss\",\"willowisp\"],\"baseAbility\":\"grimneigh\",\"item\":\"lifeorb\",\"pokeball\":\"pokeball\",\"ability\":\"grimneigh\",\"commanding\":false,\"reviving\":false,\"teraType\":\"Fairy\",\"terastallized\":\"\"},{\"ident\":\"p1: Vikavolt\",\"details\":\"Vikavolt, L83, F\",\"condition\":\"0 fnt\",\"active\":false,\"stats\":{\"atk\":121,\"def\":197,\"spa\":288,\"spd\":172,\"spe\":119},\"moves\":[\"discharge\",\"stickyweb\",\"bugbuzz\",\"energyball\"],\"baseAbility\":\"levitate\",\"item\":\"heavydutyboots\",\"pokeball\":\"pokeball\",\"ability\":\"levitate\",\"commanding\":false,\"reviving\":false,\"teraType\":\"Electric\",\"terastallized\":\"\"},{\"ident\":\"p1: Kingdra\",\"details\":\"Kingdra, L84, F\",\"condition\":\"102/263\",\"active\":false,\"stats\":{\"atk\":208,\"def\":208,\"spa\":208,\"spd\":208,\"spe\":191},\"moves\":[\"wavecrash\",\"dragondance\",\"outrage\",\"waterfall\"],\"baseAbility\":\"sniper\",\"item\":\"\",\"pokeball\":\"pokeball\",\"ability\":\"sniper\",\"commanding\":false,\"reviving\":false,\"teraType\":\"Water\",\"terastallized\":\"\"},{\"ident\":\"p1: Arboliva\",\"details\":\"Arboliva, L91, M\",\"condition\":\"254/290 tox\",\"active\":false,\"stats\":{\"atk\":130,\"def\":216,\"spa\":279,\"spd\":250,\"spe\":123},\"moves\":[\"earthpower\",\"strengthsap\",\"energyball\",\"hypervoice\"],\"baseAbility\":\"seedsower\",\"item\":\"leftovers\",\"pokeball\":\"pokeball\",\"ability\":\"seedsower\",\"commanding\":false,\"reviving\":false,\"teraType\":\"Poison\",\"terastallized\":\"\"}]},\"noCancel\":true,\"rqid\":142}\n|inactive|Time left: 300 sec this turn | 300 sec total | 5 sec grace\n|\n|t:|1783392281\n|switch|p1a: Arboliva|Arboliva, L91, M|254/290 tox\n|turn|67\n|request|{\"active\":[{\"moves\":[{\"move\":\"Earth Power\",\"id\":\"earthpower\",\"pp\":15,\"maxpp\":16,\"target\":\"normal\",\"disabled\":false},{\"move\":\"Strength Sap\",\"id\":\"strengthsap\",\"pp\":16,\"maxpp\":16,\"target\":\"normal\",\"disabled\":false},{\"move\":\"Energy Ball\",\"id\":\"energyball\",\"pp\":15,\"maxpp\":16,\"target\":\"normal\",\"disabled\":false},{\"move\":\"Hyper Voice\",\"id\":\"hypervoice\",\"pp\":16,\"maxpp\":16,\"target\":\"allAdjacentFoes\",\"disabled\":false}],\"canTerastallize\":\"Poison\"}],\"side\":{\"name\":\"p0x083be4e\",\"id\":\"p1\",\"pokemon\":[{\"ident\":\"p1: Arboliva\",\"details\":\"Arboliva, L91, M\",\"condition\":\"254/290 tox\",\"active\":true,\"stats\":{\"atk\":130,\"def\":216,\"spa\":279,\"spd\":250,\"spe\":123},\"moves\":[\"earthpower\",\"strengthsap\",\"energyball\",\"hypervoice\"],\"baseAbility\":\"seedsower\",\"item\":\"leftovers\",\"pokeball\":\"pokeball\",\"ability\":\"seedsower\",\"commanding\":false,\"reviving\":false,\"teraType\":\"Poison\",\"terastallized\":\"\"},{\"ident\":\"p1: Oinkologne\",\"details\":\"Oinkologne-F, L92, F\",\"condition\":\"361/361\",\"active\":false,\"stats\":{\"atk\":218,\"def\":181,\"spa\":161,\"spd\":218,\"spe\":172},\"moves\":[\"lashout\",\"curse\",\"bodyslam\",\"highhorsepower\"],\"baseAbility\":\"thickfat\",\"item\":\"leftovers\",\"pokeball\":\"pokeball\",\"ability\":\"thickfat\",\"commanding\":false,\"reviving\":false,\"teraType\":\"Ground\",\"terastallized\":\"\"},{\"ident\":\"p1: Spectrier\",\"details\":\"Spectrier, L75\",\"condition\":\"0 fnt\",\"active\":false,\"stats\":{\"atk\":102,\"def\":134,\"spa\":261,\"spd\":164,\"spe\":239},\"moves\":[\"shadowball\",\"nastyplot\",\"drainingkiss\",\"willowisp\"],\"baseAbility\":\"grimneigh\",\"item\":\"lifeorb\",\"pokeball\":\"pokeball\",\"ability\":\"grimneigh\",\"commanding\":false,\"reviving\":false,\"teraType\":\"Fairy\",\"terastallized\":\"\"},{\"ident\":\"p1: Vikavolt\",\"details\":\"Vikavolt, L83, F\",\"condition\":\"0 fnt\",\"active\":false,\"stats\":{\"atk\":121,\"def\":197,\"spa\":288,\"spd\":172,\"spe\":119},\"moves\":[\"discharge\",\"stickyweb\",\"bugbuzz\",\"energyball\"],\"baseAbility\":\"levitate\",\"item\":\"heavydutyboots\",\"pokeball\":\"pokeball\",\"ability\":\"levitate\",\"commanding\":false,\"reviving\":false,\"teraType\":\"Electric\",\"terastallized\":\"\"},{\"ident\":\"p1: Kingdra\",\"details\":\"Kingdra, L84, F\",\"condition\":\"102/263\",\"active\":false,\"stats\":{\"atk\":208,\"def\":208,\"spa\":208,\"spd\":208,\"spe\":191},\"moves\":[\"wavecrash\",\"dragondance\",\"outrage\",\"waterfall\"],\"baseAbility\":\"sniper\",\"item\":\"\",\"pokeball\":\"pokeball\",\"ability\":\"sniper\",\"commanding\":false,\"reviving\":false,\"teraType\":\"Water\",\"terastallized\":\"\"},{\"ident\":\"p1: Glaceon\",\"details\":\"Glaceon, L94, M\",\"condition\":\"0 fnt\",\"active\":false,\"stats\":{\"atk\":117,\"def\":260,\"spa\":298,\"spd\":232,\"spe\":176},\"moves\":[\"freezedry\",\"protect\",\"calmmind\",\"wish\"],\"baseAbility\":\"icebody\",\"item\":\"heavydutyboots\",\"pokeball\":\"pokeball\",\"ability\":\"icebody\",\"commanding\":false,\"reviving\":false,\"teraType\":\"Water\",\"terastallized\":\"\"}]},\"rqid\":144}\n|inactive|Time left: 300 sec this turn | 300 sec total\n|\n|t:|1783392281\n|move|p1a: Arboliva|Energy Ball|p2a: Necrozma\n|-damage|p2a: Necrozma|44/100\n|move|p2a: Necrozma|Calm Mind|p2a: Necrozma\n|-boost|p2a: Necrozma|spa|1\n|-boost|p2a: Necrozma|spd|1\n|\n|-heal|p1a: Arboliva|272/290 tox|[from] item: Leftovers\n|-heal|p2a: Necrozma|50/100|[from] item: Leftovers\n|-damage|p1a: Arboliva|254/290 tox|[from] psn\n|upkeep\n|turn|68\n|request|{\"active\":[{\"moves\":[{\"move\":\"Earth Power\",\"id\":\"earthpower\",\"pp\":15,\"maxpp\":16,\"target\":\"normal\",\"disabled\":false},{\"move\":\"Strength Sap\",\"id\":\"strengthsap\",\"pp\":16,\"maxpp\":16,\"target\":\"normal\",\"disabled\":false},{\"move\":\"Energy Ball\",\"id\":\"energyball\",\"pp\":14,\"maxpp\":16,\"target\":\"normal\",\"disabled\":false},{\"move\":\"Hyper Voice\",\"id\":\"hypervoice\",\"pp\":16,\"maxpp\":16,\"target\":\"allAdjacentFoes\",\"disabled\":false}],\"canTerastallize\":\"Poison\"}],\"side\":{\"name\":\"p0x083be4e\",\"id\":\"p1\",\"pokemon\":[{\"ident\":\"p1: Arboliva\",\"details\":\"Arboliva, L91, M\",\"condition\":\"254/290 tox\",\"active\":true,\"stats\":{\"atk\":130,\"def\":216,\"spa\":279,\"spd\":250,\"spe\":123},\"moves\":[\"earthpower\",\"strengthsap\",\"energyball\",\"hypervoice\"],\"baseAbility\":\"seedsower\",\"item\":\"leftovers\",\"pokeball\":\"pokeball\",\"ability\":\"seedsower\",\"commanding\":false,\"reviving\":false,\"teraType\":\"Poison\",\"terastallized\":\"\"},{\"ident\":\"p1: Oinkologne\",\"details\":\"Oinkologne-F, L92, F\",\"condition\":\"361/361\",\"active\":false,\"stats\":{\"atk\":218,\"def\":181,\"spa\":161,\"spd\":218,\"spe\":172},\"moves\":[\"lashout\",\"curse\",\"bodyslam\",\"highhorsepower\"],\"baseAbility\":\"thickfat\",\"item\":\"leftovers\",\"pokeball\":\"pokeball\",\"ability\":\"thickfat\",\"commanding\":false,\"reviving\":false,\"teraType\":\"Ground\",\"terastallized\":\"\"},{\"ident\":\"p1: Spectrier\",\"details\":\"Spectrier, L75\",\"condition\":\"0 fnt\",\"active\":false,\"stats\":{\"atk\":102,\"def\":134,\"spa\":261,\"spd\":164,\"spe\":239},\"moves\":[\"shadowball\",\"nastyplot\",\"drainingkiss\",\"willowisp\"],\"baseAbility\":\"grimneigh\",\"item\":\"lifeorb\",\"pokeball\":\"pokeball\",\"ability\":\"grimneigh\",\"commanding\":false,\"reviving\":false,\"teraType\":\"Fairy\",\"terastallized\":\"\"},{\"ident\":\"p1: Vikavolt\",\"details\":\"Vikavolt, L83, F\",\"condition\":\"0 fnt\",\"active\":false,\"stats\":{\"atk\":121,\"def\":197,\"spa\":288,\"spd\":172,\"spe\":119},\"moves\":[\"discharge\",\"stickyweb\",\"bugbuzz\",\"energyball\"],\"baseAbility\":\"levitate\",\"item\":\"heavydutyboots\",\"pokeball\":\"pokeball\",\"ability\":\"levitate\",\"commanding\":false,\"reviving\":false,\"teraType\":\"Electric\",\"terastallized\":\"\"},{\"ident\":\"p1: Kingdra\",\"details\":\"Kingdra, L84, F\",\"condition\":\"102/263\",\"active\":false,\"stats\":{\"atk\":208,\"def\":208,\"spa\":208,\"spd\":208,\"spe\":191},\"moves\":[\"wavecrash\",\"dragondance\",\"outrage\",\"waterfall\"],\"baseAbility\":\"sniper\",\"item\":\"\",\"pokeball\":\"pokeball\",\"ability\":\"sniper\",\"commanding\":false,\"reviving\":false,\"teraType\":\"Water\",\"terastallized\":\"\"},{\"ident\":\"p1: Glaceon\",\"details\":\"Glaceon, L94, M\",\"condition\":\"0 fnt\",\"active\":false,\"stats\":{\"atk\":117,\"def\":260,\"spa\":298,\"spd\":232,\"spe\":176},\"moves\":[\"freezedry\",\"protect\",\"calmmind\",\"wish\"],\"baseAbility\":\"icebody\",\"item\":\"heavydutyboots\",\"pokeball\":\"pokeball\",\"ability\":\"icebody\",\"commanding\":false,\"reviving\":false,\"teraType\":\"Water\",\"terastallized\":\"\"}]},\"rqid\":146}\n|inactive|Time left: 300 sec this turn | 300 sec total\n|\n|t:|1783392281\n|move|p1a: Arboliva|Energy Ball|p2a: Necrozma\n|-damage|p2a: Necrozma|26/100\n|move|p2a: Necrozma|Moonlight|p2a: Necrozma\n|-heal|p2a: Necrozma|76/100\n|\n|-heal|p1a: Arboliva|272/290 tox|[from] item: Leftovers\n|-heal|p2a: Necrozma|82/100|[from] item: Leftovers\n|-damage|p1a: Arboliva|236/290 tox|[from] psn\n|upkeep\n|turn|69\n|request|{\"active\":[{\"moves\":[{\"move\":\"Earth Power\",\"id\":\"earthpower\",\"pp\":15,\"maxpp\":16,\"target\":\"normal\",\"disabled\":false},{\"move\":\"Strength Sap\",\"id\":\"strengthsap\",\"pp\":16,\"maxpp\":16,\"target\":\"normal\",\"disabled\":false},{\"move\":\"Energy Ball\",\"id\":\"energyball\",\"pp\":13,\"maxpp\":16,\"target\":\"normal\",\"disabled\":false},{\"move\":\"Hyper Voice\",\"id\":\"hypervoice\",\"pp\":16,\"maxpp\":16,\"target\":\"allAdjacentFoes\",\"disabled\":false}],\"canTerastallize\":\"Poison\"}],\"side\":{\"name\":\"p0x083be4e\",\"id\":\"p1\",\"pokemon\":[{\"ident\":\"p1: Arboliva\",\"details\":\"Arboliva, L91, M\",\"condition\":\"236/290 tox\",\"active\":true,\"stats\":{\"atk\":130,\"def\":216,\"spa\":279,\"spd\":250,\"spe\":123},\"moves\":[\"earthpower\",\"strengthsap\",\"energyball\",\"hypervoice\"],\"baseAbility\":\"seedsower\",\"item\":\"leftovers\",\"pokeball\":\"pokeball\",\"ability\":\"seedsower\",\"commanding\":false,\"reviving\":false,\"teraType\":\"Poison\",\"terastallized\":\"\"},{\"ident\":\"p1: Oinkologne\",\"details\":\"Oinkologne-F, L92, F\",\"condition\":\"361/361\",\"active\":false,\"stats\":{\"atk\":218,\"def\":181,\"spa\":161,\"spd\":218,\"spe\":172},\"moves\":[\"lashout\",\"curse\",\"bodyslam\",\"highhorsepower\"],\"baseAbility\":\"thickfat\",\"item\":\"leftovers\",\"pokeball\":\"pokeball\",\"ability\":\"thickfat\",\"commanding\":false,\"reviving\":false,\"teraType\":\"Ground\",\"terastallized\":\"\"},{\"ident\":\"p1: Spectrier\",\"details\":\"Spectrier, L75\",\"condition\":\"0 fnt\",\"active\":false,\"stats\":{\"atk\":102,\"def\":134,\"spa\":261,\"spd\":164,\"spe\":239},\"moves\":[\"shadowball\",\"nastyplot\",\"drainingkiss\",\"willowisp\"],\"baseAbility\":\"grimneigh\",\"item\":\"lifeorb\",\"pokeball\":\"pokeball\",\"ability\":\"grimneigh\",\"commanding\":false,\"reviving\":false,\"teraType\":\"Fairy\",\"terastallized\":\"\"},{\"ident\":\"p1: Vikavolt\",\"details\":\"Vikavolt, L83, F\",\"condition\":\"0 fnt\",\"active\":false,\"stats\":{\"atk\":121,\"def\":197,\"spa\":288,\"spd\":172,\"spe\":119},\"moves\":[\"discharge\",\"stickyweb\",\"bugbuzz\",\"energyball\"],\"baseAbility\":\"levitate\",\"item\":\"heavydutyboots\",\"pokeball\":\"pokeball\",\"ability\":\"levitate\",\"commanding\":false,\"reviving\":false,\"teraType\":\"Electric\",\"terastallized\":\"\"},{\"ident\":\"p1: Kingdra\",\"details\":\"Kingdra, L84, F\",\"condition\":\"102/263\",\"active\":false,\"stats\":{\"atk\":208,\"def\":208,\"spa\":208,\"spd\":208,\"spe\":191},\"moves\":[\"wavecrash\",\"dragondance\",\"outrage\",\"waterfall\"],\"baseAbility\":\"sniper\",\"item\":\"\",\"pokeball\":\"pokeball\",\"ability\":\"sniper\",\"commanding\":false,\"reviving\":false,\"teraType\":\"Water\",\"terastallized\":\"\"},{\"ident\":\"p1: Glaceon\",\"details\":\"Glaceon, L94, M\",\"condition\":\"0 fnt\",\"active\":false,\"stats\":{\"atk\":117,\"def\":260,\"spa\":298,\"spd\":232,\"spe\":176},\"moves\":[\"freezedry\",\"protect\",\"calmmind\",\"wish\"],\"baseAbility\":\"icebody\",\"item\":\"heavydutyboots\",\"pokeball\":\"pokeball\",\"ability\":\"icebody\",\"commanding\":false,\"reviving\":false,\"teraType\":\"Water\",\"terastallized\":\"\"}]},\"rqid\":148}\n|inactive|Time left: 300 sec this turn | 300 sec total\n|\n|t:|1783392282\n|move|p1a: Arboliva|Energy Ball|p2a: Necrozma\n|-damage|p2a: Necrozma|58/100\n|move|p2a: Necrozma|Photon Geyser|p1a: Arboliva\n|-damage|p1a: Arboliva|44/290 tox\n|-fieldstart|move: Grassy Terrain|[from] ability: Seed Sower|[of] p1a: Arboliva\n|\n|-heal|p1a: Arboliva|62/290 tox|[from] Grassy Terrain\n|-heal|p1a: Arboliva|80/290 tox|[from] item: Leftovers\n|-heal|p2a: Necrozma|64/100|[from] Grassy Terrain\n|-heal|p2a: Necrozma|70/100|[from] item: Leftovers\n|-damage|p1a: Arboliva|26/290 tox|[from] psn\n|upkeep\n|turn|70\n|request|{\"active\":[{\"moves\":[{\"move\":\"Earth Power\",\"id\":\"earthpower\",\"pp\":15,\"maxpp\":16,\"target\":\"normal\",\"disabled\":false},{\"move\":\"Strength Sap\",\"id\":\"strengthsap\",\"pp\":16,\"maxpp\":16,\"target\":\"normal\",\"disabled\":false},{\"move\":\"Energy Ball\",\"id\":\"energyball\",\"pp\":12,\"maxpp\":16,\"target\":\"normal\",\"disabled\":false},{\"move\":\"Hyper Voice\",\"id\":\"hypervoice\",\"pp\":16,\"maxpp\":16,\"target\":\"allAdjacentFoes\",\"disabled\":false}],\"canTerastallize\":\"Poison\"}],\"side\":{\"name\":\"p0x083be4e\",\"id\":\"p1\",\"pokemon\":[{\"ident\":\"p1: Arboliva\",\"details\":\"Arboliva, L91, M\",\"condition\":\"26/290 tox\",\"active\":true,\"stats\":{\"atk\":130,\"def\":216,\"spa\":279,\"spd\":250,\"spe\":123},\"moves\":[\"earthpower\",\"strengthsap\",\"energyball\",\"hypervoice\"],\"baseAbility\":\"seedsower\",\"item\":\"leftovers\",\"pokeball\":\"pokeball\",\"ability\":\"seedsower\",\"commanding\":false,\"reviving\":false,\"teraType\":\"Poison\",\"terastallized\":\"\"},{\"ident\":\"p1: Oinkologne\",\"details\":\"Oinkologne-F, L92, F\",\"condition\":\"361/361\",\"active\":false,\"stats\":{\"atk\":218,\"def\":181,\"spa\":161,\"spd\":218,\"spe\":172},\"moves\":[\"lashout\",\"curse\",\"bodyslam\",\"highhorsepower\"],\"baseAbility\":\"thickfat\",\"item\":\"leftovers\",\"pokeball\":\"pokeball\",\"ability\":\"thickfat\",\"commanding\":false,\"reviving\":false,\"teraType\":\"Ground\",\"terastallized\":\"\"},{\"ident\":\"p1: Spectrier\",\"details\":\"Spectrier, L75\",\"condition\":\"0 fnt\",\"active\":false,\"stats\":{\"atk\":102,\"def\":134,\"spa\":261,\"spd\":164,\"spe\":239},\"moves\":[\"shadowball\",\"nastyplot\",\"drainingkiss\",\"willowisp\"],\"baseAbility\":\"grimneigh\",\"item\":\"lifeorb\",\"pokeball\":\"pokeball\",\"ability\":\"grimneigh\",\"commanding\":false,\"reviving\":false,\"teraType\":\"Fairy\",\"terastallized\":\"\"},{\"ident\":\"p1: Vikavolt\",\"details\":\"Vikavolt, L83, F\",\"condition\":\"0 fnt\",\"active\":false,\"stats\":{\"atk\":121,\"def\":197,\"spa\":288,\"spd\":172,\"spe\":119},\"moves\":[\"discharge\",\"stickyweb\",\"bugbuzz\",\"energyball\"],\"baseAbility\":\"levitate\",\"item\":\"heavydutyboots\",\"pokeball\":\"pokeball\",\"ability\":\"levitate\",\"commanding\":false,\"reviving\":false,\"teraType\":\"Electric\",\"terastallized\":\"\"},{\"ident\":\"p1: Kingdra\",\"details\":\"Kingdra, L84, F\",\"condition\":\"102/263\",\"active\":false,\"stats\":{\"atk\":208,\"def\":208,\"spa\":208,\"spd\":208,\"spe\":191},\"moves\":[\"wavecrash\",\"dragondance\",\"outrage\",\"waterfall\"],\"baseAbility\":\"sniper\",\"item\":\"\",\"pokeball\":\"pokeball\",\"ability\":\"sniper\",\"commanding\":false,\"reviving\":false,\"teraType\":\"Water\",\"terastallized\":\"\"},{\"ident\":\"p1: Glaceon\",\"details\":\"Glaceon, L94, M\",\"condition\":\"0 fnt\",\"active\":false,\"stats\":{\"atk\":117,\"def\":260,\"spa\":298,\"spd\":232,\"spe\":176},\"moves\":[\"freezedry\",\"protect\",\"calmmind\",\"wish\"],\"baseAbility\":\"icebody\",\"item\":\"heavydutyboots\",\"pokeball\":\"pokeball\",\"ability\":\"icebody\",\"commanding\":false,\"reviving\":false,\"teraType\":\"Water\",\"terastallized\":\"\"}]},\"rqid\":150}\n|inactive|Time left: 300 sec this turn | 300 sec total\n|\n|t:|1783392282\n|move|p1a: Arboliva|Strength Sap|p2a: Necrozma\n|-unboost|p2a: Necrozma|atk|1\n|-heal|p1a: Arboliva|202/290 tox\n|move|p2a: Necrozma|Moonlight|p2a: Necrozma\n|-heal|p2a: Necrozma|100/100\n|\n|-heal|p1a: Arboliva|220/290 tox|[from] Grassy Terrain\n|-heal|p1a: Arboliva|238/290 tox|[from] item: Leftovers\n|-damage|p1a: Arboliva|166/290 tox|[from] psn\n|upkeep\n|turn|71\n|request|{\"active\":[{\"moves\":[{\"move\":\"Earth Power\",\"id\":\"earthpower\",\"pp\":15,\"maxpp\":16,\"target\":\"normal\",\"disabled\":false},{\"move\":\"Strength Sap\",\"id\":\"strengthsap\",\"pp\":15,\"maxpp\":16,\"target\":\"normal\",\"disabled\":false},{\"move\":\"Energy Ball\",\"id\":\"energyball\",\"pp\":12,\"maxpp\":16,\"target\":\"normal\",\"disabled\":false},{\"move\":\"Hyper Voice\",\"id\":\"hypervoice\",\"pp\":16,\"maxpp\":16,\"target\":\"allAdjacentFoes\",\"disabled\":false}],\"canTerastallize\":\"Poison\"}],\"side\":{\"name\":\"p0x083be4e\",\"id\":\"p1\",\"pokemon\":[{\"ident\":\"p1: Arboliva\",\"details\":\"Arboliva, L91, M\",\"condition\":\"166/290 tox\",\"active\":true,\"stats\":{\"atk\":130,\"def\":216,\"spa\":279,\"spd\":250,\"spe\":123},\"moves\":[\"earthpower\",\"strengthsap\",\"energyball\",\"hypervoice\"],\"baseAbility\":\"seedsower\",\"item\":\"leftovers\",\"pokeball\":\"pokeball\",\"ability\":\"seedsower\",\"commanding\":false,\"reviving\":false,\"teraType\":\"Poison\",\"terastallized\":\"\"},{\"ident\":\"p1: Oinkologne\",\"details\":\"Oinkologne-F, L92, F\",\"condition\":\"361/361\",\"active\":false,\"stats\":{\"atk\":218,\"def\":181,\"spa\":161,\"spd\":218,\"spe\":172},\"moves\":[\"lashout\",\"curse\",\"bodyslam\",\"highhorsepower\"],\"baseAbility\":\"thickfat\",\"item\":\"leftovers\",\"pokeball\":\"pokeball\",\"ability\":\"thickfat\",\"commanding\":false,\"reviving\":false,\"teraType\":\"Ground\",\"terastallized\":\"\"},{\"ident\":\"p1: Spectrier\",\"details\":\"Spectrier, L75\",\"condition\":\"0 fnt\",\"active\":false,\"stats\":{\"atk\":102,\"def\":134,\"spa\":261,\"spd\":164,\"spe\":239},\"moves\":[\"shadowball\",\"nastyplot\",\"drainingkiss\",\"willowisp\"],\"baseAbility\":\"grimneigh\",\"item\":\"lifeorb\",\"pokeball\":\"pokeball\",\"ability\":\"grimneigh\",\"commanding\":false,\"reviving\":false,\"teraType\":\"Fairy\",\"terastallized\":\"\"},{\"ident\":\"p1: Vikavolt\",\"details\":\"Vikavolt, L83, F\",\"condition\":\"0 fnt\",\"active\":false,\"stats\":{\"atk\":121,\"def\":197,\"spa\":288,\"spd\":172,\"spe\":119},\"moves\":[\"discharge\",\"stickyweb\",\"bugbuzz\",\"energyball\"],\"baseAbility\":\"levitate\",\"item\":\"heavydutyboots\",\"pokeball\":\"pokeball\",\"ability\":\"levitate\",\"commanding\":false,\"reviving\":false,\"teraType\":\"Electric\",\"terastallized\":\"\"},{\"ident\":\"p1: Kingdra\",\"details\":\"Kingdra, L84, F\",\"condition\":\"102/263\",\"active\":false,\"stats\":{\"atk\":208,\"def\":208,\"spa\":208,\"spd\":208,\"spe\":191},\"moves\":[\"wavecrash\",\"dragondance\",\"outrage\",\"waterfall\"],\"baseAbility\":\"sniper\",\"item\":\"\",\"pokeball\":\"pokeball\",\"ability\":\"sniper\",\"commanding\":false,\"reviving\":false,\"teraType\":\"Water\",\"terastallized\":\"\"},{\"ident\":\"p1: Glaceon\",\"details\":\"Glaceon, L94, M\",\"condition\":\"0 fnt\",\"active\":false,\"stats\":{\"atk\":117,\"def\":260,\"spa\":298,\"spd\":232,\"spe\":176},\"moves\":[\"freezedry\",\"protect\",\"calmmind\",\"wish\"],\"baseAbility\":\"icebody\",\"item\":\"heavydutyboots\",\"pokeball\":\"pokeball\",\"ability\":\"icebody\",\"commanding\":false,\"reviving\":false,\"teraType\":\"Water\",\"terastallized\":\"\"}]},\"rqid\":152}\n|inactive|Time left: 300 sec this turn | 300 sec total\n|\n|t:|1783392282\n|move|p1a: Arboliva|Strength Sap|p2a: Necrozma\n|-unboost|p2a: Necrozma|atk|1\n|-heal|p1a: Arboliva|283/290 tox\n|move|p2a: Necrozma|Heat Wave|p1a: Arboliva\n|-supereffective|p1a: Arboliva\n|-damage|p1a: Arboliva|39/290 tox\n|\n|-heal|p1a: Arboliva|57/290 tox|[from] Grassy Terrain\n|-heal|p1a: Arboliva|75/290 tox|[from] item: Leftovers\n|-damage|p1a: Arboliva|0 fnt|[from] psn\n|faint|p1a: Arboliva\n|upkeep\n|request|{\"forceSwitch\":[true],\"side\":{\"name\":\"p0x083be4e\",\"id\":\"p1\",\"pokemon\":[{\"ident\":\"p1: Arboliva\",\"details\":\"Arboliva, L91, M\",\"condition\":\"0 fnt\",\"active\":true,\"stats\":{\"atk\":130,\"def\":216,\"spa\":279,\"spd\":250,\"spe\":123},\"moves\":[\"earthpower\",\"strengthsap\",\"energyball\",\"hypervoice\"],\"baseAbility\":\"seedsower\",\"item\":\"leftovers\",\"pokeball\":\"pokeball\",\"ability\":\"seedsower\",\"commanding\":false,\"reviving\":false,\"teraType\":\"Poison\",\"terastallized\":\"\"},{\"ident\":\"p1: Oinkologne\",\"details\":\"Oinkologne-F, L92, F\",\"condition\":\"361/361\",\"active\":false,\"stats\":{\"atk\":218,\"def\":181,\"spa\":161,\"spd\":218,\"spe\":172},\"moves\":[\"lashout\",\"curse\",\"bodyslam\",\"highhorsepower\"],\"baseAbility\":\"thickfat\",\"item\":\"leftovers\",\"pokeball\":\"pokeball\",\"ability\":\"thickfat\",\"commanding\":false,\"reviving\":false,\"teraType\":\"Ground\",\"terastallized\":\"\"},{\"ident\":\"p1: Spectrier\",\"details\":\"Spectrier, L75\",\"condition\":\"0 fnt\",\"active\":false,\"stats\":{\"atk\":102,\"def\":134,\"spa\":261,\"spd\":164,\"spe\":239},\"moves\":[\"shadowball\",\"nastyplot\",\"drainingkiss\",\"willowisp\"],\"baseAbility\":\"grimneigh\",\"item\":\"lifeorb\",\"pokeball\":\"pokeball\",\"ability\":\"grimneigh\",\"commanding\":false,\"reviving\":false,\"teraType\":\"Fairy\",\"terastallized\":\"\"},{\"ident\":\"p1: Vikavolt\",\"details\":\"Vikavolt, L83, F\",\"condition\":\"0 fnt\",\"active\":false,\"stats\":{\"atk\":121,\"def\":197,\"spa\":288,\"spd\":172,\"spe\":119},\"moves\":[\"discharge\",\"stickyweb\",\"bugbuzz\",\"energyball\"],\"baseAbility\":\"levitate\",\"item\":\"heavydutyboots\",\"pokeball\":\"pokeball\",\"ability\":\"levitate\",\"commanding\":false,\"reviving\":false,\"teraType\":\"Electric\",\"terastallized\":\"\"},{\"ident\":\"p1: Kingdra\",\"details\":\"Kingdra, L84, F\",\"condition\":\"102/263\",\"active\":false,\"stats\":{\"atk\":208,\"def\":208,\"spa\":208,\"spd\":208,\"spe\":191},\"moves\":[\"wavecrash\",\"dragondance\",\"outrage\",\"waterfall\"],\"baseAbility\":\"sniper\",\"item\":\"\",\"pokeball\":\"pokeball\",\"ability\":\"sniper\",\"commanding\":false,\"reviving\":false,\"teraType\":\"Water\",\"terastallized\":\"\"},{\"ident\":\"p1: Glaceon\",\"details\":\"Glaceon, L94, M\",\"condition\":\"0 fnt\",\"active\":false,\"stats\":{\"atk\":117,\"def\":260,\"spa\":298,\"spd\":232,\"spe\":176},\"moves\":[\"freezedry\",\"protect\",\"calmmind\",\"wish\"],\"baseAbility\":\"icebody\",\"item\":\"heavydutyboots\",\"pokeball\":\"pokeball\",\"ability\":\"icebody\",\"commanding\":false,\"reviving\":false,\"teraType\":\"Water\",\"terastallized\":\"\"}]},\"noCancel\":true,\"rqid\":154}\n|inactive|Time left: 300 sec this turn | 300 sec total | 5 sec grace\n|\n|t:|1783392282\n|switch|p1a: Oinkologne|Oinkologne-F, L92, F|361/361\n|-status|p1a: Oinkologne|tox\n|turn|72\n|request|{\"active\":[{\"moves\":[{\"move\":\"Lash Out\",\"id\":\"lashout\",\"pp\":8,\"maxpp\":8,\"target\":\"normal\",\"disabled\":false},{\"move\":\"Curse\",\"id\":\"curse\",\"pp\":16,\"maxpp\":16,\"target\":\"self\",\"disabled\":false},{\"move\":\"Body Slam\",\"id\":\"bodyslam\",\"pp\":24,\"maxpp\":24,\"target\":\"normal\",\"disabled\":false},{\"move\":\"High Horsepower\",\"id\":\"highhorsepower\",\"pp\":16,\"maxpp\":16,\"target\":\"normal\",\"disabled\":false}],\"canTerastallize\":\"Ground\"}],\"side\":{\"name\":\"p0x083be4e\",\"id\":\"p1\",\"pokemon\":[{\"ident\":\"p1: Oinkologne\",\"details\":\"Oinkologne-F, L92, F\",\"condition\":\"361/361 tox\",\"active\":true,\"stats\":{\"atk\":218,\"def\":181,\"spa\":161,\"spd\":218,\"spe\":172},\"moves\":[\"lashout\",\"curse\",\"bodyslam\",\"highhorsepower\"],\"baseAbility\":\"thickfat\",\"item\":\"leftovers\",\"pokeball\":\"pokeball\",\"ability\":\"thickfat\",\"commanding\":false,\"reviving\":false,\"teraType\":\"Ground\",\"terastallized\":\"\"},{\"ident\":\"p1: Arboliva\",\"details\":\"Arboliva, L91, M\",\"condition\":\"0 fnt\",\"active\":false,\"stats\":{\"atk\":130,\"def\":216,\"spa\":279,\"spd\":250,\"spe\":123},\"moves\":[\"earthpower\",\"strengthsap\",\"energyball\",\"hypervoice\"],\"baseAbility\":\"seedsower\",\"item\":\"leftovers\",\"pokeball\":\"pokeball\",\"ability\":\"seedsower\",\"commanding\":false,\"reviving\":false,\"teraType\":\"Poison\",\"terastallized\":\"\"},{\"ident\":\"p1: Spectrier\",\"details\":\"Spectrier, L75\",\"condition\":\"0 fnt\",\"active\":false,\"stats\":{\"atk\":102,\"def\":134,\"spa\":261,\"spd\":164,\"spe\":239},\"moves\":[\"shadowball\",\"nastyplot\",\"drainingkiss\",\"willowisp\"],\"baseAbility\":\"grimneigh\",\"item\":\"lifeorb\",\"pokeball\":\"pokeball\",\"ability\":\"grimneigh\",\"commanding\":false,\"reviving\":false,\"teraType\":\"Fairy\",\"terastallized\":\"\"},{\"ident\":\"p1: Vikavolt\",\"details\":\"Vikavolt, L83, F\",\"condition\":\"0 fnt\",\"active\":false,\"stats\":{\"atk\":121,\"def\":197,\"spa\":288,\"spd\":172,\"spe\":119},\"moves\":[\"discharge\",\"stickyweb\",\"bugbuzz\",\"energyball\"],\"baseAbility\":\"levitate\",\"item\":\"heavydutyboots\",\"pokeball\":\"pokeball\",\"ability\":\"levitate\",\"commanding\":false,\"reviving\":false,\"teraType\":\"Electric\",\"terastallized\":\"\"},{\"ident\":\"p1: Kingdra\",\"details\":\"Kingdra, L84, F\",\"condition\":\"102/263\",\"active\":false,\"stats\":{\"atk\":208,\"def\":208,\"spa\":208,\"spd\":208,\"spe\":191},\"moves\":[\"wavecrash\",\"dragondance\",\"outrage\",\"waterfall\"],\"baseAbility\":\"sniper\",\"item\":\"\",\"pokeball\":\"pokeball\",\"ability\":\"sniper\",\"commanding\":false,\"reviving\":false,\"teraType\":\"Water\",\"terastallized\":\"\"},{\"ident\":\"p1: Glaceon\",\"details\":\"Glaceon, L94, M\",\"condition\":\"0 fnt\",\"active\":false,\"stats\":{\"atk\":117,\"def\":260,\"spa\":298,\"spd\":232,\"spe\":176},\"moves\":[\"freezedry\",\"protect\",\"calmmind\",\"wish\"],\"baseAbility\":\"icebody\",\"item\":\"heavydutyboots\",\"pokeball\":\"pokeball\",\"ability\":\"icebody\",\"commanding\":false,\"reviving\":false,\"teraType\":\"Water\",\"terastallized\":\"\"}]},\"rqid\":156}\n|inactive|Time left: 300 sec this turn | 300 sec total\n|\n|t:|1783392283\n|move|p1a: Oinkologne|Body Slam|p2a: Necrozma\n|-damage|p2a: Necrozma|68/100\n|move|p2a: Necrozma|Photon Geyser|p1a: Oinkologne\n|-damage|p1a: Oinkologne|157/361 tox\n|\n|-heal|p1a: Oinkologne|179/361 tox|[from] Grassy Terrain\n|-heal|p1a: Oinkologne|201/361 tox|[from] item: Leftovers\n|-heal|p2a: Necrozma|74/100|[from] Grassy Terrain\n|-heal|p2a: Necrozma|80/100|[from] item: Leftovers\n|-damage|p1a: Oinkologne|179/361 tox|[from] psn\n|upkeep\n|turn|73\n|request|{\"active\":[{\"moves\":[{\"move\":\"Lash Out\",\"id\":\"lashout\",\"pp\":8,\"maxpp\":8,\"target\":\"normal\",\"disabled\":false},{\"move\":\"Curse\",\"id\":\"curse\",\"pp\":16,\"maxpp\":16,\"target\":\"self\",\"disabled\":false},{\"move\":\"Body Slam\",\"id\":\"bodyslam\",\"pp\":23,\"maxpp\":24,\"target\":\"normal\",\"disabled\":false},{\"move\":\"High Horsepower\",\"id\":\"highhorsepower\",\"pp\":16,\"maxpp\":16,\"target\":\"normal\",\"disabled\":false}],\"canTerastallize\":\"Ground\"}],\"side\":{\"name\":\"p0x083be4e\",\"id\":\"p1\",\"pokemon\":[{\"ident\":\"p1: Oinkologne\",\"details\":\"Oinkologne-F, L92, F\",\"condition\":\"179/361 tox\",\"active\":true,\"stats\":{\"atk\":218,\"def\":181,\"spa\":161,\"spd\":218,\"spe\":172},\"moves\":[\"lashout\",\"curse\",\"bodyslam\",\"highhorsepower\"],\"baseAbility\":\"thickfat\",\"item\":\"leftovers\",\"pokeball\":\"pokeball\",\"ability\":\"thickfat\",\"commanding\":false,\"reviving\":false,\"teraType\":\"Ground\",\"terastallized\":\"\"},{\"ident\":\"p1: Arboliva\",\"details\":\"Arboliva, L91, M\",\"condition\":\"0 fnt\",\"active\":false,\"stats\":{\"atk\":130,\"def\":216,\"spa\":279,\"spd\":250,\"spe\":123},\"moves\":[\"earthpower\",\"strengthsap\",\"energyball\",\"hypervoice\"],\"baseAbility\":\"seedsower\",\"item\":\"leftovers\",\"pokeball\":\"pokeball\",\"ability\":\"seedsower\",\"commanding\":false,\"reviving\":false,\"teraType\":\"Poison\",\"terastallized\":\"\"},{\"ident\":\"p1: Spectrier\",\"details\":\"Spectrier, L75\",\"condition\":\"0 fnt\",\"active\":false,\"stats\":{\"atk\":102,\"def\":134,\"spa\":261,\"spd\":164,\"spe\":239},\"moves\":[\"shadowball\",\"nastyplot\",\"drainingkiss\",\"willowisp\"],\"baseAbility\":\"grimneigh\",\"item\":\"lifeorb\",\"pokeball\":\"pokeball\",\"ability\":\"grimneigh\",\"commanding\":false,\"reviving\":false,\"teraType\":\"Fairy\",\"terastallized\":\"\"},{\"ident\":\"p1: Vikavolt\",\"details\":\"Vikavolt, L83, F\",\"condition\":\"0 fnt\",\"active\":false,\"stats\":{\"atk\":121,\"def\":197,\"spa\":288,\"spd\":172,\"spe\":119},\"moves\":[\"discharge\",\"stickyweb\",\"bugbuzz\",\"energyball\"],\"baseAbility\":\"levitate\",\"item\":\"heavydutyboots\",\"pokeball\":\"pokeball\",\"ability\":\"levitate\",\"commanding\":false,\"reviving\":false,\"teraType\":\"Electric\",\"terastallized\":\"\"},{\"ident\":\"p1: Kingdra\",\"details\":\"Kingdra, L84, F\",\"condition\":\"102/263\",\"active\":false,\"stats\":{\"atk\":208,\"def\":208,\"spa\":208,\"spd\":208,\"spe\":191},\"moves\":[\"wavecrash\",\"dragondance\",\"outrage\",\"waterfall\"],\"baseAbility\":\"sniper\",\"item\":\"\",\"pokeball\":\"pokeball\",\"ability\":\"sniper\",\"commanding\":false,\"reviving\":false,\"teraType\":\"Water\",\"terastallized\":\"\"},{\"ident\":\"p1: Glaceon\",\"details\":\"Glaceon, L94, M\",\"condition\":\"0 fnt\",\"active\":false,\"stats\":{\"atk\":117,\"def\":260,\"spa\":298,\"spd\":232,\"spe\":176},\"moves\":[\"freezedry\",\"protect\",\"calmmind\",\"wish\"],\"baseAbility\":\"icebody\",\"item\":\"heavydutyboots\",\"pokeball\":\"pokeball\",\"ability\":\"icebody\",\"commanding\":false,\"reviving\":false,\"teraType\":\"Water\",\"terastallized\":\"\"}]},\"rqid\":158}\n|inactive|Time left: 300 sec this turn | 300 sec total\n|\n|t:|1783392283\n|move|p1a: Oinkologne|Body Slam|p2a: Necrozma\n|-damage|p2a: Necrozma|46/100\n|move|p2a: Necrozma|Photon Geyser|p1a: Oinkologne\n|-damage|p1a: Oinkologne|0 fnt\n|faint|p1a: Oinkologne\n|\n|-heal|p2a: Necrozma|52/100|[from] Grassy Terrain\n|-heal|p2a: Necrozma|58/100|[from] item: Leftovers\n|-fieldend|move: Grassy Terrain\n|upkeep\n|request|{\"forceSwitch\":[true],\"side\":{\"name\":\"p0x083be4e\",\"id\":\"p1\",\"pokemon\":[{\"ident\":\"p1: Oinkologne\",\"details\":\"Oinkologne-F, L92, F\",\"condition\":\"0 fnt\",\"active\":true,\"stats\":{\"atk\":218,\"def\":181,\"spa\":161,\"spd\":218,\"spe\":172},\"moves\":[\"lashout\",\"curse\",\"bodyslam\",\"highhorsepower\"],\"baseAbility\":\"thickfat\",\"item\":\"leftovers\",\"pokeball\":\"pokeball\",\"ability\":\"thickfat\",\"commanding\":false,\"reviving\":false,\"teraType\":\"Ground\",\"terastallized\":\"\"},{\"ident\":\"p1: Arboliva\",\"details\":\"Arboliva, L91, M\",\"condition\":\"0 fnt\",\"active\":false,\"stats\":{\"atk\":130,\"def\":216,\"spa\":279,\"spd\":250,\"spe\":123},\"moves\":[\"earthpower\",\"strengthsap\",\"energyball\",\"hypervoice\"],\"baseAbility\":\"seedsower\",\"item\":\"leftovers\",\"pokeball\":\"pokeball\",\"ability\":\"seedsower\",\"commanding\":false,\"reviving\":false,\"teraType\":\"Poison\",\"terastallized\":\"\"},{\"ident\":\"p1: Spectrier\",\"details\":\"Spectrier, L75\",\"condition\":\"0 fnt\",\"active\":false,\"stats\":{\"atk\":102,\"def\":134,\"spa\":261,\"spd\":164,\"spe\":239},\"moves\":[\"shadowball\",\"nastyplot\",\"drainingkiss\",\"willowisp\"],\"baseAbility\":\"grimneigh\",\"item\":\"lifeorb\",\"pokeball\":\"pokeball\",\"ability\":\"grimneigh\",\"commanding\":false,\"reviving\":false,\"teraType\":\"Fairy\",\"terastallized\":\"\"},{\"ident\":\"p1: Vikavolt\",\"details\":\"Vikavolt, L83, F\",\"condition\":\"0 fnt\",\"active\":false,\"stats\":{\"atk\":121,\"def\":197,\"spa\":288,\"spd\":172,\"spe\":119},\"moves\":[\"discharge\",\"stickyweb\",\"bugbuzz\",\"energyball\"],\"baseAbility\":\"levitate\",\"item\":\"heavydutyboots\",\"pokeball\":\"pokeball\",\"ability\":\"levitate\",\"commanding\":false,\"reviving\":false,\"teraType\":\"Electric\",\"terastallized\":\"\"},{\"ident\":\"p1: Kingdra\",\"details\":\"Kingdra, L84, F\",\"condition\":\"102/263\",\"active\":false,\"stats\":{\"atk\":208,\"def\":208,\"spa\":208,\"spd\":208,\"spe\":191},\"moves\":[\"wavecrash\",\"dragondance\",\"outrage\",\"waterfall\"],\"baseAbility\":\"sniper\",\"item\":\"\",\"pokeball\":\"pokeball\",\"ability\":\"sniper\",\"commanding\":false,\"reviving\":false,\"teraType\":\"Water\",\"terastallized\":\"\"},{\"ident\":\"p1: Glaceon\",\"details\":\"Glaceon, L94, M\",\"condition\":\"0 fnt\",\"active\":false,\"stats\":{\"atk\":117,\"def\":260,\"spa\":298,\"spd\":232,\"spe\":176},\"moves\":[\"freezedry\",\"protect\",\"calmmind\",\"wish\"],\"baseAbility\":\"icebody\",\"item\":\"heavydutyboots\",\"pokeball\":\"pokeball\",\"ability\":\"icebody\",\"commanding\":false,\"reviving\":false,\"teraType\":\"Water\",\"terastallized\":\"\"}]},\"noCancel\":true,\"rqid\":160}\n|inactive|Time left: 300 sec this turn | 300 sec total | 5 sec grace\n|\n|t:|1783392283\n|switch|p1a: Kingdra|Kingdra, L84, F|102/263\n|-status|p1a: Kingdra|tox\n|turn|74\n|request|{\"active\":[{\"moves\":[{\"move\":\"Wave Crash\",\"id\":\"wavecrash\",\"pp\":15,\"maxpp\":16,\"target\":\"normal\",\"disabled\":false},{\"move\":\"Dragon Dance\",\"id\":\"dragondance\",\"pp\":0,\"maxpp\":32,\"target\":\"self\",\"disabled\":true},{\"move\":\"Outrage\",\"id\":\"outrage\",\"pp\":15,\"maxpp\":16,\"target\":\"randomNormal\",\"disabled\":false},{\"move\":\"Waterfall\",\"id\":\"waterfall\",\"pp\":12,\"maxpp\":24,\"target\":\"normal\",\"disabled\":false}],\"canTerastallize\":\"Water\"}],\"side\":{\"name\":\"p0x083be4e\",\"id\":\"p1\",\"pokemon\":[{\"ident\":\"p1: Kingdra\",\"details\":\"Kingdra, L84, F\",\"condition\":\"102/263 tox\",\"active\":true,\"stats\":{\"atk\":208,\"def\":208,\"spa\":208,\"spd\":208,\"spe\":191},\"moves\":[\"wavecrash\",\"dragondance\",\"outrage\",\"waterfall\"],\"baseAbility\":\"sniper\",\"item\":\"\",\"pokeball\":\"pokeball\",\"ability\":\"sniper\",\"commanding\":false,\"reviving\":false,\"teraType\":\"Water\",\"terastallized\":\"\"},{\"ident\":\"p1: Arboliva\",\"details\":\"Arboliva, L91, M\",\"condition\":\"0 fnt\",\"active\":false,\"stats\":{\"atk\":130,\"def\":216,\"spa\":279,\"spd\":250,\"spe\":123},\"moves\":[\"earthpower\",\"strengthsap\",\"energyball\",\"hypervoice\"],\"baseAbility\":\"seedsower\",\"item\":\"leftovers\",\"pokeball\":\"pokeball\",\"ability\":\"seedsower\",\"commanding\":false,\"reviving\":false,\"teraType\":\"Poison\",\"terastallized\":\"\"},{\"ident\":\"p1: Spectrier\",\"details\":\"Spectrier, L75\",\"condition\":\"0 fnt\",\"active\":false,\"stats\":{\"atk\":102,\"def\":134,\"spa\":261,\"spd\":164,\"spe\":239},\"moves\":[\"shadowball\",\"nastyplot\",\"drainingkiss\",\"willowisp\"],\"baseAbility\":\"grimneigh\",\"item\":\"lifeorb\",\"pokeball\":\"pokeball\",\"ability\":\"grimneigh\",\"commanding\":false,\"reviving\":false,\"teraType\":\"Fairy\",\"terastallized\":\"\"},{\"ident\":\"p1: Vikavolt\",\"details\":\"Vikavolt, L83, F\",\"condition\":\"0 fnt\",\"active\":false,\"stats\":{\"atk\":121,\"def\":197,\"spa\":288,\"spd\":172,\"spe\":119},\"moves\":[\"discharge\",\"stickyweb\",\"bugbuzz\",\"energyball\"],\"baseAbility\":\"levitate\",\"item\":\"heavydutyboots\",\"pokeball\":\"pokeball\",\"ability\":\"levitate\",\"commanding\":false,\"reviving\":false,\"teraType\":\"Electric\",\"terastallized\":\"\"},{\"ident\":\"p1: Oinkologne\",\"details\":\"Oinkologne-F, L92, F\",\"condition\":\"0 fnt\",\"active\":false,\"stats\":{\"atk\":218,\"def\":181,\"spa\":161,\"spd\":218,\"spe\":172},\"moves\":[\"lashout\",\"curse\",\"bodyslam\",\"highhorsepower\"],\"baseAbility\":\"thickfat\",\"item\":\"leftovers\",\"pokeball\":\"pokeball\",\"ability\":\"thickfat\",\"commanding\":false,\"reviving\":false,\"teraType\":\"Ground\",\"terastallized\":\"\"},{\"ident\":\"p1: Glaceon\",\"details\":\"Glaceon, L94, M\",\"condition\":\"0 fnt\",\"active\":false,\"stats\":{\"atk\":117,\"def\":260,\"spa\":298,\"spd\":232,\"spe\":176},\"moves\":[\"freezedry\",\"protect\",\"calmmind\",\"wish\"],\"baseAbility\":\"icebody\",\"item\":\"heavydutyboots\",\"pokeball\":\"pokeball\",\"ability\":\"icebody\",\"commanding\":false,\"reviving\":false,, "uploadtime": 1783392283, "views": 0, "rating": 0, "private": 0, "password": null, "_winner": "p0y0830a8c", "_our_name": "p0y0830a8c"}3\n|move|p1a: Kingdra|Waterfall|p2a: Necrozma\n|-damage|p2a: Necrozma|32/100\n|move|p2a: Necrozma|Photon Geyser|p1a: Kingdra\n|-damage|p1a: Kingdra|0 fnt\n|faint|p1a: Kingdra\n|\n|win|p0y0830a8c", "uploadtime": 1783392283, "views": 0, "rating": 0, "private": 0, "password": null, "_winner": "p0y0830a8c", "_our_name": "p0x083be4e"}