{"id": "battle-gen9randombattle-118", "formatid": "gen9randombattle", "format": "[Gen 9] Random Battle", "players": ["p0x0188429", "p0y0187ac4"], "log": "|init|battle\n|title|p0x0188429 vs. p0y0187ac4\n|j|\u2606p0x0188429\n|j|\u2606p0y0187ac4\n|t:|1783402176\n|gametype|singles\n|player|p1|p0x0188429|2|\n|player|p2|p0y0187ac4|102|\n|gen|9\n|tier|[Gen 9] Random Battle\n|rule|Species Clause: Limit one of each Pok\u00e9mon\n|rule|HP Percentage Mod: HP is shown in percentages\n|rule|Sleep Clause Mod: Limit one foe put to sleep\n|rule|Illusion Level Mod: Illusion disguises the Pok\u00e9mon's true level\n|\n|t:|1783402176\n|teamsize|p1|6\n|teamsize|p2|6\n|start\n|switch|p1a: Iron Bundle|Iron Bundle, L78|215/215\n|switch|p2a: Gouging Fire|Gouging Fire, L74|100/100\n|turn|1\n|inactive|Battle timer is ON: inactive players will automatically lose when time's up. (requested by p0y0187ac4)\n|inactive|Time left: 300 sec this turn | 300 sec total | 60 sec grace\n|inactive|p0x0188429 also wants the timer to be on.\n|\n|t:|1783402177\n|-end|p1a: Iron Bundle|Quark Drive|[silent]\n|switch|p1a: Armarouge|Armarouge, L80, M|267/267\n|move|p2a: Gouging Fire|Dragon Dance|p2a: Gouging Fire\n|-boost|p2a: Gouging Fire|atk|1\n|-boost|p2a: Gouging Fire|spe|1\n|\n|upkeep\n|turn|2\n|inactive|Time left: 300 sec this turn | 300 sec total\n|\n|t:|1783402177\n|move|p2a: Gouging Fire|Outrage|p1a: Armarouge\n|-damage|p1a: Armarouge|111/267\n|-ability|p1a: Armarouge|Weak Armor|boost\n|-unboost|p1a: Armarouge|def|1\n|-boost|p1a: Armarouge|spe|2\n|move|p1a: Armarouge|Meteor Beam||[still]\n|-prepare|p1a: Armarouge|Meteor Beam\n|-boost|p1a: Armarouge|spa|1\n|-enditem|p1a: Armarouge|Power Herb\n|-anim|p1a: Armarouge|Meteor Beam|p2a: Gouging Fire\n|-supereffective|p2a: Gouging Fire\n|-damage|p2a: Gouging Fire|0 fnt\n|faint|p2a: Gouging Fire\n|-end|p2a: Gouging Fire|Protosynthesis|[silent]\n|\n|upkeep\n|\n|t:|1783402177\n|switch|p2a: Piloswine|Piloswine, L85, F|100/100\n|turn|3\n|inactive|Time left: 300 sec this turn | 300 sec total\n|\n|t:|1783402177\n|move|p1a: Armarouge|Armor Cannon|p2a: Piloswine\n|-supereffective|p2a: Piloswine\n|-damage|p2a: Piloswine|44/100\n|-unboost|p1a: Armarouge|def|1\n|-unboost|p1a: Armarouge|spd|1\n|move|p2a: Piloswine|Earthquake|p1a: Armarouge\n|-supereffective|p1a: Armarouge\n|-damage|p1a: Armarouge|0 fnt\n|faint|p1a: Armarouge\n|\n|upkeep\n|inactive|Time left: 300 sec this turn | 300 sec total | 5 sec grace\n|\n|t:|1783402178\n|switch|p1a: Passimian|Passimian, L83, M|302/302\n|turn|4\n|inactive|Time left: 300 sec this turn | 300 sec total\n|\n|t:|1783402178\n|switch|p2a: Gliscor|Gliscor, L76, F|100/100\n|move|p1a: Passimian|Drain Punch|p2a: Gliscor\n|-resisted|p2a: Gliscor\n|-damage|p2a: Gliscor|85/100\n|\n|-status|p2a: Gliscor|tox|[from] item: Toxic Orb\n|upkeep\n|turn|5\n|inactive|Time left: 300 sec this turn | 300 sec total\n|\n|t:|1783402178\n|move|p2a: Gliscor|Toxic Spikes|p1a: Passimian\n|-sidestart|p1: p0x0188429|move: Toxic Spikes\n|move|p1a: Passimian|Bulk Up|p1a: Passimian\n|-boost|p1a: Passimian|atk|1\n|-boost|p1a: Passimian|def|1\n|\n|-heal|p2a: Gliscor|97/100 tox|[from] ability: Poison Heal\n|upkeep\n|turn|6\n|inactive|Time left: 300 sec this turn | 300 sec total\n|\n|t:|1783402178\n|move|p2a: Gliscor|Toxic Spikes|p1a: Passimian\n|-sidestart|p1: p0x0188429|move: Toxic Spikes\n|move|p1a: Passimian|Bulk Up|p1a: Passimian\n|-boost|p1a: Passimian|atk|1\n|-boost|p1a: Passimian|def|1\n|\n|-heal|p2a: Gliscor|100/100 tox|[from] ability: Poison Heal\n|upkeep\n|turn|7\n|inactive|Time left: 300 sec this turn | 300 sec total\n|\n|t:|1783402179\n|move|p2a: Gliscor|Knock Off|p1a: Passimian\n|-resisted|p1a: Passimian\n|-damage|p1a: Passimian|288/302\n|-enditem|p1a: Passimian|Leftovers|[from] move: Knock Off|[of] p2a: Gliscor\n|move|p1a: Passimian|Bulk Up|p1a: Passimian\n|-boost|p1a: Passimian|atk|1\n|-boost|p1a: Passimian|def|1\n|\n|upkeep\n|turn|8\n|inactive|Time left: 300 sec this turn | 300 sec total\n|\n|t:|1783402179\n|move|p2a: Gliscor|Protect|p2a: Gliscor\n|-singleturn|p2a: Gliscor|Protect\n|move|p1a: Passimian|Knock Off|p2a: Gliscor\n|-activate|p2a: Gliscor|move: Protect\n|\n|upkeep\n|turn|9\n|inactive|Time left: 300 sec this turn | 300 sec total\n|\n|t:|1783402179\n|move|p2a: Gliscor|Protect|p2a: Gliscor\n|-singleturn|p2a: Gliscor|Protect\n|move|p1a: Passimian|Knock Off|p2a: Gliscor\n|-activate|p2a: Gliscor|move: Protect\n|\n|upkeep\n|turn|10\n|inactive|Time left: 300 sec this turn | 300 sec total\n|\n|t:|1783402179\n|switch|p2a: Umbreon|Umbreon, L84, F|100/100\n|move|p1a: Passimian|Knock Off|p2a: Umbreon\n|-resisted|p2a: Umbreon\n|-damage|p2a: Umbreon|74/100\n|-enditem|p2a: Umbreon|Leftovers|[from] move: Knock Off|[of] p1a: Passimian\n|\n|upkeep\n|turn|11\n|inactive|Time left: 300 sec this turn | 300 sec total\n|\n|t:|1783402180\n|-terastallize|p2a: Umbreon|Poison\n|move|p1a: Passimian|Drain Punch|p2a: Umbreon\n|-resisted|p2a: Umbreon\n|-damage|p2a: Umbreon|44/100\n|-heal|p1a: Passimian|302/302|[from] drain|[of] p2a: Umbreon\n|move|p2a: Umbreon|Toxic|p1a: Passimian\n|-status|p1a: Passimian|tox\n|\n|-damage|p1a: Passimian|284/302 tox|[from] psn\n|upkeep\n|turn|12\n|inactive|Time left: 300 sec this turn | 300 sec total\n|\n|t:|1783402180\n|-terastallize|p1a: Passimian|Poison\n|move|p1a: Passimian|Gunk Shot|p2a: Umbreon|[miss]\n|-miss|p1a: Passimian|p2a: Umbreon\n|move|p2a: Umbreon|Wish|p2a: Umbreon\n|\n|-damage|p1a: Passimian|248/302 tox|[from] psn\n|upkeep\n|turn|13\n|inactive|Time left: 300 sec this turn | 300 sec total\n|\n|t:|1783402180\n|switch|p1a: Eternatus|Eternatus, L69|308/308\n|-sideend|p1: p0x0188429|move: Toxic Spikes|[of] p1a: Eternatus\n|-ability|p1a: Eternatus|Pressure\n|move|p2a: Umbreon|Protect||[still]\n|-fail|p2a: Umbreon\n|\n|-heal|p2a: Umbreon|93/100|[from] move: Wish|[wisher] Umbreon\n|upkeep\n|turn|14\n|inactive|Time left: 300 sec this turn | 300 sec total\n|\n|t:|1783402180\n|move|p1a: Eternatus|Dynamax Cannon|p2a: Umbreon\n|-damage|p2a: Umbreon|71/100\n|move|p2a: Umbreon|Wish|p2a: Umbreon\n|\n|upkeep\n|turn|15\n|inactive|Time left: 300 sec this turn | 300 sec total\n|\n|t:|1783402180\n|switch|p2a: Piloswine|Piloswine, L85, F|44/100\n|move|p1a: Eternatus|Dynamax Cannon|p2a: Piloswine\n|-damage|p2a: Piloswine|18/100\n|\n|-heal|p2a: Piloswine|66/100|[from] move: Wish|[wisher] Umbreon\n|upkeep\n|turn|16\n|inactive|Time left: 300 sec this turn | 300 sec total\n|\n|t:|1783402181\n|switch|p1a: Greninja|Greninja, L80, M|246/246\n|move|p2a: Piloswine|Earthquake|p1a: Greninja\n|-damage|p1a: Greninja|104/246\n|\n|upkeep\n|turn|17\n|inactive|Time left: 300 sec this turn | 300 sec total\n|\n|t:|1783402181\n|move|p1a: Greninja|Hydro Pump|p2a: Piloswine\n|-supereffective|p2a: Piloswine\n|-damage|p2a: Piloswine|0 fnt\n|faint|p2a: Piloswine\n|-ability|p1a: Greninja|Battle Bond|boost\n|-boost|p1a: Greninja|atk|1\n|-boost|p1a: Greninja|spa|1\n|-boost|p1a: Greninja|spe|1\n|-activate|p1a: Greninja|ability: Battle Bond\n|-damage|p1a: Greninja|80/246|[from] item: Life Orb\n|\n|upkeep\n|\n|t:|1783402181\n|switch|p2a: Umbreon|Umbreon, L84, F, tera:Poison|71/100\n|turn|18\n|inactive|Time left: 300 sec this turn | 300 sec total\n|\n|t:|1783402182\n|move|p1a: Greninja|Dark Pulse|p2a: Umbreon\n|-damage|p2a: Umbreon|31/100\n|-damage|p1a: Greninja|56/246|[from] item: Life Orb\n|move|p2a: Umbreon|Foul Play|p1a: Greninja\n|-resisted|p1a: Greninja\n|-damage|p1a: Greninja|0 fnt\n|faint|p1a: Greninja\n|\n|upkeep\n|inactive|Time left: 300 sec this turn | 300 sec total | 5 sec grace\n|\n|t:|1783402182\n|switch|p1a: Iron Bundle|Iron Bundle, L78|215/215\n|turn|19\n|inactive|Time left: 300 sec this turn | 300 sec total\n|\n|t:|1783402182\n|move|p1a: Iron Bundle|Hydro Pump|p2a: Umbreon\n|-damage|p2a: Umbreon|0 fnt\n|faint|p2a: Umbreon\n|\n|upkeep\n|\n|t:|1783402182\n|switch|p2a: Revavroom|Revavroom, L79, M|100/100\n|turn|20\n|inactive|Time left: 300 sec this turn | 300 sec total\n|\n|t:|1783402182\n|move|p1a: Iron Bundle|Hydro Pump|p2a: Revavroom\n|-damage|p2a: Revavroom|37/100\n|move|p2a: Revavroom|Shift Gear|p2a: Revavroom\n|-boost|p2a: Revavroom|spe|2\n|-boost|p2a: Revavroom|atk|1\n|\n|upkeep\n|turn|21\n|inactive|Time left: 300 sec this turn | 300 sec total\n|\n|t:|1783402183\n|move|p2a: Revavroom|Gunk Shot|p1a: Iron Bundle\n|-damage|p1a: Iron Bundle|0 fnt\n|faint|p1a: Iron Bundle\n|-end|p1a: Iron Bundle|Quark Drive|[silent]\n|-damage|p2a: Revavroom|27/100|[from] item: Life Orb\n|\n|upkeep\n|inactive|Time left: 300 sec this turn | 300 sec total | 5 sec grace\n|\n|t:|1783402183\n|switch|p1a: Umbreon|Umbreon, L84, F|297/297\n|turn|22\n|inactive|Time left: 300 sec this turn | 300 sec total\n|\n|t:|1783402183\n|move|p2a: Revavroom|Gunk Shot|p1a: Umbreon\n|-damage|p1a: Umbreon|77/297\n|-damage|p2a: Revavroom|17/100|[from] item: Life Orb\n|move|p1a: Umbreon|Foul Play|p2a: Revavroom\n|-damage|p2a: Revavroom|0 fnt\n|faint|p2a: Revavroom\n|\n|-heal|p1a: Umbreon|95/297|[from] item: Leftovers\n|upkeep\n|\n|t:|1783402183\n|switch|p2a: Gliscor|Gliscor, L76, F|100/100 tox\n|turn|23\n|inactive|Time left: 300 sec this turn | 300 sec total\n|\n|t:|1783402184\n|switch|p2a: Volcarona|Volcarona, L77, M|100/100\n|move|p1a: Umbreon|Wish|p1a: Umbreon\n|\n|-heal|p1a: Umbreon|113/297|[from] item: Leftovers\n|upkeep\n|turn|24\n|inactive|Time left: 300 sec this turn | 300 sec total\n|\n|t:|1783402184\n|move|p2a: Volcarona|Quiver Dance|p2a: Volcarona\n|-boost|p2a: Volcarona|spa|1\n|-boost|p2a: Volcarona|spd|1\n|-boost|p2a: Volcarona|spe|1\n|move|p1a: Umbreon|Toxic|p2a: Volcarona\n|-status|p2a: Volcarona|tox\n|\n|-heal|p1a: Umbreon|261/297|[from] move: Wish|[wisher] Umbreon\n|-heal|p1a: Umbreon|279/297|[from] item: Leftovers\n|-damage|p2a: Volcarona|94/100 tox|[from] psn\n|upkeep\n|turn|25\n|inactive|Time left: 300 sec this turn | 300 sec total\n|\n|t:|1783402184\n|move|p2a: Volcarona|Bug Buzz|p1a: Umbreon\n|-supereffective|p1a: Umbreon\n|-crit|p1a: Umbreon\n|-damage|p1a: Umbreon|0 fnt\n|faint|p1a: Umbreon\n|\n|-damage|p2a: Volcarona|82/100 tox|[from] psn\n|upkeep\n|inactive|Time left: 300 sec this turn | 300 sec total | 5 sec grace\n|\n|t:|1783402184\n|switch|p1a: Eternatus|Eternatus, L69|308/308\n|-ability|p1a: Eternatus|Pressure\n|turn|26\n|inactive|Time left: 300 sec this turn | 300 sec total\n|\n|t:|1783402185\n|move|p2a: Volcarona|Bug Buzz|p1a: Eternatus\n|-resisted|p1a: Eternatus\n|-damage|p1a: Eternatus|214/308\n|move|p1a: Eternatus|Dynamax Cannon|p2a: Volcarona\n|-damage|p2a: Volcarona|57/100 tox\n|\n|-damage|p2a: Volcarona|39/100 tox|[from] psn\n|upkeep\n|turn|27\n|inactive|Time left: 300 sec this turn | 300 sec total\n|\n|t:|1783402185\n|move|p2a: Volcarona|Tera Blast|p1a: Eternatus\n|-damage|p1a: Eternatus|114/308\n|move|p1a: Eternatus|Recover|p1a: Eternatus\n|-heal|p1a: Eternatus|268/308\n|\n|-damage|p2a: Volcarona|14/100 tox|[from] psn\n|upkeep\n|turn|28\n|inactive|Time left: 300 sec this turn | 300 sec total\n|\n|t:|1783402185\n|move|p2a: Volcarona|Bug Buzz|p1a: Eternatus\n|-resisted|p1a: Eternatus\n|-damage|p1a: Eternatus|130/308\n|move|p1a: Eternatus|Recover|p1a: Eternatus\n|-heal|p1a: Eternatus|284/308\n|\n|-damage|p2a: Volcarona|0 fnt|[from] psn\n|faint|p2a: Volcarona\n|upkeep\n|\n|t:|1783402185\n|switch|p2a: Gliscor|Gliscor, L76, F|100/100 tox\n|turn|29\n|inactive|Time left: 300 sec this turn | 300 sec total\n|\n|t:|1783402186\n|move|p1a: Eternatus|Dynamax Cannon|p2a: Gliscor\n|-damage|p2a: Gliscor|52/100 tox\n|move|p2a: Gliscor|Earthquake|p1a: Eternatus\n|-supereffective|p1a: Eternatus\n|-damage|p1a: Eternatus|72/308\n|\n|-heal|p2a: Gliscor|65/100 tox|[from] ability: Poison Heal\n|upkeep\n|turn|30\n|inactive|Time left: 300 sec this turn | 300 sec total\n|\n|t:|1783402186\n|move|p1a: Eternatus|Dynamax Cannon|p2a: Gliscor\n|-damage|p2a: Gliscor|10/100 tox\n|move|p2a: Gliscor|Earthquake|p1a: Eternatus\n|-supereffective|p1a: Eternatus\n|-damage|p1a: Eternatus|0 fnt\n|faint|p1a: Eternatus\n|\n|-heal|p2a: Gliscor|22/100 tox|[from] ability: Poison Heal\n|upkeep\n|inactive|Time left: 300 sec this turn | 300 sec total | 5 sec grace\n|\n|t:|1783402186\n|switch|p1a: Passimian|Passimian, L83, M, tera:Poison|248/302 tox\n|turn|31\n|inactive|Time left: 300 sec this turn | 300 sec total\n|\n|t:|1783402186\n|move|p2a: Gliscor|Protect|p2a: Gliscor\n|-singleturn|p2a: Gliscor|Protect\n|move|p1a: Passimian|Bulk Up|p1a: Passimian\n|-boost|p1a: Passimian|atk|1\n|-boost|p1a: Passimian|def|1\n|\n|-heal|p2a: Gliscor|34/100 tox|[from] ability: Poison Heal\n|-damage|p1a: Passimian|230/302 tox|[from] psn\n|upkeep\n|turn|32\n|inactive|Time left: 300 sec this turn | 300 sec total\n|\n|t:|1783402187\n|move|p2a: Gliscor|Protect||[still]\n|-fail|p2a: Gliscor\n|move|p1a: Passimian|Knock Off|p2a: Gliscor\n|-damage|p2a: Gliscor|0 fnt\n|-enditem|p2a: Gliscor|Toxic Orb|[from] move: Knock Off|[of] p1a: Passimian\n|faint|p2a: Gliscor\n|\n|win|p0x0188429", "uploadtime": 1783402187, "views": 0, "rating": 0, "private": 0, "password": null, "_winner": "p0x0188429", "_our_name": "p0x0188429"}