{"id": "battle-gen9randombattle-214", "formatid": "gen9randombattle", "format": "[Gen 9] Random Battle", "players": ["p0x0124236", "p0y01201d3"], "log": "|init|battle\n|title|p0x0124236 vs. p0y01201d3\n|j|\u2606p0x0124236\n|j|\u2606p0y01201d3\n|t:|1783391076\n|gametype|singles\n|player|p1|p0x0124236|1|\n|player|p2|p0y01201d3|169|\n|gen|9\n|tier|[Gen 9] Random Battle\n|rule|Species Clause: Limit one of each Pok\u00e9mon\n|rule|HP Percentage Mod: HP is shown in percentages\n|rule|Sleep Clause Mod: Limit one foe put to sleep\n|rule|Illusion Level Mod: Illusion disguises the Pok\u00e9mon's true level\n|\n|t:|1783391076\n|teamsize|p1|6\n|teamsize|p2|6\n|start\n|switch|p1a: Basculegion|Basculegion-F, L83, F|335/335\n|switch|p2a: Enamorus|Enamorus, L79, F|100/100\n|turn|1\n|request|{\"active\":[{\"moves\":[{\"move\":\"Shadow Ball\",\"id\":\"shadowball\",\"pp\":24,\"maxpp\":24,\"target\":\"normal\",\"disabled\":false},{\"move\":\"Ice Beam\",\"id\":\"icebeam\",\"pp\":16,\"maxpp\":16,\"target\":\"normal\",\"disabled\":false},{\"move\":\"Flip Turn\",\"id\":\"flipturn\",\"pp\":32,\"maxpp\":32,\"target\":\"normal\",\"disabled\":false},{\"move\":\"Hydro Pump\",\"id\":\"hydropump\",\"pp\":8,\"maxpp\":8,\"target\":\"normal\",\"disabled\":false}],\"canTerastallize\":\"Water\"}],\"side\":{\"name\":\"p0x0124236\",\"id\":\"p1\",\"pokemon\":[{\"ident\":\"p1: Basculegion\",\"details\":\"Basculegion-F, L83, F\",\"condition\":\"335/335\",\"active\":true,\"stats\":{\"atk\":200,\"def\":156,\"spa\":214,\"spd\":172,\"spe\":177},\"moves\":[\"shadowball\",\"icebeam\",\"flipturn\",\"hydropump\"],\"baseAbility\":\"adaptability\",\"item\":\"choicespecs\",\"pokeball\":\"pokeball\",\"ability\":\"adaptability\",\"commanding\":false,\"reviving\":false,\"teraType\":\"Water\",\"terastallized\":\"\"},{\"ident\":\"p1: Zebstrika\",\"details\":\"Zebstrika, L87, F\",\"condition\":\"272/272\",\"active\":false,\"stats\":{\"atk\":224,\"def\":159,\"spa\":189,\"spd\":159,\"spe\":252},\"moves\":[\"overheat\",\"highhorsepower\",\"supercellslam\",\"voltswitch\"],\"baseAbility\":\"sapsipper\",\"item\":\"lifeorb\",\"pokeball\":\"pokeball\",\"ability\":\"sapsipper\",\"commanding\":false,\"reviving\":false,\"teraType\":\"Ground\",\"terastallized\":\"\"},{\"ident\":\"p1: Slither Wing\",\"details\":\"Slither Wing, L81\",\"condition\":\"270/270\",\"active\":false,\"stats\":{\"atk\":265,\"def\":175,\"spa\":184,\"spd\":217,\"spe\":178},\"moves\":[\"willowisp\",\"uturn\",\"morningsun\",\"closecombat\"],\"baseAbility\":\"protosynthesis\",\"item\":\"heavydutyboots\",\"pokeball\":\"pokeball\",\"ability\":\"protosynthesis\",\"commanding\":false,\"reviving\":false,\"teraType\":\"Fire\",\"terastallized\":\"\"},{\"ident\":\"p1: Zamazenta\",\"details\":\"Zamazenta, L71\",\"condition\":\"248/248\",\"active\":false,\"stats\":{\"atk\":212,\"def\":205,\"spa\":155,\"spd\":205,\"spe\":237},\"moves\":[\"stoneedge\",\"substitute\",\"irondefense\",\"bodypress\"],\"baseAbility\":\"dauntlessshield\",\"item\":\"leftovers\",\"pokeball\":\"pokeball\",\"ability\":\"dauntlessshield\",\"commanding\":false,\"reviving\":false,\"teraType\":\"Fighting\",\"terastallized\":\"\"},{\"ident\":\"p1: Toucannon\",\"details\":\"Toucannon, L88, M\",\"condition\":\"284/284\",\"active\":false,\"stats\":{\"atk\":261,\"def\":182,\"spa\":182,\"spd\":182,\"spe\":156},\"moves\":[\"beakblast\",\"roost\",\"bulletseed\",\"boomburst\"],\"baseAbility\":\"skilllink\",\"item\":\"heavydutyboots\",\"pokeball\":\"pokeball\",\"ability\":\"skilllink\",\"commanding\":false,\"reviving\":false,\"teraType\":\"Steel\",\"terastallized\":\"\"},{\"ident\":\"p1: Ludicolo\",\"details\":\"Ludicolo, L90, M\",\"condition\":\"290/290\",\"active\":false,\"stats\":{\"atk\":131,\"def\":177,\"spa\":213,\"spd\":231,\"spe\":177},\"moves\":[\"hydropump\",\"gigadrain\",\"icebeam\",\"raindance\"],\"baseAbility\":\"swiftswim\",\"item\":\"lifeorb\",\"pokeball\":\"pokeball\",\"ability\":\"swiftswim\",\"commanding\":false,\"reviving\":false,\"teraType\":\"Water\",\"terastallized\":\"\"}]},\"rqid\":2}\n|html|<div class=\"message-error\">You must be registered to chat in temporary rooms (like battles).</div>You may register in the <button name=\"openOptions\"><i class=\"fa fa-cog\"></i> Options</button> menu.\n|inactive|Battle timer is ON: inactive players will automatically lose when time's up. (requested by p0x0124236)\n|inactive|p0y01201d3 also wants the timer to be on.\n|\n|t:|1783391076\n|move|p2a: Enamorus|Calm Mind|p2a: Enamorus\n|-boost|p2a: Enamorus|spa|1\n|-boost|p2a: Enamorus|spd|1\n|move|p1a: Basculegion|Hydro Pump|p2a: Enamorus\n|-damage|p2a: Enamorus|28/100\n|\n|-heal|p2a: Enamorus|35/100|[from] item: Leftovers\n|upkeep\n|turn|2\n|request|{\"active\":[{\"moves\":[{\"move\":\"Shadow Ball\",\"id\":\"shadowball\",\"pp\":24,\"maxpp\":24,\"target\":\"normal\",\"disabled\":true},{\"move\":\"Ice Beam\",\"id\":\"icebeam\",\"pp\":16,\"maxpp\":16,\"target\":\"normal\",\"disabled\":true},{\"move\":\"Flip Turn\",\"id\":\"flipturn\",\"pp\":32,\"maxpp\":32,\"target\":\"normal\",\"disabled\":true},{\"move\":\"Hydro Pump\",\"id\":\"hydropump\",\"pp\":7,\"maxpp\":8,\"target\":\"normal\",\"disabled\":false}],\"canTerastallize\":\"Water\"}],\"side\":{\"name\":\"p0x0124236\",\"id\":\"p1\",\"pokemon\":[{\"ident\":\"p1: Basculegion\",\"details\":\"Basculegion-F, L83, F\",\"condition\":\"335/335\",\"active\":true,\"stats\":{\"atk\":200,\"def\":156,\"spa\":214,\"spd\":172,\"spe\":177},\"moves\":[\"shadowball\",\"icebeam\",\"flipturn\",\"hydropump\"],\"baseAbility\":\"adaptability\",\"item\":\"choicespecs\",\"pokeball\":\"pokeball\",\"ability\":\"adaptability\",\"commanding\":false,\"reviving\":false,\"teraType\":\"Water\",\"terastallized\":\"\"},{\"ident\":\"p1: Zebstrika\",\"details\":\"Zebstrika, L87, F\",\"condition\":\"272/272\",\"active\":false,\"stats\":{\"atk\":224,\"def\":159,\"spa\":189,\"spd\":159,\"spe\":252},\"moves\":[\"overheat\",\"highhorsepower\",\"supercellslam\",\"voltswitch\"],\"baseAbility\":\"sapsipper\",\"item\":\"lifeorb\",\"pokeball\":\"pokeball\",\"ability\":\"sapsipper\",\"commanding\":false,\"reviving\":false,\"teraType\":\"Ground\",\"terastallized\":\"\"},{\"ident\":\"p1: Slither Wing\",\"details\":\"Slither Wing, L81\",\"condition\":\"270/270\",\"active\":false,\"stats\":{\"atk\":265,\"def\":175,\"spa\":184,\"spd\":217,\"spe\":178},\"moves\":[\"willowisp\",\"uturn\",\"morningsun\",\"closecombat\"],\"baseAbility\":\"protosynthesis\",\"item\":\"heavydutyboots\",\"pokeball\":\"pokeball\",\"ability\":\"protosynthesis\",\"commanding\":false,\"reviving\":false,\"teraType\":\"Fire\",\"terastallized\":\"\"},{\"ident\":\"p1: Zamazenta\",\"details\":\"Zamazenta, L71\",\"condition\":\"248/248\",\"active\":false,\"stats\":{\"atk\":212,\"def\":205,\"spa\":155,\"spd\":205,\"spe\":237},\"moves\":[\"stoneedge\",\"substitute\",\"irondefense\",\"bodypress\"],\"baseAbility\":\"dauntlessshield\",\"item\":\"leftovers\",\"pokeball\":\"pokeball\",\"ability\":\"dauntlessshield\",\"commanding\":false,\"reviving\":false,\"teraType\":\"Fighting\",\"terastallized\":\"\"},{\"ident\":\"p1: Toucannon\",\"details\":\"Toucannon, L88, M\",\"condition\":\"284/284\",\"active\":false,\"stats\":{\"atk\":261,\"def\":182,\"spa\":182,\"spd\":182,\"spe\":156},\"moves\":[\"beakblast\",\"roost\",\"bulletseed\",\"boomburst\"],\"baseAbility\":\"skilllink\",\"item\":\"heavydutyboots\",\"pokeball\":\"pokeball\",\"ability\":\"skilllink\",\"commanding\":false,\"reviving\":false,\"teraType\":\"Steel\",\"terastallized\":\"\"},{\"ident\":\"p1: Ludicolo\",\"details\":\"Ludicolo, L90, M\",\"condition\":\"290/290\",\"active\":false,\"stats\":{\"atk\":131,\"def\":177,\"spa\":213,\"spd\":231,\"spe\":177},\"moves\":[\"hydropump\",\"gigadrain\",\"icebeam\",\"raindance\"],\"baseAbility\":\"swiftswim\",\"item\":\"lifeorb\",\"pokeball\":\"pokeball\",\"ability\":\"swiftswim\",\"commanding\":false,\"reviving\":false,\"teraType\":\"Water\",\"terastallized\":\"\"}]},\"rqid\":4}\n|inactive|Time left: 300 sec this turn | 300 sec total\n|\n|t:|1783391076\n|move|p2a: Enamorus|Moonblast|p1a: Basculegion\n|-damage|p1a: Basculegion|125/335\n|move|p1a: Basculegion|Hydro Pump|p2a: Enamorus\n|-damage|p2a: Enamorus|0 fnt\n|faint|p2a: Enamorus\n|\n|upkeep\n|request|{\"wait\":true,\"side\":{\"name\":\"p0x0124236\",\"id\":\"p1\",\"pokemon\":[{\"ident\":\"p1: Basculegion\",\"details\":\"Basculegion-F, L83, F\",\"condition\":\"125/335\",\"active\":true,\"stats\":{\"atk\":200,\"def\":156,\"spa\":214,\"spd\":172,\"spe\":177},\"moves\":[\"shadowball\",\"icebeam\",\"flipturn\",\"hydropump\"],\"baseAbility\":\"adaptability\",\"item\":\"choicespecs\",\"pokeball\":\"pokeball\",\"ability\":\"adaptability\",\"commanding\":false,\"reviving\":false,\"teraType\":\"Water\",\"terastallized\":\"\"},{\"ident\":\"p1: Zebstrika\",\"details\":\"Zebstrika, L87, F\",\"condition\":\"272/272\",\"active\":false,\"stats\":{\"atk\":224,\"def\":159,\"spa\":189,\"spd\":159,\"spe\":252},\"moves\":[\"overheat\",\"highhorsepower\",\"supercellslam\",\"voltswitch\"],\"baseAbility\":\"sapsipper\",\"item\":\"lifeorb\",\"pokeball\":\"pokeball\",\"ability\":\"sapsipper\",\"commanding\":false,\"reviving\":false,\"teraType\":\"Ground\",\"terastallized\":\"\"},{\"ident\":\"p1: Slither Wing\",\"details\":\"Slither Wing, L81\",\"condition\":\"270/270\",\"active\":false,\"stats\":{\"atk\":265,\"def\":175,\"spa\":184,\"spd\":217,\"spe\":178},\"moves\":[\"willowisp\",\"uturn\",\"morningsun\",\"closecombat\"],\"baseAbility\":\"protosynthesis\",\"item\":\"heavydutyboots\",\"pokeball\":\"pokeball\",\"ability\":\"protosynthesis\",\"commanding\":false,\"reviving\":false,\"teraType\":\"Fire\",\"terastallized\":\"\"},{\"ident\":\"p1: Zamazenta\",\"details\":\"Zamazenta, L71\",\"condition\":\"248/248\",\"active\":false,\"stats\":{\"atk\":212,\"def\":205,\"spa\":155,\"spd\":205,\"spe\":237},\"moves\":[\"stoneedge\",\"substitute\",\"irondefense\",\"bodypress\"],\"baseAbility\":\"dauntlessshield\",\"item\":\"leftovers\",\"pokeball\":\"pokeball\",\"ability\":\"dauntlessshield\",\"commanding\":false,\"reviving\":false,\"teraType\":\"Fighting\",\"terastallized\":\"\"},{\"ident\":\"p1: Toucannon\",\"details\":\"Toucannon, L88, M\",\"condition\":\"284/284\",\"active\":false,\"stats\":{\"atk\":261,\"def\":182,\"spa\":182,\"spd\":182,\"spe\":156},\"moves\":[\"beakblast\",\"roost\",\"bulletseed\",\"boomburst\"],\"baseAbility\":\"skilllink\",\"item\":\"heavydutyboots\",\"pokeball\":\"pokeball\",\"ability\":\"skilllink\",\"commanding\":false,\"reviving\":false,\"teraType\":\"Steel\",\"terastallized\":\"\"},{\"ident\":\"p1: Ludicolo\",\"details\":\"Ludicolo, L90, M\",\"condition\":\"290/290\",\"active\":false,\"stats\":{\"atk\":131,\"def\":177,\"spa\":213,\"spd\":231,\"spe\":177},\"moves\":[\"hydropump\",\"gigadrain\",\"icebeam\",\"raindance\"],\"baseAbility\":\"swiftswim\",\"item\":\"lifeorb\",\"pokeball\":\"pokeball\",\"ability\":\"swiftswim\",\"commanding\":false,\"reviving\":false,\"teraType\":\"Water\",\"terastallized\":\"\"}]},\"rqid\":6}\n|\n|t:|1783391077\n|switch|p2a: Meloetta|Meloetta, L82|100/100\n|turn|3\n|request|{\"active\":[{\"moves\":[{\"move\":\"Shadow Ball\",\"id\":\"shadowball\",\"pp\":24,\"maxpp\":24,\"target\":\"normal\",\"disabled\":true},{\"move\":\"Ice Beam\",\"id\":\"icebeam\",\"pp\":16,\"maxpp\":16,\"target\":\"normal\",\"disabled\":true},{\"move\":\"Flip Turn\",\"id\":\"flipturn\",\"pp\":32,\"maxpp\":32,\"target\":\"normal\",\"disabled\":true},{\"move\":\"Hydro Pump\",\"id\":\"hydropump\",\"pp\":6,\"maxpp\":8,\"target\":\"normal\",\"disabled\":false}],\"canTerastallize\":\"Water\"}],\"side\":{\"name\":\"p0x0124236\",\"id\":\"p1\",\"pokemon\":[{\"ident\":\"p1: Basculegion\",\"details\":\"Basculegion-F, L83, F\",\"condition\":\"125/335\",\"active\":true,\"stats\":{\"atk\":200,\"def\":156,\"spa\":214,\"spd\":172,\"spe\":177},\"moves\":[\"shadowball\",\"icebeam\",\"flipturn\",\"hydropump\"],\"baseAbility\":\"adaptability\",\"item\":\"choicespecs\",\"pokeball\":\"pokeball\",\"ability\":\"adaptability\",\"commanding\":false,\"reviving\":false,\"teraType\":\"Water\",\"terastallized\":\"\"},{\"ident\":\"p1: Zebstrika\",\"details\":\"Zebstrika, L87, F\",\"condition\":\"272/272\",\"active\":false,\"stats\":{\"atk\":224,\"def\":159,\"spa\":189,\"spd\":159,\"spe\":252},\"moves\":[\"overheat\",\"highhorsepower\",\"supercellslam\",\"voltswitch\"],\"baseAbility\":\"sapsipper\",\"item\":\"lifeorb\",\"pokeball\":\"pokeball\",\"ability\":\"sapsipper\",\"commanding\":false,\"reviving\":false,\"teraType\":\"Ground\",\"terastallized\":\"\"},{\"ident\":\"p1: Slither Wing\",\"details\":\"Slither Wing, L81\",\"condition\":\"270/270\",\"active\":false,\"stats\":{\"atk\":265,\"def\":175,\"spa\":184,\"spd\":217,\"spe\":178},\"moves\":[\"willowisp\",\"uturn\",\"morningsun\",\"closecombat\"],\"baseAbility\":\"protosynthesis\",\"item\":\"heavydutyboots\",\"pokeball\":\"pokeball\",\"ability\":\"protosynthesis\",\"commanding\":false,\"reviving\":false,\"teraType\":\"Fire\",\"terastallized\":\"\"},{\"ident\":\"p1: Zamazenta\",\"details\":\"Zamazenta, L71\",\"condition\":\"248/248\",\"active\":false,\"stats\":{\"atk\":212,\"def\":205,\"spa\":155,\"spd\":205,\"spe\":237},\"moves\":[\"stoneedge\",\"substitute\",\"irondefense\",\"bodypress\"],\"baseAbility\":\"dauntlessshield\",\"item\":\"leftovers\",\"pokeball\":\"pokeball\",\"ability\":\"dauntlessshield\",\"commanding\":false,\"reviving\":false,\"teraType\":\"Fighting\",\"terastallized\":\"\"},{\"ident\":\"p1: Toucannon\",\"details\":\"Toucannon, L88, M\",\"condition\":\"284/284\",\"active\":false,\"stats\":{\"atk\":261,\"def\":182,\"spa\":182,\"spd\":182,\"spe\":156},\"moves\":[\"beakblast\",\"roost\",\"bulletseed\",\"boomburst\"],\"baseAbility\":\"skilllink\",\"item\":\"heavydutyboots\",\"pokeball\":\"pokeball\",\"ability\":\"skilllink\",\"commanding\":false,\"reviving\":false,\"teraType\":\"Steel\",\"terastallized\":\"\"},{\"ident\":\"p1: Ludicolo\",\"details\":\"Ludicolo, L90, M\",\"condition\":\"290/290\",\"active\":false,\"stats\":{\"atk\":131,\"def\":177,\"spa\":213,\"spd\":231,\"spe\":177},\"moves\":[\"hydropump\",\"gigadrain\",\"icebeam\",\"raindance\"],\"baseAbility\":\"swiftswim\",\"item\":\"lifeorb\",\"pokeball\":\"pokeball\",\"ability\":\"swiftswim\",\"commanding\":false,\"reviving\":false,\"teraType\":\"Water\",\"terastallized\":\"\"}]},\"rqid\":8}\n|inactive|Time left: 300 sec this turn | 300 sec total\n|\n|t:|1783391077\n|move|p2a: Meloetta|Knock Off|p1a: Basculegion\n|-supereffective|p1a: Basculegion\n|-damage|p1a: Basculegion|0 fnt\n|-enditem|p1a: Basculegion|Choice Specs|[from] move: Knock Off|[of] p2a: Meloetta\n|faint|p1a: Basculegion\n|-damage|p2a: Meloetta|91/100|[from] item: Life Orb\n|\n|upkeep\n|request|{\"forceSwitch\":[true],\"side\":{\"name\":\"p0x0124236\",\"id\":\"p1\",\"pokemon\":[{\"ident\":\"p1: Basculegion\",\"details\":\"Basculegion-F, L83, F\",\"condition\":\"0 fnt\",\"active\":true,\"stats\":{\"atk\":200,\"def\":156,\"spa\":214,\"spd\":172,\"spe\":177},\"moves\":[\"shadowball\",\"icebeam\",\"flipturn\",\"hydropump\"],\"baseAbility\":\"adaptability\",\"item\":\"\",\"pokeball\":\"pokeball\",\"ability\":\"adaptability\",\"commanding\":false,\"reviving\":false,\"teraType\":\"Water\",\"terastallized\":\"\"},{\"ident\":\"p1: Zebstrika\",\"details\":\"Zebstrika, L87, F\",\"condition\":\"272/272\",\"active\":false,\"stats\":{\"atk\":224,\"def\":159,\"spa\":189,\"spd\":159,\"spe\":252},\"moves\":[\"overheat\",\"highhorsepower\",\"supercellslam\",\"voltswitch\"],\"baseAbility\":\"sapsipper\",\"item\":\"lifeorb\",\"pokeball\":\"pokeball\",\"ability\":\"sapsipper\",\"commanding\":false,\"reviving\":false,\"teraType\":\"Ground\",\"terastallized\":\"\"},{\"ident\":\"p1: Slither Wing\",\"details\":\"Slither Wing, L81\",\"condition\":\"270/270\",\"active\":false,\"stats\":{\"atk\":265,\"def\":175,\"spa\":184,\"spd\":217,\"spe\":178},\"moves\":[\"willowisp\",\"uturn\",\"morningsun\",\"closecombat\"],\"baseAbility\":\"protosynthesis\",\"item\":\"heavydutyboots\",\"pokeball\":\"pokeball\",\"ability\":\"protosynthesis\",\"commanding\":false,\"reviving\":false,\"teraType\":\"Fire\",\"terastallized\":\"\"},{\"ident\":\"p1: Zamazenta\",\"details\":\"Zamazenta, L71\",\"condition\":\"248/248\",\"active\":false,\"stats\":{\"atk\":212,\"def\":205,\"spa\":155,\"spd\":205,\"spe\":237},\"moves\":[\"stoneedge\",\"substitute\",\"irondefense\",\"bodypress\"],\"baseAbility\":\"dauntlessshield\",\"item\":\"leftovers\",\"pokeball\":\"pokeball\",\"ability\":\"dauntlessshield\",\"commanding\":false,\"reviving\":false,\"teraType\":\"Fighting\",\"terastallized\":\"\"},{\"ident\":\"p1: Toucannon\",\"details\":\"Toucannon, L88, M\",\"condition\":\"284/284\",\"active\":false,\"stats\":{\"atk\":261,\"def\":182,\"spa\":182,\"spd\":182,\"spe\":156},\"moves\":[\"beakblast\",\"roost\",\"bulletseed\",\"boomburst\"],\"baseAbility\":\"skilllink\",\"item\":\"heavydutyboots\",\"pokeball\":\"pokeball\",\"ability\":\"skilllink\",\"commanding\":false,\"reviving\":false,\"teraType\":\"Steel\",\"terastallized\":\"\"},{\"ident\":\"p1: Ludicolo\",\"details\":\"Ludicolo, L90, M\",\"condition\":\"290/290\",\"active\":false,\"stats\":{\"atk\":131,\"def\":177,\"spa\":213,\"spd\":231,\"spe\":177},\"moves\":[\"hydropump\",\"gigadrain\",\"icebeam\",\"raindance\"],\"baseAbility\":\"swiftswim\",\"item\":\"lifeorb\",\"pokeball\":\"pokeball\",\"ability\":\"swiftswim\",\"commanding\":false,\"reviving\":false,\"teraType\":\"Water\",\"terastallized\":\"\"}]},\"noCancel\":true,\"rqid\":10}\n|inactive|Time left: 300 sec this turn | 300 sec total | 5 sec grace\n|\n|t:|1783391077\n|switch|p1a: Zamazenta|Zamazenta, L71|248/248\n|-ability|p1a: Zamazenta|Dauntless Shield|boost\n|-boost|p1a: Zamazenta|def|1\n|turn|4\n|request|{\"active\":[{\"moves\":[{\"move\":\"Stone Edge\",\"id\":\"stoneedge\",\"pp\":8,\"maxpp\":8,\"target\":\"normal\",\"disabled\":false},{\"move\":\"Substitute\",\"id\":\"substitute\",\"pp\":16,\"maxpp\":16,\"target\":\"self\",\"disabled\":false},{\"move\":\"Iron Defense\",\"id\":\"irondefense\",\"pp\":24,\"maxpp\":24,\"target\":\"self\",\"disabled\":false},{\"move\":\"Body Press\",\"id\":\"bodypress\",\"pp\":16,\"maxpp\":16,\"target\":\"normal\",\"disabled\":false}],\"canTerastallize\":\"Fighting\"}],\"side\":{\"name\":\"p0x0124236\",\"id\":\"p1\",\"pokemon\":[{\"ident\":\"p1: Zamazenta\",\"details\":\"Zamazenta, L71\",\"condition\":\"248/248\",\"active\":true,\"stats\":{\"atk\":212,\"def\":205,\"spa\":155,\"spd\":205,\"spe\":237},\"moves\":[\"stoneedge\",\"substitute\",\"irondefense\",\"bodypress\"],\"baseAbility\":\"dauntlessshield\",\"item\":\"leftovers\",\"pokeball\":\"pokeball\",\"ability\":\"dauntlessshield\",\"commanding\":false,\"reviving\":false,\"teraType\":\"Fighting\",\"terastallized\":\"\"},{\"ident\":\"p1: Zebstrika\",\"details\":\"Zebstrika, L87, F\",\"condition\":\"272/272\",\"active\":false,\"stats\":{\"atk\":224,\"def\":159,\"spa\":189,\"spd\":159,\"spe\":252},\"moves\":[\"overheat\",\"highhorsepower\",\"supercellslam\",\"voltswitch\"],\"baseAbility\":\"sapsipper\",\"item\":\"lifeorb\",\"pokeball\":\"pokeball\",\"ability\":\"sapsipper\",\"commanding\":false,\"reviving\":false,\"teraType\":\"Ground\",\"terastallized\":\"\"},{\"ident\":\"p1: Slither Wing\",\"details\":\"Slither Wing, L81\",\"condition\":\"270/270\",\"active\":false,\"stats\":{\"atk\":265,\"def\":175,\"spa\":184,\"spd\":217,\"spe\":178},\"moves\":[\"willowisp\",\"uturn\",\"morningsun\",\"closecombat\"],\"baseAbility\":\"protosynthesis\",\"item\":\"heavydutyboots\",\"pokeball\":\"pokeball\",\"ability\":\"protosynthesis\",\"commanding\":false,\"reviving\":false,\"teraType\":\"Fire\",\"terastallized\":\"\"},{\"ident\":\"p1: Basculegion\",\"details\":\"Basculegion-F, L83, F\",\"condition\":\"0 fnt\",\"active\":false,\"stats\":{\"atk\":200,\"def\":156,\"spa\":214,\"spd\":172,\"spe\":177},\"moves\":[\"shadowball\",\"icebeam\",\"flipturn\",\"hydropump\"],\"baseAbility\":\"adaptability\",\"item\":\"\",\"pokeball\":\"pokeball\",\"ability\":\"adaptability\",\"commanding\":false,\"reviving\":false,\"teraType\":\"Water\",\"terastallized\":\"\"},{\"ident\":\"p1: Toucannon\",\"details\":\"Toucannon, L88, M\",\"condition\":\"284/284\",\"active\":false,\"stats\":{\"atk\":261,\"def\":182,\"spa\":182,\"spd\":182,\"spe\":156},\"moves\":[\"beakblast\",\"roost\",\"bulletseed\",\"boomburst\"],\"baseAbility\":\"skilllink\",\"item\":\"heavydutyboots\",\"pokeball\":\"pokeball\",\"ability\":\"skilllink\",\"commanding\":false,\"reviving\":false,\"teraType\":\"Steel\",\"terastallized\":\"\"},{\"ident\":\"p1: Ludicolo\",\"details\":\"Ludicolo, L90, M\",\"condition\":\"290/290\",\"active\":false,\"stats\":{\"atk\":131,\"def\":177,\"spa\":213,\"spd\":231,\"spe\":177},\"moves\":[\"hydropump\",\"gigadrain\",\"icebeam\",\"raindance\"],\"baseAbility\":\"swiftswim\",\"item\":\"lifeorb\",\"pokeball\":\"pokeball\",\"ability\":\"swiftswim\",\"commanding\":false,\"reviving\":false,\"teraType\":\"Water\",\"terastallized\":\"\"}]},\"rqid\":12}\n|inactive|Time left: 300 sec this turn | 300 sec total\n|\n|t:|1783391077\n|move|p1a: Zamazenta|Iron Defense|p1a: Zamazenta\n|-boost|p1a: Zamazenta|def|2\n|move|p2a: Meloetta|Relic Song|p1a: Zamazenta\n|-damage|p1a: Zamazenta|130/248\n|-formechange|p2a: Meloetta|Meloetta-Pirouette|[msg]\n|-damage|p2a: Meloetta|81/100|[from] item: Life Orb\n|\n|-heal|p1a: Zamazenta|145/248|[from] item: Leftovers\n|upkeep\n|turn|5\n|request|{\"active\":[{\"moves\":[{\"move\":\"Stone Edge\",\"id\":\"stoneedge\",\"pp\":8,\"maxpp\":8,\"target\":\"normal\",\"disabled\":false},{\"move\":\"Substitute\",\"id\":\"substitute\",\"pp\":16,\"maxpp\":16,\"target\":\"self\",\"disabled\":false},{\"move\":\"Iron Defense\",\"id\":\"irondefense\",\"pp\":23,\"maxpp\":24,\"target\":\"self\",\"disabled\":false},{\"move\":\"Body Press\",\"id\":\"bodypress\",\"pp\":16,\"maxpp\":16,\"target\":\"normal\",\"disabled\":false}],\"canTerastallize\":\"Fighting\"}],\"side\":{\"name\":\"p0x0124236\",\"id\":\"p1\",\"pokemon\":[{\"ident\":\"p1: Zamazenta\",\"details\":\"Zamazenta, L71\",\"condition\":\"145/248\",\"active\":true,\"stats\":{\"atk\":212,\"def\":205,\"spa\":155,\"spd\":205,\"spe\":237},\"moves\":[\"stoneedge\",\"substitute\",\"irondefense\",\"bodypress\"],\"baseAbility\":\"dauntlessshield\",\"item\":\"leftovers\",\"pokeball\":\"pokeball\",\"ability\":\"dauntlessshield\",\"commanding\":false,\"reviving\":false,\"teraType\":\"Fighting\",\"terastallized\":\"\"},{\"ident\":\"p1: Zebstrika\",\"details\":\"Zebstrika, L87, F\",\"condition\":\"272/272\",\"active\":false,\"stats\":{\"atk\":224,\"def\":159,\"spa\":189,\"spd\":159,\"spe\":252},\"moves\":[\"overheat\",\"highhorsepower\",\"supercellslam\",\"voltswitch\"],\"baseAbility\":\"sapsipper\",\"item\":\"lifeorb\",\"pokeball\":\"pokeball\",\"ability\":\"sapsipper\",\"commanding\":false,\"reviving\":false,\"teraType\":\"Ground\",\"terastallized\":\"\"},{\"ident\":\"p1: Slither Wing\",\"details\":\"Slither Wing, L81\",\"condition\":\"270/270\",\"active\":false,\"stats\":{\"atk\":265,\"def\":175,\"spa\":184,\"spd\":217,\"spe\":178},\"moves\":[\"willowisp\",\"uturn\",\"morningsun\",\"closecombat\"],\"baseAbility\":\"protosynthesis\",\"item\":\"heavydutyboots\",\"pokeball\":\"pokeball\",\"ability\":\"protosynthesis\",\"commanding\":false,\"reviving\":false,\"teraType\":\"Fire\",\"terastallized\":\"\"},{\"ident\":\"p1: Basculegion\",\"details\":\"Basculegion-F, L83, F\",\"condition\":\"0 fnt\",\"active\":false,\"stats\":{\"atk\":200,\"def\":156,\"spa\":214,\"spd\":172,\"spe\":177},\"moves\":[\"shadowball\",\"icebeam\",\"flipturn\",\"hydropump\"],\"baseAbility\":\"adaptability\",\"item\":\"\",\"pokeball\":\"pokeball\",\"ability\":\"adaptability\",\"commanding\":false,\"reviving\":false,\"teraType\":\"Water\",\"terastallized\":\"\"},{\"ident\":\"p1: Toucannon\",\"details\":\"Toucannon, L88, M\",\"condition\":\"284/284\",\"active\":false,\"stats\":{\"atk\":261,\"def\":182,\"spa\":182,\"spd\":182,\"spe\":156},\"moves\":[\"beakblast\",\"roost\",\"bulletseed\",\"boomburst\"],\"baseAbility\":\"skilllink\",\"item\":\"heavydutyboots\",\"pokeball\":\"pokeball\",\"ability\":\"skilllink\",\"commanding\":false,\"reviving\":false,\"teraType\":\"Steel\",\"terastallized\":\"\"},{\"ident\":\"p1: Ludicolo\",\"details\":\"Ludicolo, L90, M\",\"condition\":\"290/290\",\"active\":false,\"stats\":{\"atk\":131,\"def\":177,\"spa\":213,\"spd\":231,\"spe\":177},\"moves\":[\"hydropump\",\"gigadrain\",\"icebeam\",\"raindance\"],\"baseAbility\":\"swiftswim\",\"item\":\"lifeorb\",\"pokeball\":\"pokeball\",\"ability\":\"swiftswim\",\"commanding\":false,\"reviving\":false,\"teraType\":\"Water\",\"terastallized\":\"\"}]},\"rqid\":14}\n|inactive|Time left: 300 sec this turn | 300 sec total\n|\n|t:|1783391078\n|move|p2a: Meloetta|Relic Song|p1a: Zamazenta\n|-damage|p1a: Zamazenta|63/248\n|-formechange|p2a: Meloetta|Meloetta|[msg]\n|-damage|p2a: Meloetta|71/100|[from] item: Life Orb\n|move|p1a: Zamazenta|Body Press|p2a: Meloetta\n|-damage|p2a: Meloetta|8/100\n|\n|-heal|p1a: Zamazenta|78/248|[from] item: Leftovers\n|upkeep\n|turn|6\n|request|{\"active\":[{\"moves\":[{\"move\":\"Stone Edge\",\"id\":\"stoneedge\",\"pp\":8,\"maxpp\":8,\"target\":\"normal\",\"disabled\":false},{\"move\":\"Substitute\",\"id\":\"substitute\",\"pp\":16,\"maxpp\":16,\"target\":\"self\",\"disabled\":false},{\"move\":\"Iron Defense\",\"id\":\"irondefense\",\"pp\":23,\"maxpp\":24,\"target\":\"self\",\"disabled\":false},{\"move\":\"Body Press\",\"id\":\"bodypress\",\"pp\":15,\"maxpp\":16,\"target\":\"normal\",\"disabled\":false}],\"canTerastallize\":\"Fighting\"}],\"side\":{\"name\":\"p0x0124236\",\"id\":\"p1\",\"pokemon\":[{\"ident\":\"p1: Zamazenta\",\"details\":\"Zamazenta, L71\",\"condition\":\"78/248\",\"active\":true,\"stats\":{\"atk\":212,\"def\":205,\"spa\":155,\"spd\":205,\"spe\":237},\"moves\":[\"stoneedge\",\"substitute\",\"irondefense\",\"bodypress\"],\"baseAbility\":\"dauntlessshield\",\"item\":\"leftovers\",\"pokeball\":\"pokeball\",\"ability\":\"dauntlessshield\",\"commanding\":false,\"reviving\":false,\"teraType\":\"Fighting\",\"terastallized\":\"\"},{\"ident\":\"p1: Zebstrika\",\"details\":\"Zebstrika, L87, F\",\"condition\":\"272/272\",\"active\":false,\"stats\":{\"atk\":224,\"def\":159,\"spa\":189,\"spd\":159,\"spe\":252},\"moves\":[\"overheat\",\"highhorsepower\",\"supercellslam\",\"voltswitch\"],\"baseAbility\":\"sapsipper\",\"item\":\"lifeorb\",\"pokeball\":\"pokeball\",\"ability\":\"sapsipper\",\"commanding\":false,\"reviving\":false,\"teraType\":\"Ground\",\"terastallized\":\"\"},{\"ident\":\"p1: Slither Wing\",\"details\":\"Slither Wing, L81\",\"condition\":\"270/270\",\"active\":false,\"stats\":{\"atk\":265,\"def\":175,\"spa\":184,\"spd\":217,\"spe\":178},\"moves\":[\"willowisp\",\"uturn\",\"morningsun\",\"closecombat\"],\"baseAbility\":\"protosynthesis\",\"item\":\"heavydutyboots\",\"pokeball\":\"pokeball\",\"ability\":\"protosynthesis\",\"commanding\":false,\"reviving\":false,\"teraType\":\"Fire\",\"terastallized\":\"\"},{\"ident\":\"p1: Basculegion\",\"details\":\"Basculegion-F, L83, F\",\"condition\":\"0 fnt\",\"active\":false,\"stats\":{\"atk\":200,\"def\":156,\"spa\":214,\"spd\":172,\"spe\":177},\"moves\":[\"shadowball\",\"icebeam\",\"flipturn\",\"hydropump\"],\"baseAbility\":\"adaptability\",\"item\":\"\",\"pokeball\":\"pokeball\",\"ability\":\"adaptability\",\"commanding\":false,\"reviving\":false,\"teraType\":\"Water\",\"terastallized\":\"\"},{\"ident\":\"p1: Toucannon\",\"details\":\"Toucannon, L88, M\",\"condition\":\"284/284\",\"active\":false,\"stats\":{\"atk\":261,\"def\":182,\"spa\":182,\"spd\":182,\"spe\":156},\"moves\":[\"beakblast\",\"roost\",\"bulletseed\",\"boomburst\"],\"baseAbility\":\"skilllink\",\"item\":\"heavydutyboots\",\"pokeball\":\"pokeball\",\"ability\":\"skilllink\",\"commanding\":false,\"reviving\":false,\"teraType\":\"Steel\",\"terastallized\":\"\"},{\"ident\":\"p1: Ludicolo\",\"details\":\"Ludicolo, L90, M\",\"condition\":\"290/290\",\"active\":false,\"stats\":{\"atk\":131,\"def\":177,\"spa\":213,\"spd\":231,\"spe\":177},\"moves\":[\"hydropump\",\"gigadrain\",\"icebeam\",\"raindance\"],\"baseAbility\":\"swiftswim\",\"item\":\"lifeorb\",\"pokeball\":\"pokeball\",\"ability\":\"swiftswim\",\"commanding\":false,\"reviving\":false,\"teraType\":\"Water\",\"terastallized\":\"\"}]},\"rqid\":16}\n|inactive|Time left: 300 sec this turn | 300 sec total\n|\n|t:|1783391078\n|move|p1a: Zamazenta|Body Press|p2a: Meloetta\n|-damage|p2a: Meloetta|0 fnt\n|faint|p2a: Meloetta\n|\n|-heal|p1a: Zamazenta|93/248|[from] item: Leftovers\n|upkeep\n|request|{\"wait\":true,\"side\":{\"name\":\"p0x0124236\",\"id\":\"p1\",\"pokemon\":[{\"ident\":\"p1: Zamazenta\",\"details\":\"Zamazenta, L71\",\"condition\":\"93/248\",\"active\":true,\"stats\":{\"atk\":212,\"def\":205,\"spa\":155,\"spd\":205,\"spe\":237},\"moves\":[\"stoneedge\",\"substitute\",\"irondefense\",\"bodypress\"],\"baseAbility\":\"dauntlessshield\",\"item\":\"leftovers\",\"pokeball\":\"pokeball\",\"ability\":\"dauntlessshield\",\"commanding\":false,\"reviving\":false,\"teraType\":\"Fighting\",\"terastallized\":\"\"},{\"ident\":\"p1: Zebstrika\",\"details\":\"Zebstrika, L87, F\",\"condition\":\"272/272\",\"active\":false,\"stats\":{\"atk\":224,\"def\":159,\"spa\":189,\"spd\":159,\"spe\":252},\"moves\":[\"overheat\",\"highhorsepower\",\"supercellslam\",\"voltswitch\"],\"baseAbility\":\"sapsipper\",\"item\":\"lifeorb\",\"pokeball\":\"pokeball\",\"ability\":\"sapsipper\",\"commanding\":false,\"reviving\":false,\"teraType\":\"Ground\",\"terastallized\":\"\"},{\"ident\":\"p1: Slither Wing\",\"details\":\"Slither Wing, L81\",\"condition\":\"270/270\",\"active\":false,\"stats\":{\"atk\":265,\"def\":175,\"spa\":184,\"spd\":217,\"spe\":178},\"moves\":[\"willowisp\",\"uturn\",\"morningsun\",\"closecombat\"],\"baseAbility\":\"protosynthesis\",\"item\":\"heavydutyboots\",\"pokeball\":\"pokeball\",\"ability\":\"protosynthesis\",\"commanding\":false,\"reviving\":false,\"teraType\":\"Fire\",\"terastallized\":\"\"},{\"ident\":\"p1: Basculegion\",\"details\":\"Basculegion-F, L83, F\",\"condition\":\"0 fnt\",\"active\":false,\"stats\":{\"atk\":200,\"def\":156,\"spa\":214,\"spd\":172,\"spe\":177},\"moves\":[\"shadowball\",\"icebeam\",\"flipturn\",\"hydropump\"],\"baseAbility\":\"adaptability\",\"item\":\"\",\"pokeball\":\"pokeball\",\"ability\":\"adaptability\",\"commanding\":false,\"reviving\":false,\"teraType\":\"Water\",\"terastallized\":\"\"},{\"ident\":\"p1: Toucannon\",\"details\":\"Toucannon, L88, M\",\"condition\":\"284/284\",\"active\":false,\"stats\":{\"atk\":261,\"def\":182,\"spa\":182,\"spd\":182,\"spe\":156},\"moves\":[\"beakblast\",\"roost\",\"bulletseed\",\"boomburst\"],\"baseAbility\":\"skilllink\",\"item\":\"heavydutyboots\",\"pokeball\":\"pokeball\",\"ability\":\"skilllink\",\"commanding\":false,\"reviving\":false,\"teraType\":\"Steel\",\"terastallized\":\"\"},{\"ident\":\"p1: Ludicolo\",\"details\":\"Ludicolo, L90, M\",\"condition\":\"290/290\",\"active\":false,\"stats\":{\"atk\":131,\"def\":177,\"spa\":213,\"spd\":231,\"spe\":177},\"moves\":[\"hydropump\",\"gigadrain\",\"icebeam\",\"raindance\"],\"baseAbility\":\"swiftswim\",\"item\":\"lifeorb\",\"pokeball\":\"pokeball\",\"ability\":\"swiftswim\",\"commanding\":false,\"reviving\":false,\"teraType\":\"Water\",\"terastallized\":\"\"}]},\"rqid\":18}\n|\n|t:|1783391078\n|switch|p2a: Diancie|Diancie, L82|100/100\n|turn|7\n|request|{\"active\":[{\"moves\":[{\"move\":\"Stone Edge\",\"id\":\"stoneedge\",\"pp\":8,\"maxpp\":8,\"target\":\"normal\",\"disabled\":false},{\"move\":\"Substitute\",\"id\":\"substitute\",\"pp\":16,\"maxpp\":16,\"target\":\"self\",\"disabled\":false},{\"move\":\"Iron Defense\",\"id\":\"irondefense\",\"pp\":23,\"maxpp\":24,\"target\":\"self\",\"disabled\":false},{\"move\":\"Body Press\",\"id\":\"bodypress\",\"pp\":14,\"maxpp\":16,\"target\":\"normal\",\"disabled\":false}],\"canTerastallize\":\"Fighting\"}],\"side\":{\"name\":\"p0x0124236\",\"id\":\"p1\",\"pokemon\":[{\"ident\":\"p1: Zamazenta\",\"details\":\"Zamazenta, L71\",\"condition\":\"93/248\",\"active\":true,\"stats\":{\"atk\":212,\"def\":205,\"spa\":155,\"spd\":205,\"spe\":237},\"moves\":[\"stoneedge\",\"substitute\",\"irondefense\",\"bodypress\"],\"baseAbility\":\"dauntlessshield\",\"item\":\"leftovers\",\"pokeball\":\"pokeball\",\"ability\":\"dauntlessshield\",\"commanding\":false,\"reviving\":false,\"teraType\":\"Fighting\",\"terastallized\":\"\"},{\"ident\":\"p1: Zebstrika\",\"details\":\"Zebstrika, L87, F\",\"condition\":\"272/272\",\"active\":false,\"stats\":{\"atk\":224,\"def\":159,\"spa\":189,\"spd\":159,\"spe\":252},\"moves\":[\"overheat\",\"highhorsepower\",\"supercellslam\",\"voltswitch\"],\"baseAbility\":\"sapsipper\",\"item\":\"lifeorb\",\"pokeball\":\"pokeball\",\"ability\":\"sapsipper\",\"commanding\":false,\"reviving\":false,\"teraType\":\"Ground\",\"terastallized\":\"\"},{\"ident\":\"p1: Slither Wing\",\"details\":\"Slither Wing, L81\",\"condition\":\"270/270\",\"active\":false,\"stats\":{\"atk\":265,\"def\":175,\"spa\":184,\"spd\":217,\"spe\":178},\"moves\":[\"willowisp\",\"uturn\",\"morningsun\",\"closecombat\"],\"baseAbility\":\"protosynthesis\",\"item\":\"heavydutyboots\",\"pokeball\":\"pokeball\",\"ability\":\"protosynthesis\",\"commanding\":false,\"reviving\":false,\"teraType\":\"Fire\",\"terastallized\":\"\"},{\"ident\":\"p1: Basculegion\",\"details\":\"Basculegion-F, L83, F\",\"condition\":\"0 fnt\",\"active\":false,\"stats\":{\"atk\":200,\"def\":156,\"spa\":214,\"spd\":172,\"spe\":177},\"moves\":[\"shadowball\",\"icebeam\",\"flipturn\",\"hydropump\"],\"baseAbility\":\"adaptability\",\"item\":\"\",\"pokeball\":\"pokeball\",\"ability\":\"adaptability\",\"commanding\":false,\"reviving\":false,\"teraType\":\"Water\",\"terastallized\":\"\"},{\"ident\":\"p1: Toucannon\",\"details\":\"Toucannon, L88, M\",\"condition\":\"284/284\",\"active\":false,\"stats\":{\"atk\":261,\"def\":182,\"spa\":182,\"spd\":182,\"spe\":156},\"moves\":[\"beakblast\",\"roost\",\"bulletseed\",\"boomburst\"],\"baseAbility\":\"skilllink\",\"item\":\"heavydutyboots\",\"pokeball\":\"pokeball\",\"ability\":\"skilllink\",\"commanding\":false,\"reviving\":false,\"teraType\":\"Steel\",\"terastallized\":\"\"},{\"ident\":\"p1: Ludicolo\",\"details\":\"Ludicolo, L90, M\",\"condition\":\"290/290\",\"active\":false,\"stats\":{\"atk\":131,\"def\":177,\"spa\":213,\"spd\":231,\"spe\":177},\"moves\":[\"hydropump\",\"gigadrain\",\"icebeam\",\"raindance\"],\"baseAbility\":\"swiftswim\",\"item\":\"lifeorb\",\"pokeball\":\"pokeball\",\"ability\":\"swiftswim\",\"commanding\":false,\"reviving\":false,\"teraType\":\"Water\",\"terastallized\":\"\"}]},\"rqid\":20}\n|inactive|Time left: 300 sec this turn | 300 sec total\n|\n|t:|1783391078\n|move|p1a: Zamazenta|Substitute|p1a: Zamazenta\n|-start|p1a: Zamazenta|Substitute\n|-damage|p1a: Zamazenta|31/248\n|move|p2a: Diancie|Moonblast|p1a: Zamazenta\n|-supereffective|p1a: Zamazenta\n|-end|p1a: Zamazenta|Substitute\n|\n|-heal|p1a: Zamazenta|46/248|[from] item: Leftovers\n|upkeep\n|turn|8\n|request|{\"active\":[{\"moves\":[{\"move\":\"Stone Edge\",\"id\":\"stoneedge\",\"pp\":8,\"maxpp\":8,\"target\":\"normal\",\"disabled\":false},{\"move\":\"Substitute\",\"id\":\"substitute\",\"pp\":15,\"maxpp\":16,\"target\":\"self\",\"disabled\":false},{\"move\":\"Iron Defense\",\"id\":\"irondefense\",\"pp\":23,\"maxpp\":24,\"target\":\"self\",\"disabled\":false},{\"move\":\"Body Press\",\"id\":\"bodypress\",\"pp\":14,\"maxpp\":16,\"target\":\"normal\",\"disabled\":false}],\"canTerastallize\":\"Fighting\"}],\"side\":{\"name\":\"p0x0124236\",\"id\":\"p1\",\"pokemon\":[{\"ident\":\"p1: Zamazenta\",\"details\":\"Zamazenta, L71\",\"condition\":\"46/248\",\"active\":true,\"stats\":{\"atk\":212,\"def\":205,\"spa\":155,\"spd\":205,\"spe\":237},\"moves\":[\"stoneedge\",\"substitute\",\"irondefense\",\"bodypress\"],\"baseAbility\":\"dauntlessshield\",\"item\":\"leftovers\",\"pokeball\":\"pokeball\",\"ability\":\"dauntlessshield\",\"commanding\":false,\"reviving\":false,\"teraType\":\"Fighting\",\"terastallized\":\"\"},{\"ident\":\"p1: Zebstrika\",\"details\":\"Zebstrika, L87, F\",\"condition\":\"272/272\",\"active\":false,\"stats\":{\"atk\":224,\"def\":159,\"spa\":189,\"spd\":159,\"spe\":252},\"moves\":[\"overheat\",\"highhorsepower\",\"supercellslam\",\"voltswitch\"],\"baseAbility\":\"sapsipper\",\"item\":\"lifeorb\",\"pokeball\":\"pokeball\",\"ability\":\"sapsipper\",\"commanding\":false,\"reviving\":false,\"teraType\":\"Ground\",\"terastallized\":\"\"},{\"ident\":\"p1: Slither Wing\",\"details\":\"Slither Wing, L81\",\"condition\":\"270/270\",\"active\":false,\"stats\":{\"atk\":265,\"def\":175,\"spa\":184,\"spd\":217,\"spe\":178},\"moves\":[\"willowisp\",\"uturn\",\"morningsun\",\"closecombat\"],\"baseAbility\":\"protosynthesis\",\"item\":\"heavydutyboots\",\"pokeball\":\"pokeball\",\"ability\":\"protosynthesis\",\"commanding\":false,\"reviving\":false,\"teraType\":\"Fire\",\"terastallized\":\"\"},{\"ident\":\"p1: Basculegion\",\"details\":\"Basculegion-F, L83, F\",\"condition\":\"0 fnt\",\"active\":false,\"stats\":{\"atk\":200,\"def\":156,\"spa\":214,\"spd\":172,\"spe\":177},\"moves\":[\"shadowball\",\"icebeam\",\"flipturn\",\"hydropump\"],\"baseAbility\":\"adaptability\",\"item\":\"\",\"pokeball\":\"pokeball\",\"ability\":\"adaptability\",\"commanding\":false,\"reviving\":false,\"teraType\":\"Water\",\"terastallized\":\"\"},{\"ident\":\"p1: Toucannon\",\"details\":\"Toucannon, L88, M\",\"condition\":\"284/284\",\"active\":false,\"stats\":{\"atk\":261,\"def\":182,\"spa\":182,\"spd\":182,\"spe\":156},\"moves\":[\"beakblast\",\"roost\",\"bulletseed\",\"boomburst\"],\"baseAbility\":\"skilllink\",\"item\":\"heavydutyboots\",\"pokeball\":\"pokeball\",\"ability\":\"skilllink\",\"commanding\":false,\"reviving\":false,\"teraType\":\"Steel\",\"terastallized\":\"\"},{\"ident\":\"p1: Ludicolo\",\"details\":\"Ludicolo, L90, M\",\"condition\":\"290/290\",\"active\":false,\"stats\":{\"atk\":131,\"def\":177,\"spa\":213,\"spd\":231,\"spe\":177},\"moves\":[\"hydropump\",\"gigadrain\",\"icebeam\",\"raindance\"],\"baseAbility\":\"swiftswim\",\"item\":\"lifeorb\",\"pokeball\":\"pokeball\",\"ability\":\"swiftswim\",\"commanding\":false,\"reviving\":false,\"teraType\":\"Water\",\"terastallized\":\"\"}]},\"rqid\":22}\n|inactive|Time left: 300 sec this turn | 300 sec total\n|\n|t:|1783391079\n|move|p1a: Zamazenta|Body Press|p2a: Diancie\n|-damage|p2a: Diancie|47/100\n|move|p2a: Diancie|Rock Polish|p2a: Diancie\n|-boost|p2a: Diancie|spe|2\n|\n|-heal|p2a: Diancie|53/100|[from] item: Leftovers\n|-heal|p1a: Zamazenta|61/248|[from] item: Leftovers\n|upkeep\n|turn|9\n|request|{\"active\":[{\"moves\":[{\"move\":\"Stone Edge\",\"id\":\"stoneedge\",\"pp\":8,\"maxpp\":8,\"target\":\"normal\",\"disabled\":false},{\"move\":\"Substitute\",\"id\":\"substitute\",\"pp\":15,\"maxpp\":16,\"target\":\"self\",\"disabled\":false},{\"move\":\"Iron Defense\",\"id\":\"irondefense\",\"pp\":23,\"maxpp\":24,\"target\":\"self\",\"disabled\":false},{\"move\":\"Body Press\",\"id\":\"bodypress\",\"pp\":13,\"maxpp\":16,\"target\":\"normal\",\"disabled\":false}],\"canTerastallize\":\"Fighting\"}],\"side\":{\"name\":\"p0x0124236\",\"id\":\"p1\",\"pokemon\":[{\"ident\":\"p1: Zamazenta\",\"details\":\"Zamazenta, L71\",\"condition\":\"61/248\",\"active\":true,\"stats\":{\"atk\":212,\"def\":205,\"spa\":155,\"spd\":205,\"spe\":237},\"moves\":[\"stoneedge\",\"substitute\",\"irondefense\",\"bodypress\"],\"baseAbility\":\"dauntlessshield\",\"item\":\"leftovers\",\"pokeball\":\"pokeball\",\"ability\":\"dauntlessshield\",\"commanding\":false,\"reviving\":false,\"teraType\":\"Fighting\",\"terastallized\":\"\"},{\"ident\":\"p1: Zebstrika\",\"details\":\"Zebstrika, L87, F\",\"condition\":\"272/272\",\"active\":false,\"stats\":{\"atk\":224,\"def\":159,\"spa\":189,\"spd\":159,\"spe\":252},\"moves\":[\"overheat\",\"highhorsepower\",\"supercellslam\",\"voltswitch\"],\"baseAbility\":\"sapsipper\",\"item\":\"lifeorb\",\"pokeball\":\"pokeball\",\"ability\":\"sapsipper\",\"commanding\":false,\"reviving\":false,\"teraType\":\"Ground\",\"terastallized\":\"\"},{\"ident\":\"p1: Slither Wing\",\"details\":\"Slither Wing, L81\",\"condition\":\"270/270\",\"active\":false,\"stats\":{\"atk\":265,\"def\":175,\"spa\":184,\"spd\":217,\"spe\":178},\"moves\":[\"willowisp\",\"uturn\",\"morningsun\",\"closecombat\"],\"baseAbility\":\"protosynthesis\",\"item\":\"heavydutyboots\",\"pokeball\":\"pokeball\",\"ability\":\"protosynthesis\",\"commanding\":false,\"reviving\":false,\"teraType\":\"Fire\",\"terastallized\":\"\"},{\"ident\":\"p1: Basculegion\",\"details\":\"Basculegion-F, L83, F\",\"condition\":\"0 fnt\",\"active\":false,\"stats\":{\"atk\":200,\"def\":156,\"spa\":214,\"spd\":172,\"spe\":177},\"moves\":[\"shadowball\",\"icebeam\",\"flipturn\",\"hydropump\"],\"baseAbility\":\"adaptability\",\"item\":\"\",\"pokeball\":\"pokeball\",\"ability\":\"adaptability\",\"commanding\":false,\"reviving\":false,\"teraType\":\"Water\",\"terastallized\":\"\"},{\"ident\":\"p1: Toucannon\",\"details\":\"Toucannon, L88, M\",\"condition\":\"284/284\",\"active\":false,\"stats\":{\"atk\":261,\"def\":182,\"spa\":182,\"spd\":182,\"spe\":156},\"moves\":[\"beakblast\",\"roost\",\"bulletseed\",\"boomburst\"],\"baseAbility\":\"skilllink\",\"item\":\"heavydutyboots\",\"pokeball\":\"pokeball\",\"ability\":\"skilllink\",\"commanding\":false,\"reviving\":false,\"teraType\":\"Steel\",\"terastallized\":\"\"},{\"ident\":\"p1: Ludicolo\",\"details\":\"Ludicolo, L90, M\",\"condition\":\"290/290\",\"active\":false,\"stats\":{\"atk\":131,\"def\":177,\"spa\":213,\"spd\":231,\"spe\":177},\"moves\":[\"hydropump\",\"gigadrain\",\"icebeam\",\"raindance\"],\"baseAbility\":\"swiftswim\",\"item\":\"lifeorb\",\"pokeball\":\"pokeball\",\"ability\":\"swiftswim\",\"commanding\":false,\"reviving\":false,\"teraType\":\"Water\",\"terastallized\":\"\"}]},\"rqid\":24}\n|inactive|Time left: 300 sec this turn | 300 sec total\n|\n|t:|1783391079\n|move|p2a: Diancie|Moonblast|p1a: Zamazenta\n|-supereffective|p1a: Zamazenta\n|-damage|p1a: Zamazenta|0 fnt\n|faint|p1a: Zamazenta\n|\n|-heal|p2a: Diancie|59/100|[from] item: Leftovers\n|upkeep\n|request|{\"forceSwitch\":[true],\"side\":{\"name\":\"p0x0124236\",\"id\":\"p1\",\"pokemon\":[{\"ident\":\"p1: Zamazenta\",\"details\":\"Zamazenta, L71\",\"condition\":\"0 fnt\",\"active\":true,\"stats\":{\"atk\":212,\"def\":205,\"spa\":155,\"spd\":205,\"spe\":237},\"moves\":[\"stoneedge\",\"substitute\",\"irondefense\",\"bodypress\"],\"baseAbility\":\"dauntlessshield\",\"item\":\"leftovers\",\"pokeball\":\"pokeball\",\"ability\":\"dauntlessshield\",\"commanding\":false,\"reviving\":false,\"teraType\":\"Fighting\",\"terastallized\":\"\"},{\"ident\":\"p1: Zebstrika\",\"details\":\"Zebstrika, L87, F\",\"condition\":\"272/272\",\"active\":false,\"stats\":{\"atk\":224,\"def\":159,\"spa\":189,\"spd\":159,\"spe\":252},\"moves\":[\"overheat\",\"highhorsepower\",\"supercellslam\",\"voltswitch\"],\"baseAbility\":\"sapsipper\",\"item\":\"lifeorb\",\"pokeball\":\"pokeball\",\"ability\":\"sapsipper\",\"commanding\":false,\"reviving\":false,\"teraType\":\"Ground\",\"terastallized\":\"\"},{\"ident\":\"p1: Slither Wing\",\"details\":\"Slither Wing, L81\",\"condition\":\"270/270\",\"active\":false,\"stats\":{\"atk\":265,\"def\":175,\"spa\":184,\"spd\":217,\"spe\":178},\"moves\":[\"willowisp\",\"uturn\",\"morningsun\",\"closecombat\"],\"baseAbility\":\"protosynthesis\",\"item\":\"heavydutyboots\",\"pokeball\":\"pokeball\",\"ability\":\"protosynthesis\",\"commanding\":false,\"reviving\":false,\"teraType\":\"Fire\",\"terastallized\":\"\"},{\"ident\":\"p1: Basculegion\",\"details\":\"Basculegion-F, L83, F\",\"condition\":\"0 fnt\",\"active\":false,\"stats\":{\"atk\":200,\"def\":156,\"spa\":214,\"spd\":172,\"spe\":177},\"moves\":[\"shadowball\",\"icebeam\",\"flipturn\",\"hydropump\"],\"baseAbility\":\"adaptability\",\"item\":\"\",\"pokeball\":\"pokeball\",\"ability\":\"adaptability\",\"commanding\":false,\"reviving\":false,\"teraType\":\"Water\",\"terastallized\":\"\"},{\"ident\":\"p1: Toucannon\",\"details\":\"Toucannon, L88, M\",\"condition\":\"284/284\",\"active\":false,\"stats\":{\"atk\":261,\"def\":182,\"spa\":182,\"spd\":182,\"spe\":156},\"moves\":[\"beakblast\",\"roost\",\"bulletseed\",\"boomburst\"],\"baseAbility\":\"skilllink\",\"item\":\"heavydutyboots\",\"pokeball\":\"pokeball\",\"ability\":\"skilllink\",\"commanding\":false,\"reviving\":false,\"teraType\":\"Steel\",\"terastallized\":\"\"},{\"ident\":\"p1: Ludicolo\",\"details\":\"Ludicolo, L90, M\",\"condition\":\"290/290\",\"active\":false,\"stats\":{\"atk\":131,\"def\":177,\"spa\":213,\"spd\":231,\"spe\":177},\"moves\":[\"hydropump\",\"gigadrain\",\"icebeam\",\"raindance\"],\"baseAbility\":\"swiftswim\",\"item\":\"lifeorb\",\"pokeball\":\"pokeball\",\"ability\":\"swiftswim\",\"commanding\":false,\"reviving\":false,\"teraType\":\"Water\",\"terastallized\":\"\"}]},\"noCancel\":true,\"rqid\":26}\n|inactive|Time left: 300 sec this turn | 300 sec total | 5 sec grace\n|\n|t:|1783391079\n|switch|p1a: Ludicolo|Ludicolo, L90, M|290/290\n|turn|10\n|request|{\"active\":[{\"moves\":[{\"move\":\"Hydro Pump\",\"id\":\"hydropump\",\"pp\":8,\"maxpp\":8,\"target\":\"normal\",\"disabled\":false},{\"move\":\"Giga Drain\",\"id\":\"gigadrain\",\"pp\":16,\"maxpp\":16,\"target\":\"normal\",\"disabled\":false},{\"move\":\"Ice Beam\",\"id\":\"icebeam\",\"pp\":16,\"maxpp\":16,\"target\":\"normal\",\"disabled\":false},{\"move\":\"Rain Dance\",\"id\":\"raindance\",\"pp\":8,\"maxpp\":8,\"target\":\"all\",\"disabled\":false}],\"canTerastallize\":\"Water\"}],\"side\":{\"name\":\"p0x0124236\",\"id\":\"p1\",\"pokemon\":[{\"ident\":\"p1: Ludicolo\",\"details\":\"Ludicolo, L90, M\",\"condition\":\"290/290\",\"active\":true,\"stats\":{\"atk\":131,\"def\":177,\"spa\":213,\"spd\":231,\"spe\":177},\"moves\":[\"hydropump\",\"gigadrain\",\"icebeam\",\"raindance\"],\"baseAbility\":\"swiftswim\",\"item\":\"lifeorb\",\"pokeball\":\"pokeball\",\"ability\":\"swiftswim\",\"commanding\":false,\"reviving\":false,\"teraType\":\"Water\",\"terastallized\":\"\"},{\"ident\":\"p1: Zebstrika\",\"details\":\"Zebstrika, L87, F\",\"condition\":\"272/272\",\"active\":false,\"stats\":{\"atk\":224,\"def\":159,\"spa\":189,\"spd\":159,\"spe\":252},\"moves\":[\"overheat\",\"highhorsepower\",\"supercellslam\",\"voltswitch\"],\"baseAbility\":\"sapsipper\",\"item\":\"lifeorb\",\"pokeball\":\"pokeball\",\"ability\":\"sapsipper\",\"commanding\":false,\"reviving\":false,\"teraType\":\"Ground\",\"terastallized\":\"\"},{\"ident\":\"p1: Slither Wing\",\"details\":\"Slither Wing, L81\",\"condition\":\"270/270\",\"active\":false,\"stats\":{\"atk\":265,\"def\":175,\"spa\":184,\"spd\":217,\"spe\":178},\"moves\":[\"willowisp\",\"uturn\",\"morningsun\",\"closecombat\"],\"baseAbility\":\"protosynthesis\",\"item\":\"heavydutyboots\",\"pokeball\":\"pokeball\",\"ability\":\"protosynthesis\",\"commanding\":false,\"reviving\":false,\"teraType\":\"Fire\",\"terastallized\":\"\"},{\"ident\":\"p1: Basculegion\",\"details\":\"Basculegion-F, L83, F\",\"condition\":\"0 fnt\",\"active\":false,\"stats\":{\"atk\":200,\"def\":156,\"spa\":214,\"spd\":172,\"spe\":177},\"moves\":[\"shadowball\",\"icebeam\",\"flipturn\",\"hydropump\"],\"baseAbility\":\"adaptability\",\"item\":\"\",\"pokeball\":\"pokeball\",\"ability\":\"adaptability\",\"commanding\":false,\"reviving\":false,\"teraType\":\"Water\",\"terastallized\":\"\"},{\"ident\":\"p1: Toucannon\",\"details\":\"Toucannon, L88, M\",\"condition\":\"284/284\",\"active\":false,\"stats\":{\"atk\":261,\"def\":182,\"spa\":182,\"spd\":182,\"spe\":156},\"moves\":[\"beakblast\",\"roost\",\"bulletseed\",\"boomburst\"],\"baseAbility\":\"skilllink\",\"item\":\"heavydutyboots\",\"pokeball\":\"pokeball\",\"ability\":\"skilllink\",\"commanding\":false,\"reviving\":false,\"teraType\":\"Steel\",\"terastallized\":\"\"},{\"ident\":\"p1: Zamazenta\",\"details\":\"Zamazenta, L71\",\"condition\":\"0 fnt\",\"active\":false,\"stats\":{\"atk\":212,\"def\":205,\"spa\":155,\"spd\":205,\"spe\":237},\"moves\":[\"stoneedge\",\"substitute\",\"irondefense\",\"bodypress\"],\"baseAbility\":\"dauntlessshield\",\"item\":\"leftovers\",\"pokeball\":\"pokeball\",\"ability\":\"dauntlessshield\",\"commanding\":false,\"reviving\":false,\"teraType\":\"Fighting\",\"terastallized\":\"\"}]},\"rqid\":28}\n|inactive|Time left: 300 sec this turn | 300 sec total\n|\n|t:|1783391079\n|-terastallize|p2a: Diancie|Fighting\n|move|p2a: Diancie|Diamond Storm|p1a: Ludicolo\n|-damage|p1a: Ludicolo|173/290\n|-boost|p2a: Diancie|def|2\n|move|p1a: Ludicolo|Giga Drain|p2a: Diancie\n|-crit|p2a: Diancie\n|-damage|p2a: Diancie|10/100\n|-heal|p1a: Ludicolo|227/290|[from] drain|[of] p2a: Diancie\n|-damage|p1a: Ludicolo|198/290|[from] item: Life Orb\n|\n|-heal|p2a: Diancie|16/100|[from] item: Leftovers\n|upkeep\n|turn|11\n|request|{\"active\":[{\"moves\":[{\"move\":\"Hydro Pump\",\"id\":\"hydropump\",\"pp\":8,\"maxpp\":8,\"target\":\"normal\",\"disabled\":false},{\"move\":\"Giga Drain\",\"id\":\"gigadrain\",\"pp\":15,\"maxpp\":16,\"target\":\"normal\",\"disabled\":false},{\"move\":\"Ice Beam\",\"id\":\"icebeam\",\"pp\":16,\"maxpp\":16,\"target\":\"normal\",\"disabled\":false},{\"move\":\"Rain Dance\",\"id\":\"raindance\",\"pp\":8,\"maxpp\":8,\"target\":\"all\",\"disabled\":false}],\"canTerastallize\":\"Water\"}],\"side\":{\"name\":\"p0x0124236\",\"id\":\"p1\",\"pokemon\":[{\"ident\":\"p1: Ludicolo\",\"details\":\"Ludicolo, L90, M\",\"condition\":\"198/290\",\"active\":true,\"stats\":{\"atk\":131,\"def\":177,\"spa\":213,\"spd\":231,\"spe\":177},\"moves\":[\"hydropump\",\"gigadrain\",\"icebeam\",\"raindance\"],\"baseAbility\":\"swiftswim\",\"item\":\"lifeorb\",\"pokeball\":\"pokeball\",\"ability\":\"swiftswim\",\"commanding\":false,\"reviving\":false,\"teraType\":\"Water\",\"terastallized\":\"\"},{\"ident\":\"p1: Zebstrika\",\"details\":\"Zebstrika, L87, F\",\"condition\":\"272/272\",\"active\":false,\"stats\":{\"atk\":224,\"def\":159,\"spa\":189,\"spd\":159,\"spe\":252},\"moves\":[\"overheat\",\"highhorsepower\",\"supercellslam\",\"voltswitch\"],\"baseAbility\":\"sapsipper\",\"item\":\"lifeorb\",\"pokeball\":\"pokeball\",\"ability\":\"sapsipper\",\"commanding\":false,\"reviving\":false,\"teraType\":\"Ground\",\"terastallized\":\"\"},{\"ident\":\"p1: Slither Wing\",\"details\":\"Slither Wing, L81\",\"condition\":\"270/270\",\"active\":false,\"stats\":{\"atk\":265,\"def\":175,\"spa\":184,\"spd\":217,\"spe\":178},\"moves\":[\"willowisp\",\"uturn\",\"morningsun\",\"closecombat\"],\"baseAbility\":\"protosynthesis\",\"item\":\"heavydutyboots\",\"pokeball\":\"pokeball\",\"ability\":\"protosynthesis\",\"commanding\":false,\"reviving\":false,\"teraType\":\"Fire\",\"terastallized\":\"\"},{\"ident\":\"p1: Basculegion\",\"details\":\"Basculegion-F, L83, F\",\"condition\":\"0 fnt\",\"active\":false,\"stats\":{\"atk\":200,\"def\":156,\"spa\":214,\"spd\":172,\"spe\":177},\"moves\":[\"shadowball\",\"icebeam\",\"flipturn\",\"hydropump\"],\"baseAbility\":\"adaptability\",\"item\":\"\",\"pokeball\":\"pokeball\",\"ability\":\"adaptability\",\"commanding\":false,\"reviving\":false,\"teraType\":\"Water\",\"terastallized\":\"\"},{\"ident\":\"p1: Toucannon\",\"details\":\"Toucannon, L88, M\",\"condition\":\"284/284\",\"active\":false,\"stats\":{\"atk\":261,\"def\":182,\"spa\":182,\"spd\":182,\"spe\":156},\"moves\":[\"beakblast\",\"roost\",\"bulletseed\",\"boomburst\"],\"baseAbility\":\"skilllink\",\"item\":\"heavydutyboots\",\"pokeball\":\"pokeball\",\"ability\":\"skilllink\",\"commanding\":false,\"reviving\":false,\"teraType\":\"Steel\",\"terastallized\":\"\"},{\"ident\":\"p1: Zamazenta\",\"details\":\"Zamazenta, L71\",\"condition\":\"0 fnt\",\"active\":false,\"stats\":{\"atk\":212,\"def\":205,\"spa\":155,\"spd\":205,\"spe\":237},\"moves\":[\"stoneedge\",\"substitute\",\"irondefense\",\"bodypress\"],\"baseAbility\":\"dauntlessshield\",\"item\":\"leftovers\",\"pokeball\":\"pokeball\",\"ability\":\"dauntlessshield\",\"commanding\":false,\"reviving\":false,\"teraType\":\"Fighting\",\"terastallized\":\"\"}]},\"rqid\":30}\n|inactive|Time left: 300 sec this turn | 300 sec total\n|\n|t:|1783391080\n|switch|p1a: Slither Wing|Slither Wing, L81|270/270\n|move|p2a: Diancie|Body Press|p1a: Slither Wing\n|-resisted|p1a: Slither Wing\n|-damage|p1a: Slither Wing|134/270\n|\n|-heal|p2a: Diancie|22/100|[from] item: Leftovers\n|upkeep\n|turn|12\n|request|{\"active\":[{\"moves\":[{\"move\":\"Will-O-Wisp\",\"id\":\"willowisp\",\"pp\":24,\"maxpp\":24,\"target\":\"normal\",\"disabled\":false},{\"move\":\"U-turn\",\"id\":\"uturn\",\"pp\":32,\"maxpp\":32,\"target\":\"normal\",\"disabled\":false},{\"move\":\"Morning Sun\",\"id\":\"morningsun\",\"pp\":8,\"maxpp\":8,\"target\":\"self\",\"disabled\":false},{\"move\":\"Close Combat\",\"id\":\"closecombat\",\"pp\":8,\"maxpp\":8,\"target\":\"normal\",\"disabled\":false}],\"canTerastallize\":\"Fire\"}],\"side\":{\"name\":\"p0x0124236\",\"id\":\"p1\",\"pokemon\":[{\"ident\":\"p1: Slither Wing\",\"details\":\"Slither Wing, L81\",\"condition\":\"134/270\",\"active\":true,\"stats\":{\"atk\":265,\"def\":175,\"spa\":184,\"spd\":217,\"spe\":178},\"moves\":[\"willowisp\",\"uturn\",\"morningsun\",\"closecombat\"],\"baseAbility\":\"protosynthesis\",\"item\":\"heavydutyboots\",\"pokeball\":\"pokeball\",\"ability\":\"protosynthesis\",\"commanding\":false,\"reviving\":false,\"teraType\":\"Fire\",\"terastallized\":\"\"},{\"ident\":\"p1: Zebstrika\",\"details\":\"Zebstrika, L87, F\",\"condition\":\"272/272\",\"active\":false,\"stats\":{\"atk\":224,\"def\":159,\"spa\":189,\"spd\":159,\"spe\":252},\"moves\":[\"overheat\",\"highhorsepower\",\"supercellslam\",\"voltswitch\"],\"baseAbility\":\"sapsipper\",\"item\":\"lifeorb\",\"pokeball\":\"pokeball\",\"ability\":\"sapsipper\",\"commanding\":false,\"reviving\":false,\"teraType\":\"Ground\",\"terastallized\":\"\"},{\"ident\":\"p1: Ludicolo\",\"details\":\"Ludicolo, L90, M\",\"condition\":\"198/290\",\"active\":false,\"stats\":{\"atk\":131,\"def\":177,\"spa\":213,\"spd\":231,\"spe\":177},\"moves\":[\"hydropump\",\"gigadrain\",\"icebeam\",\"raindance\"],\"baseAbility\":\"swiftswim\",\"item\":\"lifeorb\",\"pokeball\":\"pokeball\",\"ability\":\"swiftswim\",\"commanding\":false,\"reviving\":false,\"teraType\":\"Water\",\"terastallized\":\"\"},{\"ident\":\"p1: Basculegion\",\"details\":\"Basculegion-F, L83, F\",\"condition\":\"0 fnt\",\"active\":false,\"stats\":{\"atk\":200,\"def\":156,\"spa\":214,\"spd\":172,\"spe\":177},\"moves\":[\"shadowball\",\"icebeam\",\"flipturn\",\"hydropump\"],\"baseAbility\":\"adaptability\",\"item\":\"\",\"pokeball\":\"pokeball\",\"ability\":\"adaptability\",\"commanding\":false,\"reviving\":false,\"teraType\":\"Water\",\"terastallized\":\"\"},{\"ident\":\"p1: Toucannon\",\"details\":\"Toucannon, L88, M\",\"condition\":\"284/284\",\"active\":false,\"stats\":{\"atk\":261,\"def\":182,\"spa\":182,\"spd\":182,\"spe\":156},\"moves\":[\"beakblast\",\"roost\",\"bulletseed\",\"boomburst\"],\"baseAbility\":\"skilllink\",\"item\":\"heavydutyboots\",\"pokeball\":\"pokeball\",\"ability\":\"skilllink\",\"commanding\":false,\"reviving\":false,\"teraType\":\"Steel\",\"terastallized\":\"\"},{\"ident\":\"p1: Zamazenta\",\"details\":\"Zamazenta, L71\",\"condition\":\"0 fnt\",\"active\":false,\"stats\":{\"atk\":212,\"def\":205,\"spa\":155,\"spd\":205,\"spe\":237},\"moves\":[\"stoneedge\",\"substitute\",\"irondefense\",\"bodypress\"],\"baseAbility\":\"dauntlessshield\",\"item\":\"leftovers\",\"pokeball\":\"pokeball\",\"ability\":\"dauntlessshield\",\"commanding\":false,\"reviving\":false,\"teraType\":\"Fighting\",\"terastallized\":\"\"}]},\"rqid\":32}\n|inactive|Time left: 300 sec this turn | 300 sec total\n|\n|t:|1783391080\n|move|p2a: Diancie|Diamond Storm|p1a: Slither Wing\n|-damage|p1a: Slither Wing|29/270\n|move|p1a: Slither Wing|Close Combat|p2a: Diancie\n|-damage|p2a: Diancie|0 fnt\n|-unboost|p1a: Slither Wing|def|1\n|-unboost|p1a: Slither Wing|spd|1\n|faint|p2a: Diancie\n|\n|upkeep\n|request|{\"wait\":true,\"side\":{\"name\":\"p0x0124236\",\"id\":\"p1\",\"pokemon\":[{\"ident\":\"p1: Slither Wing\",\"details\":\"Slither Wing, L81\",\"condition\":\"29/270\",\"active\":true,\"stats\":{\"atk\":265,\"def\":175,\"spa\":184,\"spd\":217,\"spe\":178},\"moves\":[\"willowisp\",\"uturn\",\"morningsun\",\"closecombat\"],\"baseAbility\":\"protosynthesis\",\"item\":\"heavydutyboots\",\"pokeball\":\"pokeball\",\"ability\":\"protosynthesis\",\"commanding\":false,\"reviving\":false,\"teraType\":\"Fire\",\"terastallized\":\"\"},{\"ident\":\"p1: Zebstrika\",\"details\":\"Zebstrika, L87, F\",\"condition\":\"272/272\",\"active\":false,\"stats\":{\"atk\":224,\"def\":159,\"spa\":189,\"spd\":159,\"spe\":252},\"moves\":[\"overheat\",\"highhorsepower\",\"supercellslam\",\"voltswitch\"],\"baseAbility\":\"sapsipper\",\"item\":\"lifeorb\",\"pokeball\":\"pokeball\",\"ability\":\"sapsipper\",\"commanding\":false,\"reviving\":false,\"teraType\":\"Ground\",\"terastallized\":\"\"},{\"ident\":\"p1: Ludicolo\",\"details\":\"Ludicolo, L90, M\",\"condition\":\"198/290\",\"active\":false,\"stats\":{\"atk\":131,\"def\":177,\"spa\":213,\"spd\":231,\"spe\":177},\"moves\":[\"hydropump\",\"gigadrain\",\"icebeam\",\"raindance\"],\"baseAbility\":\"swiftswim\",\"item\":\"lifeorb\",\"pokeball\":\"pokeball\",\"ability\":\"swiftswim\",\"commanding\":false,\"reviving\":false,\"teraType\":\"Water\",\"terastallized\":\"\"},{\"ident\":\"p1: Basculegion\",\"details\":\"Basculegion-F, L83, F\",\"condition\":\"0 fnt\",\"active\":false,\"stats\":{\"atk\":200,\"def\":156,\"spa\":214,\"spd\":172,\"spe\":177},\"moves\":[\"shadowball\",\"icebeam\",\"flipturn\",\"hydropump\"],\"baseAbility\":\"adaptability\",\"item\":\"\",\"pokeball\":\"pokeball\",\"ability\":\"adaptability\",\"commanding\":false,\"reviving\":false,\"teraType\":\"Water\",\"terastallized\":\"\"},{\"ident\":\"p1: Toucannon\",\"details\":\"Toucannon, L88, M\",\"condition\":\"284/284\",\"active\":false,\"stats\":{\"atk\":261,\"def\":182,\"spa\":182,\"spd\":182,\"spe\":156},\"moves\":[\"beakblast\",\"roost\",\"bulletseed\",\"boomburst\"],\"baseAbility\":\"skilllink\",\"item\":\"heavydutyboots\",\"pokeball\":\"pokeball\",\"ability\":\"skilllink\",\"commanding\":false,\"reviving\":false,\"teraType\":\"Steel\",\"terastallized\":\"\"},{\"ident\":\"p1: Zamazenta\",\"details\":\"Zamazenta, L71\",\"condition\":\"0 fnt\",\"active\":false,\"stats\":{\"atk\":212,\"def\":205,\"spa\":155,\"spd\":205,\"spe\":237},\"moves\":[\"stoneedge\",\"substitute\",\"irondefense\",\"bodypress\"],\"baseAbility\":\"dauntlessshield\",\"item\":\"leftovers\",\"pokeball\":\"pokeball\",\"ability\":\"dauntlessshield\",\"commanding\":false,\"reviving\":false,\"teraType\":\"Fighting\",\"terastallized\":\"\"}]},\"rqid\":34}\n|\n|t:|1783391080\n|switch|p2a: Cinderace|Cinderace, L77, F|100/100\n|turn|13\n|request|{\"active\":[{\"moves\":[{\"move\":\"Will-O-Wisp\",\"id\":\"willowisp\",\"pp\":24,\"maxpp\":24,\"target\":\"normal\",\"disabled\":false},{\"move\":\"U-turn\",\"id\":\"uturn\",\"pp\":32,\"maxpp\":32,\"target\":\"normal\",\"disabled\":false},{\"move\":\"Morning Sun\",\"id\":\"morningsun\",\"pp\":8,\"maxpp\":8,\"target\":\"self\",\"disabled\":false},{\"move\":\"Close Combat\",\"id\":\"closecombat\",\"pp\":7,\"maxpp\":8,\"target\":\"normal\",\"disabled\":false}],\"canTerastallize\":\"Fire\"}],\"side\":{\"name\":\"p0x0124236\",\"id\":\"p1\",\"pokemon\":[{\"ident\":\"p1: Slither Wing\",\"details\":\"Slither Wing, L81\",\"condition\":\"29/270\",\"active\":true,\"stats\":{\"atk\":265,\"def\":175,\"spa\":184,\"spd\":217,\"spe\":178},\"moves\":[\"willowisp\",\"uturn\",\"morningsun\",\"closecombat\"],\"baseAbility\":\"protosynthesis\",\"item\":\"heavydutyboots\",\"pokeball\":\"pokeball\",\"ability\":\"protosynthesis\",\"commanding\":false,\"reviving\":false,\"teraType\":\"Fire\",\"terastallized\":\"\"},{\"ident\":\"p1: Zebstrika\",\"details\":\"Zebstrika, L87, F\",\"condition\":\"272/272\",\"active\":false,\"stats\":{\"atk\":224,\"def\":159,\"spa\":189,\"spd\":159,\"spe\":252},\"moves\":[\"overheat\",\"highhorsepower\",\"supercellslam\",\"voltswitch\"],\"baseAbility\":\"sapsipper\",\"item\":\"lifeorb\",\"pokeball\":\"pokeball\",\"ability\":\"sapsipper\",\"commanding\":false,\"reviving\":false,\"teraType\":\"Ground\",\"terastallized\":\"\"},{\"ident\":\"p1: Ludicolo\",\"details\":\"Ludicolo, L90, M\",\"condition\":\"198/290\",\"active\":false,\"stats\":{\"atk\":131,\"def\":177,\"spa\":213,\"spd\":231,\"spe\":177},\"moves\":[\"hydropump\",\"gigadrain\",\"icebeam\",\"raindance\"],\"baseAbility\":\"swiftswim\",\"item\":\"lifeorb\",\"pokeball\":\"pokeball\",\"ability\":\"swiftswim\",\"commanding\":false,\"reviving\":false,\"teraType\":\"Water\",\"terastallized\":\"\"},{\"ident\":\"p1: Basculegion\",\"details\":\"Basculegion-F, L83, F\",\"condition\":\"0 fnt\",\"active\":false,\"stats\":{\"atk\":200,\"def\":156,\"spa\":214,\"spd\":172,\"spe\":177},\"moves\":[\"shadowball\",\"icebeam\",\"flipturn\",\"hydropump\"],\"baseAbility\":\"adaptability\",\"item\":\"\",\"pokeball\":\"pokeball\",\"ability\":\"adaptability\",\"commanding\":false,\"reviving\":false,\"teraType\":\"Water\",\"terastallized\":\"\"},{\"ident\":\"p1: Toucannon\",\"details\":\"Toucannon, L88, M\",\"condition\":\"284/284\",\"active\":false,\"stats\":{\"atk\":261,\"def\":182,\"spa\":182,\"spd\":182,\"spe\":156},\"moves\":[\"beakblast\",\"roost\",\"bulletseed\",\"boomburst\"],\"baseAbility\":\"skilllink\",\"item\":\"heavydutyboots\",\"pokeball\":\"pokeball\",\"ability\":\"skilllink\",\"commanding\":false,\"reviving\":false,\"teraType\":\"Steel\",\"terastallized\":\"\"},{\"ident\":\"p1: Zamazenta\",\"details\":\"Zamazenta, L71\",\"condition\":\"0 fnt\",\"active\":false,\"stats\":{\"atk\":212,\"def\":205,\"spa\":155,\"spd\":205,\"spe\":237},\"moves\":[\"stoneedge\",\"substitute\",\"irondefense\",\"bodypress\"],\"baseAbility\":\"dauntlessshield\",\"item\":\"leftovers\",\"pokeball\":\"pokeball\",\"ability\":\"dauntlessshield\",\"commanding\":false,\"reviving\":false,\"teraType\":\"Fighting\",\"terastallized\":\"\"}]},\"rqid\":36}\n|inactive|Time left: 300 sec this turn | 300 sec total\n|\n|t:|1783391080\n|move|p2a: Cinderace|U-turn|p1a: Slither Wing\n|-start|p2a: Cinderace|typechange|Bug|[from] ability: Libero\n|-resisted|p1a: Slither Wing\n|-damage|p1a: Slither Wing|0 fnt\n|faint|p1a: Slither Wing\n|-end|p1a: Slither Wing|Protosynthesis|[silent]\n|request|{\"wait\":true,\"side\":{\"name\":\"p0x0124236\",\"id\":\"p1\",\"pokemon\":[{\"ident\":\"p1: Slither Wing\",\"details\":\"Slither Wing, L81\",\"condition\":\"0 fnt\",\"active\":true,\"stats\":{\"atk\":265,\"def\":175,\"spa\":184,\"spd\":217,\"spe\":178},\"moves\":[\"willowisp\",\"uturn\",\"morningsun\",\"closecombat\"],\"baseAbility\":\"protosynthesis\",\"item\":\"heavydutyboots\",\"pokeball\":\"pokeball\",\"ability\":\"protosynthesis\",\"commanding\":false,\"reviving\":false,\"teraType\":\"Fire\",\"terastallized\":\"\"},{\"ident\":\"p1: Zebstrika\",\"details\":\"Zebstrika, L87, F\",\"condition\":\"272/272\",\"active\":false,\"stats\":{\"atk\":224,\"def\":159,\"spa\":189,\"spd\":159,\"spe\":252},\"moves\":[\"overheat\",\"highhorsepower\",\"supercellslam\",\"voltswitch\"],\"baseAbility\":\"sapsipper\",\"item\":\"lifeorb\",\"pokeball\":\"pokeball\",\"ability\":\"sapsipper\",\"commanding\":false,\"reviving\":false,\"teraType\":\"Ground\",\"terastallized\":\"\"},{\"ident\":\"p1: Ludicolo\",\"details\":\"Ludicolo, L90, M\",\"condition\":\"198/290\",\"active\":false,\"stats\":{\"atk\":131,\"def\":177,\"spa\":213,\"spd\":231,\"spe\":177},\"moves\":[\"hydropump\",\"gigadrain\",\"icebeam\",\"raindance\"],\"baseAbility\":\"swiftswim\",\"item\":\"lifeorb\",\"pokeball\":\"pokeball\",\"ability\":\"swiftswim\",\"commanding\":false,\"reviving\":false,\"teraType\":\"Water\",\"terastallized\":\"\"},{\"ident\":\"p1: Basculegion\",\"details\":\"Basculegion-F, L83, F\",\"condition\":\"0 fnt\",\"active\":false,\"stats\":{\"atk\":200,\"def\":156,\"spa\":214,\"spd\":172,\"spe\":177},\"moves\":[\"shadowball\",\"icebeam\",\"flipturn\",\"hydropump\"],\"baseAbility\":\"adaptability\",\"item\":\"\",\"pokeball\":\"pokeball\",\"ability\":\"adaptability\",\"commanding\":false,\"reviving\":false,\"teraType\":\"Water\",\"terastallized\":\"\"},{\"ident\":\"p1: Toucannon\",\"details\":\"Toucannon, L88, M\",\"condition\":\"284/284\",\"active\":false,\"stats\":{\"atk\":261,\"def\":182,\"spa\":182,\"spd\":182,\"spe\":156},\"moves\":[\"beakblast\",\"roost\",\"bulletseed\",\"boomburst\"],\"baseAbility\":\"skilllink\",\"item\":\"heavydutyboots\",\"pokeball\":\"pokeball\",\"ability\":\"skilllink\",\"commanding\":false,\"reviving\":false,\"teraType\":\"Steel\",\"terastallized\":\"\"},{\"ident\":\"p1: Zamazenta\",\"details\":\"Zamazenta, L71\",\"condition\":\"0 fnt\",\"active\":false,\"stats\":{\"atk\":212,\"def\":205,\"spa\":155,\"spd\":205,\"spe\":237},\"moves\":[\"stoneedge\",\"substitute\",\"irondefense\",\"bodypress\"],\"baseAbility\":\"dauntlessshield\",\"item\":\"leftovers\",\"pokeball\":\"pokeball\",\"ability\":\"dauntlessshield\",\"commanding\":false,\"reviving\":false,\"teraType\":\"Fighting\",\"terastallized\":\"\"}]},\"rqid\":38}\n|\n|t:|1783391081\n|switch|p2a: Malamar|Malamar, L82, F|100/100|[from] U-turn\n|\n|upkeep\n|request|{\"forceSwitch\":[true],\"side\":{\"name\":\"p0x0124236\",\"id\":\"p1\",\"pokemon\":[{\"ident\":\"p1: Slither Wing\",\"details\":\"Slither Wing, L81\",\"condition\":\"0 fnt\",\"active\":true,\"stats\":{\"atk\":265,\"def\":175,\"spa\":184,\"spd\":217,\"spe\":178},\"moves\":[\"willowisp\",\"uturn\",\"morningsun\",\"closecombat\"],\"baseAbility\":\"protosynthesis\",\"item\":\"heavydutyboots\",\"pokeball\":\"pokeball\",\"ability\":\"protosynthesis\",\"commanding\":false,\"reviving\":false,\"teraType\":\"Fire\",\"terastallized\":\"\"},{\"ident\":\"p1: Zebstrika\",\"details\":\"Zebstrika, L87, F\",\"condition\":\"272/272\",\"active\":false,\"stats\":{\"atk\":224,\"def\":159,\"spa\":189,\"spd\":159,\"spe\":252},\"moves\":[\"overheat\",\"highhorsepower\",\"supercellslam\",\"voltswitch\"],\"baseAbility\":\"sapsipper\",\"item\":\"lifeorb\",\"pokeball\":\"pokeball\",\"ability\":\"sapsipper\",\"commanding\":false,\"reviving\":false,\"teraType\":\"Ground\",\"terastallized\":\"\"},{\"ident\":\"p1: Ludicolo\",\"details\":\"Ludicolo, L90, M\",\"condition\":\"198/290\",\"active\":false,\"stats\":{\"atk\":131,\"def\":177,\"spa\":213,\"spd\":231,\"spe\":177},\"moves\":[\"hydropump\",\"gigadrain\",\"icebeam\",\"raindance\"],\"baseAbility\":\"swiftswim\",\"item\":\"lifeorb\",\"pokeball\":\"pokeball\",\"ability\":\"swiftswim\",\"commanding\":false,\"reviving\":false,\"teraType\":\"Water\",\"terastallized\":\"\"},{\"ident\":\"p1: Basculegion\",\"details\":\"Basculegion-F, L83, F\",\"condition\":\"0 fnt\",\"active\":false,\"stats\":{\"atk\":200,\"def\":156,\"spa\":214,\"spd\":172,\"spe\":177},\"moves\":[\"shadowball\",\"icebeam\",\"flipturn\",\"hydropump\"],\"baseAbility\":\"adaptability\",\"item\":\"\",\"pokeball\":\"pokeball\",\"ability\":\"adaptability\",\"commanding\":false,\"reviving\":false,\"teraType\":\"Water\",\"terastallized\":\"\"},{\"ident\":\"p1: Toucannon\",\"details\":\"Toucannon, L88, M\",\"condition\":\"284/284\",\"active\":false,\"stats\":{\"atk\":261,\"def\":182,\"spa\":182,\"spd\":182,\"spe\":156},\"moves\":[\"beakblast\",\"roost\",\"bulletseed\",\"boomburst\"],\"baseAbility\":\"skilllink\",\"item\":\"heavydutyboots\",\"pokeball\":\"pokeball\",\"ability\":\"skilllink\",\"commanding\":false,\"reviving\":false,\"teraType\":\"Steel\",\"terastallized\":\"\"},{\"ident\":\"p1: Zamazenta\",\"details\":\"Zamazenta, L71\",\"condition\":\"0 fnt\",\"active\":false,\"stats\":{\"atk\":212,\"def\":205,\"spa\":155,\"spd\":205,\"spe\":237},\"moves\":[\"stoneedge\",\"substitute\",\"irondefense\",\"bodypress\"],\"baseAbility\":\"dauntlessshield\",\"item\":\"leftovers\",\"pokeball\":\"pokeball\",\"ability\":\"dauntlessshield\",\"commanding\":false,\"reviving\":false,\"teraType\":\"Fighting\",\"terastallized\":\"\"}]},\"noCancel\":true,\"rqid\":40}\n|inactive|Time left: 300 sec this turn | 300 sec total | 10 sec grace\n|\n|t:|1783391081\n|switch|p1a: Ludicolo|Ludicolo, L90, M|198/290\n|turn|14\n|request|{\"active\":[{\"moves\":[{\"move\":\"Hydro Pump\",\"id\":\"hydropump\",\"pp\":8,\"maxpp\":8,\"target\":\"normal\",\"disabled\":false},{\"move\":\"Giga Drain\",\"id\":\"gigadrain\",\"pp\":15,\"maxpp\":16,\"target\":\"normal\",\"disabled\":false},{\"move\":\"Ice Beam\",\"id\":\"icebeam\",\"pp\":16,\"maxpp\":16,\"target\":\"normal\",\"disabled\":false},{\"move\":\"Rain Dance\",\"id\":\"raindance\",\"pp\":8,\"maxpp\":8,\"target\":\"all\",\"disabled\":false}],\"canTerastallize\":\"Water\"}],\"side\":{\"name\":\"p0x0124236\",\"id\":\"p1\",\"pokemon\":[{\"ident\":\"p1: Ludicolo\",\"details\":\"Ludicolo, L90, M\",\"condition\":\"198/290\",\"active\":true,\"stats\":{\"atk\":131,\"def\":177,\"spa\":213,\"spd\":231,\"spe\":177},\"moves\":[\"hydropump\",\"gigadrain\",\"icebeam\",\"raindance\"],\"baseAbility\":\"swiftswim\",\"item\":\"lifeorb\",\"pokeball\":\"pokeball\",\"ability\":\"swiftswim\",\"commanding\":false,\"reviving\":false,\"teraType\":\"Water\",\"terastallized\":\"\"},{\"ident\":\"p1: Zebstrika\",\"details\":\"Zebstrika, L87, F\",\"condition\":\"272/272\",\"active\":false,\"stats\":{\"atk\":224,\"def\":159,\"spa\":189,\"spd\":159,\"spe\":252},\"moves\":[\"overheat\",\"highhorsepower\",\"supercellslam\",\"voltswitch\"],\"baseAbility\":\"sapsipper\",\"item\":\"lifeorb\",\"pokeball\":\"pokeball\",\"ability\":\"sapsipper\",\"commanding\":false,\"reviving\":false,\"teraType\":\"Ground\",\"terastallized\":\"\"},{\"ident\":\"p1: Slither Wing\",\"details\":\"Slither Wing, L81\",\"condition\":\"0 fnt\",\"active\":false,\"stats\":{\"atk\":265,\"def\":175,\"spa\":184,\"spd\":217,\"spe\":178},\"moves\":[\"willowisp\",\"uturn\",\"morningsun\",\"closecombat\"],\"baseAbility\":\"protosynthesis\",\"item\":\"heavydutyboots\",\"pokeball\":\"pokeball\",\"ability\":\"protosynthesis\",\"commanding\":false,\"reviving\":false,\"teraType\":\"Fire\",\"terastallized\":\"\"},{\"ident\":\"p1: Basculegion\",\"details\":\"Basculegion-F, L83, F\",\"condition\":\"0 fnt\",\"active\":false,\"stats\":{\"atk\":200,\"def\":156,\"spa\":214,\"spd\":172,\"spe\":177},\"moves\":[\"shadowball\",\"icebeam\",\"flipturn\",\"hydropump\"],\"baseAbility\":\"adaptability\",\"item\":\"\",\"pokeball\":\"pokeball\",\"ability\":\"adaptability\",\"commanding\":false,\"reviving\":false,\"teraType\":\"Water\",\"terastallized\":\"\"},{\"ident\":\"p1: Toucannon\",\"details\":\"Toucannon, L88, M\",\"condition\":\"284/284\",\"active\":false,\"stats\":{\"atk\":261,\"def\":182,\"spa\":182,\"spd\":182,\"spe\":156},\"moves\":[\"beakblast\",\"roost\",\"bulletseed\",\"boomburst\"],\"baseAbility\":\"skilllink\",\"item\":\"heavydutyboots\",\"pokeball\":\"pokeball\",\"ability\":\"skilllink\",\"commanding\":false,\"reviving\":false,\"teraType\":\"Steel\",\"terastallized\":\"\"},{\"ident\":\"p1: Zamazenta\",\"details\":\"Zamazenta, L71\",\"condition\":\"0 fnt\",\"active\":false,\"stats\":{\"atk\":212,\"def\":205,\"spa\":155,\"spd\":205,\"spe\":237},\"moves\":[\"stoneedge\",\"substitute\",\"irondefense\",\"bodypress\"],\"baseAbility\":\"dauntlessshield\",\"item\":\"leftovers\",\"pokeball\":\"pokeball\",\"ability\":\"dauntlessshield\",\"commanding\":false,\"reviving\":false,\"teraType\":\"Fighting\",\"terastallized\":\"\"}]},\"rqid\":42}\n|inactive|Time left: 300 sec this turn | 300 sec total\n|\n|t:|1783391081\n|move|p1a: Ludicolo|Hydro Pump|p2a: Malamar\n|-damage|p2a: Malamar|27/100\n|-damage|p1a: Ludicolo|169/290|[from] item: Life Orb\n|move|p2a: Malamar|Rest|p2a: Malamar\n|-status|p2a: Malamar|slp|[from] move: Rest\n|-heal|p2a: Malamar|100/100 slp|[silent]\n|-enditem|p2a: Malamar|Chesto Berry|[eat]\n|-curestatus|p2a: Malamar|slp|[msg]\n|\n|upkeep\n|turn|15\n|request|{\"active\":[{\"moves\":[{\"move\":\"Hydro Pump\",\"id\":\"hydropump\",\"pp\":7,\"maxpp\":8,\"target\":\"normal\",\"disabled\":false},{\"move\":\"Giga Drain\",\"id\":\"gigadrain\",\"pp\":15,\"maxpp\":16,\"target\":\"normal\",\"disabled\":false},{\"move\":\"Ice Beam\",\"id\":\"icebeam\",\"pp\":16,\"maxpp\":16,\"target\":\"normal\",\"disabled\":false},{\"move\":\"Rain Dance\",\"id\":\"raindance\",\"pp\":8,\"maxpp\":8,\"target\":\"all\",\"disabled\":false}],\"canTerastallize\":\"Water\"}],\"side\":{\"name\":\"p0x0124236\",\"id\":\"p1\",\"pokemon\":[{\"ident\":\"p1: Ludicolo\",\"details\":\"Ludicolo, L90, M\",\"condition\":\"169/290\",\"active\":true,\"stats\":{\"atk\":131,\"def\":177,\"spa\":213,\"spd\":231,\"spe\":177},\"moves\":[\"hydropump\",\"gigadrain\",\"icebeam\",\"raindance\"],\"baseAbility\":\"swiftswim\",\"item\":\"lifeorb\",\"pokeball\":\"pokeball\",\"ability\":\"swiftswim\",\"commanding\":false,\"reviving\":false,\"teraType\":\"Water\",\"terastallized\":\"\"},{\"ident\":\"p1: Zebstrika\",\"details\":\"Zebstrika, L87, F\",\"condition\":\"272/272\",\"active\":false,\"stats\":{\"atk\":224,\"def\":159,\"spa\":189,\"spd\":159,\"spe\":252},\"moves\":[\"overheat\",\"highhorsepower\",\"supercellslam\",\"voltswitch\"],\"baseAbility\":\"sapsipper\",\"item\":\"lifeorb\",\"pokeball\":\"pokeball\",\"ability\":\"sapsipper\",\"commanding\":false,\"reviving\":false,\"teraType\":\"Ground\",\"terastallized\":\"\"},{\"ident\":\"p1: Slither Wing\",\"details\":\"Slither Wing, L81\",\"condition\":\"0 fnt\",\"active\":false,\"stats\":{\"atk\":265,\"def\":175,\"spa\":184,\"spd\":217,\"spe\":178},\"moves\":[\"willowisp\",\"uturn\",\"morningsun\",\"closecombat\"],\"baseAbility\":\"protosynthesis\",\"item\":\"heavydutyboots\",\"pokeball\":\"pokeball\",\"ability\":\"protosynthesis\",\"commanding\":false,\"reviving\":false,\"teraType\":\"Fire\",\"terastallized\":\"\"},{\"ident\":\"p1: Basculegion\",\"details\":\"Basculegion-F, L83, F\",\"condition\":\"0 fnt\",\"active\":false,\"stats\":{\"atk\":200,\"def\":156,\"spa\":214,\"spd\":172,\"spe\":177},\"moves\":[\"shadowball\",\"icebeam\",\"flipturn\",\"hydropump\"],\"baseAbility\":\"adaptability\",\"item\":\"\",\"pokeball\":\"pokeball\",\"ability\":\"adaptability\",\"commanding\":false,\"reviving\":false,\"teraType\":\"Water\",\"terastallized\":\"\"},{\"ident\":\"p1: Toucannon\",\"details\":\"Toucannon, L88, M\",\"condition\":\"284/284\",\"active\":false,\"stats\":{\"atk\":261,\"def\":182,\"spa\":182,\"spd\":182,\"spe\":156},\"moves\":[\"beakblast\",\"roost\",\"bulletseed\",\"boomburst\"],\"baseAbility\":\"skilllink\",\"item\":\"heavydutyboots\",\"pokeball\":\"pokeball\",\"ability\":\"skilllink\",\"commanding\":false,\"reviving\":false,\"teraType\":\"Steel\",\"terastallized\":\"\"},{\"ident\":\"p1: Zamazenta\",\"details\":\"Zamazenta, L71\",\"condition\":\"0 fnt\",\"active\":false,\"stats\":{\"atk\":212,\"def\":205,\"spa\":155,\"spd\":205,\"spe\":237},\"moves\":[\"stoneedge\",\"substitute\",\"irondefense\",\"bodypress\"],\"baseAbility\":\"dauntlessshield\",\"item\":\"leftovers\",\"pokeball\":\"pokeball\",\"ability\":\"dauntlessshield\",\"commanding\":false,\"reviving\":false,\"teraType\":\"Fighting\",\"terastallized\":\"\"}]},\"rqid\":44}\n|inactive|Time left: 300 sec this turn | 300 sec total\n|\n|t:|1783391081\n|move|p1a: Ludicolo|Hydro Pump|p2a: Malamar\n|-damage|p2a: Malamar|29/100\n|-damage|p1a: Ludicolo|140/290|[from] item: Life Orb\n|move|p2a: Malamar|Knock Off|p1a: Ludicolo\n|-damage|p1a: Ludicolo|32/290\n|-enditem|p1a: Ludicolo|Life Orb|[from] move: Knock Off|[of] p2a: Malamar\n|\n|upkeep\n|turn|16\n|request|{\"active\":[{\"moves\":[{\"move\":\"Hydro Pump\",\"id\":\"hydropump\",\"pp\":6,\"maxpp\":8,\"target\":\"normal\",\"disabled\":false},{\"move\":\"Giga Drain\",\"id\":\"gigadrain\",\"pp\":15,\"maxpp\":16,\"target\":\"normal\",\"disabled\":false},{\"move\":\"Ice Beam\",\"id\":\"icebeam\",\"pp\":16,\"maxpp\":16,\"target\":\"normal\",\"disabled\":false},{\"move\":\"Rain Dance\",\"id\":\"raindance\",\"pp\":8,\"maxpp\":8,\"target\":\"all\",\"disabled\":false}],\"canTerastallize\":\"Water\"}],\"side\":{\"name\":\"p0x0124236\",\"id\":\"p1\",\"pokemon\":[{\"ident\":\"p1: Ludicolo\",\"details\":\"Ludicolo, L90, M\",\"condition\":\"32/290\",\"active\":true,\"stats\":{\"atk\":131,\"def\":177,\"spa\":213,\"spd\":231,\"spe\":177},\"moves\":[\"hydropump\",\"gigadrain\",\"icebeam\",\"raindance\"],\"baseAbility\":\"swiftswim\",\"item\":\"\",\"pokeball\":\"pokeball\",\"ability\":\"swiftswim\",\"commanding\":false,\"reviving\":false,\"teraType\":\"Water\",\"terastallized\":\"\"},{\"ident\":\"p1: Zebstrika\",\"details\":\"Zebstrika, L87, F\",\"condition\":\"272/272\",\"active\":false,\"stats\":{\"atk\":224,\"def\":159,\"spa\":189,\"spd\":159,\"spe\":252},\"moves\":[\"overheat\",\"highhorsepower\",\"supercellslam\",\"voltswitch\"],\"baseAbility\":\"sapsipper\",\"item\":\"lifeorb\",\"pokeball\":\"pokeball\",\"ability\":\"sapsipper\",\"commanding\":false,\"reviving\":false,\"teraType\":\"Ground\",\"terastallized\":\"\"},{\"ident\":\"p1: Slither Wing\",\"details\":\"Slither Wing, L81\",\"condition\":\"0 fnt\",\"active\":false,\"stats\":{\"atk\":265,\"def\":175,\"spa\":184,\"spd\":217,\"spe\":178},\"moves\":[\"willowisp\",\"uturn\",\"morningsun\",\"closecombat\"],\"baseAbility\":\"protosynthesis\",\"item\":\"heavydutyboots\",\"pokeball\":\"pokeball\",\"ability\":\"protosynthesis\",\"commanding\":false,\"reviving\":false,\"teraType\":\"Fire\",\"terastallized\":\"\"},{\"ident\":\"p1: Basculegion\",\"details\":\"Basculegion-F, L83, F\",\"condition\":\"0 fnt\",\"active\":false,\"stats\":{\"atk\":200,\"def\":156,\"spa\":214,\"spd\":172,\"spe\":177},\"moves\":[\"shadowball\",\"icebeam\",\"flipturn\",\"hydropump\"],\"baseAbility\":\"adaptability\",\"item\":\"\",\"pokeball\":\"pokeball\",\"ability\":\"adaptability\",\"commanding\":false,\"reviving\":false,\"teraType\":\"Water\",\"terastallized\":\"\"},{\"ident\":\"p1: Toucannon\",\"details\":\"Toucannon, L88, M\",\"condition\":\"284/284\",\"active\":false,\"stats\":{\"atk\":261,\"def\":182,\"spa\":182,\"spd\":182,\"spe\":156},\"moves\":[\"beakblast\",\"roost\",\"bulletseed\",\"boomburst\"],\"baseAbility\":\"skilllink\",\"item\":\"heavydutyboots\",\"pokeball\":\"pokeball\",\"ability\":\"skilllink\",\"commanding\":false,\"reviving\":false,\"teraType\":\"Steel\",\"terastallized\":\"\"},{\"ident\":\"p1: Zamazenta\",\"details\":\"Zamazenta, L71\",\"condition\":\"0 fnt\",\"active\":false,\"stats\":{\"atk\":212,\"def\":205,\"spa\":155,\"spd\":205,\"spe\":237},\"moves\":[\"stoneedge\",\"substitute\",\"irondefense\",\"bodypress\"],\"baseAbility\":\"dauntlessshield\",\"item\":\"leftovers\",\"pokeball\":\"pokeball\",\"ability\":\"dauntlessshield\",\"commanding\":false,\"reviving\":false,\"teraType\":\"Fighting\",\"terastallized\":\"\"}]},\"rqid\":46}\n|inactive|Time left: 300 sec this turn | 300 sec total\n|\n|t:|1783391082\n|move|p1a: Ludicolo|Hydro Pump|p2a: Malamar\n|-damage|p2a: Malamar|0 fnt\n|faint|p2a: Malamar\n|\n|upkeep\n|request|{\"wait\":true,\"side\":{\"name\":\"p0x0124236\",\"id\":\"p1\",\"pokemon\":[{\"ident\":\"p1: Ludicolo\",\"details\":\"Ludicolo, L90, M\",\"condition\":\"32/290\",\"active\":true,\"stats\":{\"atk\":131,\"def\":177,\"spa\":213,\"spd\":231,\"spe\":177},\"moves\":[\"hydropump\",\"gigadrain\",\"icebeam\",\"raindance\"],\"baseAbility\":\"swiftswim\",\"item\":\"\",\"pokeball\":\"pokeball\",\"ability\":\"swiftswim\",\"commanding\":false,\"reviving\":false,\"teraType\":\"Water\",\"terastallized\":\"\"},{\"ident\":\"p1: Zebstrika\",\"details\":\"Zebstrika, L87, F\",\"condition\":\"272/272\",\"active\":false,\"stats\":{\"atk\":224,\"def\":159,\"spa\":189,\"spd\":159,\"spe\":252},\"moves\":[\"overheat\",\"highhorsepower\",\"supercellslam\",\"voltswitch\"],\"baseAbility\":\"sapsipper\",\"item\":\"lifeorb\",\"pokeball\":\"pokeball\",\"ability\":\"sapsipper\",\"commanding\":false,\"reviving\":false,\"teraType\":\"Ground\",\"terastallized\":\"\"},{\"ident\":\"p1: Slither Wing\",\"details\":\"Slither Wing, L81\",\"condition\":\"0 fnt\",\"active\":false,\"stats\":{\"atk\":265,\"def\":175,\"spa\":184,\"spd\":217,\"spe\":178},\"moves\":[\"willowisp\",\"uturn\",\"morningsun\",\"closecombat\"],\"baseAbility\":\"protosynthesis\",\"item\":\"heavydutyboots\",\"pokeball\":\"pokeball\",\"ability\":\"protosynthesis\",\"commanding\":false,\"reviving\":false,\"teraType\":\"Fire\",\"terastallized\":\"\"},{\"ident\":\"p1: Basculegion\",\"details\":\"Basculegion-F, L83, F\",\"condition\":\"0 fnt\",\"active\":false,\"stats\":{\"atk\":200,\"def\":156,\"spa\":214,\"spd\":172,\"spe\":177},\"moves\":[\"shadowball\",\"icebeam\",\"flipturn\",\"hydropump\"],\"baseAbility\":\"adaptability\",\"item\":\"\",\"pokeball\":\"pokeball\",\"ability\":\"adaptability\",\"commanding\":false,\"reviving\":false,\"teraType\":\"Water\",\"terastallized\":\"\"},{\"ident\":\"p1: Toucannon\",\"details\":\"Toucannon, L88, M\",\"condition\":\"284/284\",\"active\":false,\"stats\":{\"atk\":261,\"def\":182,\"spa\":182,\"spd\":182,\"spe\":156},\"moves\":[\"beakblast\",\"roost\",\"bulletseed\",\"boomburst\"],\"baseAbility\":\"skilllink\",\"item\":\"heavydutyboots\",\"pokeball\":\"pokeball\",\"ability\":\"skilllink\",\"commanding\":false,\"reviving\":false,\"teraType\":\"Steel\",\"terastallized\":\"\"},{\"ident\":\"p1: Zamazenta\",\"details\":\"Zamazenta, L71\",\"condition\":\"0 fnt\",\"active\":false,\"stats\":{\"atk\":212,\"def\":205,\"spa\":155,\"spd\":205,\"spe\":237},\"moves\":[\"stoneedge\",\"substitute\",\"irondefense\",\"bodypress\"],\"baseAbility\":\"dauntlessshield\",\"item\":\"leftovers\",\"pokeball\":\"pokeball\",\"ability\":\"dauntlessshield\",\"commanding\":false,\"reviving\":false,\"teraType\":\"Fighting\",\"terastallized\":\"\"}]},\"rqid\":48}\n|\n|t:|1783391082\n|switch|p2a: Cinderace|Cinderace, L77, F|100/100\n|turn|17\n|request|{\"active\":[{\"moves\":[{\"move\":\"Hydro Pump\",\"id\":\"hydropump\",\"pp\":5,\"maxpp\":8,\"target\":\"normal\",\"disabled\":false},{\"move\":\"Giga Drain\",\"id\":\"gigadrain\",\"pp\":15,\"maxpp\":16,\"target\":\"normal\",\"disabled\":false},{\"move\":\"Ice Beam\",\"id\":\"icebeam\",\"pp\":16,\"maxpp\":16,\"target\":\"normal\",\"disabled\":false},{\"move\":\"Rain Dance\",\"id\":\"raindance\",\"pp\":8,\"maxpp\":8,\"target\":\"all\",\"disabled\":false}],\"canTerastallize\":\"Water\"}],\"side\":{\"name\":\"p0x0124236\",\"id\":\"p1\",\"pokemon\":[{\"ident\":\"p1: Ludicolo\",\"details\":\"Ludicolo, L90, M\",\"condition\":\"32/290\",\"active\":true,\"stats\":{\"atk\":131,\"def\":177,\"spa\":213,\"spd\":231,\"spe\":177},\"moves\":[\"hydropump\",\"gigadrain\",\"icebeam\",\"raindance\"],\"baseAbility\":\"swiftswim\",\"item\":\"\",\"pokeball\":\"pokeball\",\"ability\":\"swiftswim\",\"commanding\":false,\"reviving\":false,\"teraType\":\"Water\",\"terastallized\":\"\"},{\"ident\":\"p1: Zebstrika\",\"details\":\"Zebstrika, L87, F\",\"condition\":\"272/272\",\"active\":false,\"stats\":{\"atk\":224,\"def\":159,\"spa\":189,\"spd\":159,\"spe\":252},\"moves\":[\"overheat\",\"highhorsepower\",\"supercellslam\",\"voltswitch\"],\"baseAbility\":\"sapsipper\",\"item\":\"lifeorb\",\"pokeball\":\"pokeball\",\"ability\":\"sapsipper\",\"commanding\":false,\"reviving\":false,\"teraType\":\"Ground\",\"terastallized\":\"\"},{\"ident\":\"p1: Slither Wing\",\"details\":\"Slither Wing, L81\",\"condition\":\"0 fnt\",\"active\":false,\"stats\":{\"atk\":265,\"def\":175,\"spa\":184,\"spd\":217,\"spe\":178},\"moves\":[\"willowisp\",\"uturn\",\"morningsun\",\"closecombat\"],\"baseAbility\":\"protosynthesis\",\"item\":\"heavydutyboots\",\"pokeball\":\"pokeball\",\"ability\":\"protosynthesis\",\"commanding\":false,\"reviving\":false,\"teraType\":\"Fire\",\"terastallized\":\"\"},{\"ident\":\"p1: Basculegion\",\"details\":\"Basculegion-F, L83, F\",\"condition\":\"0 fnt\",\"active\":false,\"stats\":{\"atk\":200,\"def\":156,\"spa\":214,\"spd\":172,\"spe\":177},\"moves\":[\"shadowball\",\"icebeam\",\"flipturn\",\"hydropump\"],\"baseAbility\":\"adaptability\",\"item\":\"\",\"pokeball\":\"pokeball\",\"ability\":\"adaptability\",\"commanding\":false,\"reviving\":false,\"teraType\":\"Water\",\"terastallized\":\"\"},{\"ident\":\"p1: Toucannon\",\"details\":\"Toucannon, L88, M\",\"condition\":\"284/284\",\"active\":false,\"stats\":{\"atk\":261,\"def\":182,\"spa\":182,\"spd\":182,\"spe\":156},\"moves\":[\"beakblast\",\"roost\",\"bulletseed\",\"boomburst\"],\"baseAbility\":\"skilllink\",\"item\":\"heavydutyboots\",\"pokeball\":\"pokeball\",\"ability\":\"skilllink\",\"commanding\":false,\"reviving\":false,\"teraType\":\"Steel\",\"terastallized\":\"\"},{\"ident\":\"p1: Zamazenta\",\"details\":\"Zamazenta, L71\",\"condition\":\"0 fnt\",\"active\":false,\"stats\":{\"atk\":212,\"def\":205,\"spa\":155,\"spd\":205,\"spe\":237},\"moves\":[\"stoneedge\",\"substitute\",\"irondefense\",\"bodypress\"],\"baseAbility\":\"dauntlessshield\",\"item\":\"leftovers\",\"pokeball\":\"pokeball\",\"ability\":\"dauntlessshield\",\"commanding\":false,\"reviving\":false,\"teraType\":\"Fighting\",\"terastallized\":\"\"}]},\"rqid\":50}\n|inactive|Time left: 300 sec this turn | 300 sec total\n|\n|t:|1783391082\n|move|p2a: Cinderace|Pyro Ball|p1a: Ludicolo\n|-damage|p1a: Ludicolo|0 fnt\n|faint|p1a: Ludicolo\n|\n|upkeep\n|request|{\"forceSwitch\":[true],\"side\":{\"name\":\"p0x0124236\",\"id\":\"p1\",\"pokemon\":[{\"ident\":\"p1: Ludicolo\",\"details\":\"Ludicolo, L90, M\",\"condition\":\"0 fnt\",\"active\":true,\"stats\":{\"atk\":131,\"def\":177,\"spa\":213,\"spd\":231,\"spe\":177},\"moves\":[\"hydropump\",\"gigadrain\",\"icebeam\",\"raindance\"],\"baseAbility\":\"swiftswim\",\"item\":\"\",\"pokeball\":\"pokeball\",\"ability\":\"swiftswim\",\"commanding\":false,\"reviving\":false,\"teraType\":\"Water\",\"terastallized\":\"\"},{\"ident\":\"p1: Zebstrika\",\"details\":\"Zebstrika, L87, F\",\"condition\":\"272/272\",\"active\":false,\"stats\":{\"atk\":224,\"def\":159,\"spa\":189,\"spd\":159,\"spe\":252},\"moves\":[\"overheat\",\"highhorsepower\",\"supercellslam\",\"voltswitch\"],\"baseAbility\":\"sapsipper\",\"item\":\"lifeorb\",\"pokeball\":\"pokeball\",\"ability\":\"sapsipper\",\"commanding\":false,\"reviving\":false,\"teraType\":\"Ground\",\"terastallized\":\"\"},{\"ident\":\"p1: Slither Wing\",\"details\":\"Slither Wing, L81\",\"condition\":\"0 fnt\",\"active\":false,\"stats\":{\"atk\":265,\"def\":175,\"spa\":184,\"spd\":217,\"spe\":178},\"moves\":[\"willowisp\",\"uturn\",\"morningsun\",\"closecombat\"],\"baseAbility\":\"protosynthesis\",\"item\":\"heavydutyboots\",\"pokeball\":\"pokeball\",\"ability\":\"protosynthesis\",\"commanding\":false,\"reviving\":false,\"teraType\":\"Fire\",\"terastallized\":\"\"},{\"ident\":\"p1: Basculegion\",\"details\":\"Basculegion-F, L83, F\",\"condition\":\"0 fnt\",\"active\":false,\"stats\":{\"atk\":200,\"def\":156,\"spa\":214,\"spd\":172,\"spe\":177},\"moves\":[\"shadowball\",\"icebeam\",\"flipturn\",\"hydropump\"],\"baseAbility\":\"adaptability\",\"item\":\"\",\"pokeball\":\"pokeball\",\"ability\":\"adaptability\",\"commanding\":false,\"reviving\":false,\"teraType\":\"Water\",\"terastallized\":\"\"},{\"ident\":\"p1: Toucannon\",\"details\":\"Toucannon, L88, M\",\"condition\":\"284/284\",\"active\":false,\"stats\":{\"atk\":261,\"def\":182,\"spa\":182,\"spd\":182,\"spe\":156},\"moves\":[\"beakblast\",\"roost\",\"bulletseed\",\"boomburst\"],\"baseAbility\":\"skilllink\",\"item\":\"heavydutyboots\",\"pokeball\":\"pokeball\",\"ability\":\"skilllink\",\"commanding\":false,\"reviving\":false,\"teraType\":\"Steel\",\"terastallized\":\"\"},{\"ident\":\"p1: Zamazenta\",\"details\":\"Zamazenta, L71\",\"condition\":\"0 fnt\",\"active\":false,\"stats\":{\"atk\":212,\"def\":205,\"spa\":155,\"spd\":205,\"spe\":237},\"moves\":[\"stoneedge\",\"substitute\",\"irondefense\",\"bodypress\"],\"baseAbility\":\"dauntlessshield\",\"item\":\"leftovers\",\"pokeball\":\"pokeball\",\"ability\":\"dauntlessshield\",\"commanding\":false,\"reviving\":false,\"teraType\":\"Fighting\",\"terastallized\":\"\"}]},\"noCancel\":true,\"rqid\":52}\n|inactive|Time left: 300 sec this turn | 300 sec total | 5 sec grace\n|\n|t:|1783391082\n|switch|p1a: Zebstrika|Zebstrika, L87, F|272/272\n|turn|18\n|request|{\"active\":[{\"moves\":[{\"move\":\"Overheat\",\"id\":\"overheat\",\"pp\":8,\"maxpp\":8,\"target\":\"normal\",\"disabled\":false},{\"move\":\"High Horsepower\",\"id\":\"highhorsepower\",\"pp\":16,\"maxpp\":16,\"target\":\"normal\",\"disabled\":false},{\"move\":\"Supercell Slam\",\"id\":\"supercellslam\",\"pp\":24,\"maxpp\":24,\"target\":\"normal\",\"disabled\":false},{\"move\":\"Volt Switch\",\"id\":\"voltswitch\",\"pp\":32,\"maxpp\":32,\"target\":\"normal\",\"disabled\":false}],\"canTerastallize\":\"Ground\"}],\"side\":{\"name\":\"p0x0124236\",\"id\":\"p1\",\"pokemon\":[{\"ident\":\"p1: Zebstrika\",\"details\":\"Zebstrika, L87, F\",\"condition\":\"272/272\",\"active\":true,\"stats\":{\"atk\":224,\"def\":159,\"spa\":189,\"spd\":159,\"spe\":252},\"moves\":[\"overheat\",\"highhorsepower\",\"supercellslam\",\"voltswitch\"],\"baseAbility\":\"sapsipper\",\"item\":\"lifeorb\",\"pokeball\":\"pokeball\",\"ability\":\"sapsipper\",\"commanding\":false,\"reviving\":false,\"teraType\":\"Ground\",\"terastallized\":\"\"},{\"ident\":\"p1: Ludicolo\",\"details\":\"Ludicolo, L90, M\",\"condition\":\"0 fnt\",\"active\":false,\"stats\":{\"atk\":131,\"def\":177,\"spa\":213,\"spd\":231,\"spe\":177},\"moves\":[\"hydropump\",\"gigadrain\",\"icebeam\",\"raindance\"],\"baseAbility\":\"swiftswim\",\"item\":\"\",\"pokeball\":\"pokeball\",\"ability\":\"swiftswim\",\"commanding\":false,\"reviving\":false,\"teraType\":\"Water\",\"terastallized\":\"\"},{\"ident\":\"p1: Slither Wing\",\"details\":\"Slither Wing, L81\",\"condition\":\"0 fnt\",\"active\":false,\"stats\":{\"atk\":265,\"def\":175,\"spa\":184,\"spd\":217,\"spe\":178},\"moves\":[\"willowisp\",\"uturn\",\"morningsun\",\"closecombat\"],\"baseAbility\":\"protosynthesis\",\"item\":\"heavydutyboots\",\"pokeball\":\"pokeball\",\"ability\":\"protosynthesis\",\"commanding\":false,\"reviving\":false,\"teraType\":\"Fire\",\"terastallized\":\"\"},{\"ident\":\"p1: Basculegion\",\"details\":\"Basculegion-F, L83, F\",\"condition\":\"0 fnt\",\"active\":false,\"stats\":{\"atk\":200,\"def\":156,\"spa\":214,\"spd\":172,\"spe\":177},\"moves\":[\"shadowball\",\"icebeam\",\"flipturn\",\"hydropump\"],\"baseAbility\":\"adaptability\",\"item\":\"\",\"pokeball\":\"pokeball\",\"ability\":\"adaptability\",\"commanding\":false,\"reviving\":false,\"teraType\":\"Water\",\"terastallized\":\"\"},{\"ident\":\"p1: Toucannon\",\"details\":\"Toucannon, L88, M\",\"condition\":\"284/284\",\"active\":false,\"stats\":{\"atk\":261,\"def\":182,\"spa\":182,\"spd\":182,\"spe\":156},\"moves\":[\"beakblast\",\"roost\",\"bulletseed\",\"boomburst\"],\"baseAbility\":\"skilllink\",\"item\":\"heavydutyboots\",\"pokeball\":\"pokeball\",\"ability\":\"skilllink\",\"commanding\":false,\"reviving\":false,\"teraType\":\"Steel\",\"terastallized\":\"\"},{\"ident\":\"p1: Zamazenta\",\"details\":\"Zamazenta, L71\",\"condition\":\"0 fnt\",\"active\":false,\"stats\":{\"atk\":212,\"def\":205,\"spa\":155,\"spd\":205,\"spe\":237},\"moves\":[\"stoneedge\",\"substitute\",\"irondefense\",\"bodypress\"],\"baseAbility\":\"dauntlessshield\",\"item\":\"leftovers\",\"pokeball\":\"pokeball\",\"ability\":\"dauntlessshield\",\"commanding\":false,\"reviving\":false,\"teraType\":\"Fighting\",\"terastallized\":\"\"}]},\"rqid\":54}\n|inactive|Time left: 300 sec this turn | 300 sec total\n|\n|t:|1783391082\n|-terastallize|p1a: Zebstrika|Ground\n|move|p1a: Zebstrika|High Horsepower|p2a: Cinderace\n|-supereffective|p2a: Cinderace\n|-damage|p2a: Cinderace|0 fnt\n|faint|p2a: Cinderace\n|-damage|p1a: Zebstrika|245/272|[from] item: Life Orb\n|\n|upkeep\n|request|{\"wait\":true,\"side\":{\"name\":\"p0x0124236\",\"id\":\"p1\",\"pokemon\":[{\"ident\":\"p1: Zebstrika\",\"details\":\"Zebstrika, L87, F\",\"condition\":\"245/272\",\"active\":true,\"stats\":{\"atk\":224,\"def\":159,\"spa\":189,\"spd\":159,\"spe\":252},\"moves\":[\"overheat\",\"highhorsepower\",\"supercellslam\",\"voltswitch\"],\"baseAbility\":\"sapsipper\",\"item\":\"lifeorb\",\"pokeball\":\"pokeball\",\"ability\":\"sapsipper\",\"commanding\":false,\"reviving\":false,\"teraType\":\"Ground\",\"terastallized\":\"Ground\"},{\"ident\":\"p1: Ludicolo\",\"details\":\"Ludicolo, L90, M\",\"condition\":\"0 fnt\",\"active\":false,\"stats\":{\"atk\":131,\"def\":177,\"spa\":213,\"spd\":231,\"spe\":177},\"moves\":[\"hydropump\",\"gigadrain\",\"icebeam\",\"raindance\"],\"baseAbility\":\"swiftswim\",\"item\":\"\",\"pokeball\":\"pokeball\",\"ability\":\"swiftswim\",\"commanding\":false,\"reviving\":false,\"teraType\":\"Water\",\"terastallized\":\"\"},{\"ident\":\"p1: Slither Wing\",\"details\":\"Slither Wing, L81\",\"condition\":\"0 fnt\",\"active\":false,\"stats\":{\"atk\":265,\"def\":175,\"spa\":184,\"spd\":217,\"spe\":178},\"moves\":[\"willowisp\",\"uturn\",\"morningsun\",\"closecombat\"],\"baseAbility\":\"protosynthesis\",\"item\":\"heavydutyboots\",\"pokeball\":\"pokeball\",\"ability\":\"protosynthesis\",\"commanding\":false,\"reviving\":false,\"teraType\":\"Fire\",\"terastallized\":\"\"},{\"ident\":\"p1: Basculegion\",\"details\":\"Basculegion-F, L83, F\",\"condition\":\"0 fnt\",\"active\":false,\"stats\":{\"atk\":200,\"def\":156,\"spa\":214,\"spd\":172,\"spe\":177},\"moves\":[\"shadowball\",\"icebeam\",\"flipturn\",\"hydropump\"],\"baseAbility\":\"adaptability\",\"item\":\"\",\"pokeball\":\"pokeball\",\"ability\":\"adaptability\",\"commanding\":false,\"reviving\":false,\"teraType\":\"Water\",\"terastallized\":\"\"},{\"ident\":\"p1: Toucannon\",\"details\":\"Toucannon, L88, M\",\"condition\":\"284/284\",\"active\":false,\"stats\":{\"atk\":261,\"def\":182,\"spa\":182,\"spd\":182,\"spe\":156},\"moves\":[\"beakblast\",\"roost\",\"bulletseed\",\"boomburst\"],\"baseAbility\":\"skilllink\",\"item\":\"heavydutyboots\",\"pokeball\":\"pokeball\",\"ability\":\"skilllink\",\"commanding\":false,\"reviving\":false,\"teraType\":\"Steel\",\"terastallized\":\"\"},{\"ident\":\"p1: Zamazenta\",\"details\":\"Zamazenta, L71\",\"condition\":\"0 fnt\",\"active\":false,\"stats\":{\"atk\":212,\"def\":205,\"spa\":155,\"spd\":205,\"spe\":237},\"moves\":[\"stoneedge\",\"substitute\",\"irondefense\",\"bodypress\"],\"baseAbility\":\"dauntlessshield\",\"item\":\"leftovers\",\"pokeball\":\"pokeball\",\"ability\":\"dauntlessshield\",\"commanding\":false,\"reviving\":false,\"teraType\":\"Fighting\",\"terastallized\":\"\"}]},\"rqid\":56}\n|\n|t:|1783391083\n|switch|p2a: Regirock|Regirock, L83|100/100\n|turn|19\n|request|{\"active\":[{\"moves\":[{\"move\":\"Overheat\",\"id\":\"overheat\",\"pp\":8,\"maxpp\":8,\"target\":\"normal\",\"disabled\":false},{\"move\":\"High Horsepower\",\"id\":\"highhorsepower\",\"pp\":15,\"maxpp\":16,\"target\":\"normal\",\"disabled\":false},{\"move\":\"Supercell Slam\",\"id\":\"supercellslam\",\"pp\":24,\"maxpp\":24,\"target\":\"normal\",\"disabled\":false},{\"move\":\"Volt Switch\",\"id\":\"voltswitch\",\"pp\":32,\"maxpp\":32,\"target\":\"normal\",\"disabled\":false}]}],\"side\":{\"name\":\"p0x0124236\",\"id\":\"p1\",\"pokemon\":[{\"ident\":\"p1: Zebstrika\",\"details\":\"Zebstrika, L87, F\",\"condition\":\"245/272\",\"active\":true,\"stats\":{\"atk\":224,\"def\":159,\"spa\":189,\"spd\":159,\"spe\":252},\"moves\":[\"overheat\",\"highhorsepower\",\"supercellslam\",\"voltswitch\"],\"baseAbility\":\"sapsipper\",\"item\":\"lifeorb\",\"pokeball\":\"pokeball\",\"ability\":\"sapsipper\",\"commanding\":false,\"reviving\":false,\"teraType\":\"Ground\",\"terastallized\":\"Ground\"},{\"ident\":\"p1: Ludicolo\",\"details\":\"Ludicolo, L90, M\",\"condition\":\"0 fnt\",\"active\":false,\"stats\":{\"atk\":131,\"def\":177,\"spa\":213,\"spd\":231,\"spe\":177},\"moves\":[\"hydropump\",\"gigadrain\",\"icebeam\",\"raindance\"],\"baseAbility\":\"swiftswim\",\"item\":\"\",\"pokeball\":\"pokeball\",\"ability\":\"swiftswim\",\"commanding\":false,\"reviving\":false,\"teraType\":\"Water\",\"terastallized\":\"\"},{\"ident\":\"p1: Slither Wing\",\"details\":\"Slither Wing, L81\",\"condition\":\"0 fnt\",\"active\":false,\"stats\":{\"atk\":265,\"def\":175,\"spa\":184,\"spd\":217,\"spe\":178},\"moves\":[\"willowisp\",\"uturn\",\"morningsun\",\"closecombat\"],\"baseAbility\":\"protosynthesis\",\"item\":\"heavydutyboots\",\"pokeball\":\"pokeball\",\"ability\":\"protosynthesis\",\"commanding\":false,\"reviving\":false,\"teraType\":\"Fire\",\"terastallized\":\"\"},{\"ident\":\"p1: Basculegion\",\"details\":\"Basculegion-F, L83, F\",\"condition\":\"0 fnt\",\"active\":false,\"stats\":{\"atk\":200,\"def\":156,\"spa\":214,\"spd\":172,\"spe\":177},\"moves\":[\"shadowball\",\"icebeam\",\"flipturn\",\"hydropump\"],\"baseAbility\":\"adaptability\",\"item\":\"\",\"pokeball\":\"pokeball\",\"ability\":\"adaptability\",\"commanding\":false,\"reviving\":false,\"teraType\":\"Water\",\"terastallized\":\"\"},{\"ident\":\"p1: Toucannon\",\"details\":\"Toucannon, L88, M\",\"condition\":\"284/284\",\"active\":false,\"stats\":{\"atk\":261,\"def\":182,\"spa\":182,\"spd\":182,\"spe\":156},\"moves\":[\"beakblast\",\"roost\",\"bulletseed\",\"boomburst\"],\"baseAbility\":\"skilllink\",\"item\":\"heavydutyboots\",\"pokeball\":\"pokeball\",\"ability\":\"skilllink\",\"commanding\":false,\"reviving\":false,\"teraType\":\"Steel\",\"terastallized\":\"\"},{\"ident\":\"p1: Zamazenta\",\"details\":\"Zamazenta, L71\",\"condition\":\"0 fnt\",\"active\":false,\"stats\":{\"atk\":212,\"def\":205,\"spa\":155,\"spd\":205,\"spe\":237},\"moves\":[\"stoneedge\",\"substitute\",\"irondefense\",\"bodypress\"],\"baseAbility\":\"dauntlessshield\",\"item\":\"leftovers\",\"pokeball\":\"pokeball\",\"ability\":\"dauntlessshield\",\"commanding\":false,\"reviving\":false,\"teraType\":\"Fighting\",\"terastallized\":\"\"}]},\"rqid\":58}\n|inactive|Time left: 300 sec this turn | 300 sec total\n|\n|t:|1783391083\n|move|p1a: Zebstrika|High Horsepower|p2a: Regirock\n|-supereffective|p2a: Regirock\n|-damage|p2a: Regirock|47/100\n|-damage|p1a: Zebstrika|218/272|[from] item: Life Orb\n|move|p2a: Regirock|Curse|p2a: Regirock\n|-unboost|p2a: Regirock|spe|1\n|-boost|p2a: Regirock|atk|1\n|-boost|p2a: Regirock|def|1\n|\n|upkeep\n|turn|20\n|request|{\"active\":[{\"moves\":[{\"move\":\"Overheat\",\"id\":\"overheat\",\"pp\":8,\"maxpp\":8,\"target\":\"normal\",\"disabled\":false},{\"move\":\"High Horsepower\",\"id\":\"highhorsepower\",\"pp\":14,\"maxpp\":16,\"target\":\"normal\",\"disabled\":false},{\"move\":\"Supercell Slam\",\"id\":\"supercellslam\",\"pp\":24,\"maxpp\":24,\"target\":\"normal\",\"disabled\":false},{\"move\":\"Volt Switch\",\"id\":\"voltswitch\",\"pp\":32,\"maxpp\":32,\"target\":\"normal\",\"disabled\":false}]}],\"side\":{\"name\":\"p0x0124236\",\"id\":\"p1\",\"pokemon\":[{\"ident\":\"p1: Zebstrika\",\"details\":\"Zebstrika, L87, F\",\"condition\":\"218/272\",\"active\":true,\"stats\":{\"atk\":224,\"def\":159,\"spa\":189,\"spd\":159,\"spe\":252},\"moves\":[\"overheat\",\"highhorsepower\",\"supercellslam\",\"voltswitch\"],\"baseAbility\":\"sapsipper\",\"item\":\"lifeorb\",\"pokeball\":\"pokeball\",\"ability\":\"sapsipper\",\"commanding\":false,\"reviving\":false,\"teraType\":\"Ground\",\"terastallized\":\"Ground\"},{\"ident\":\"p1: Ludicolo\",\"details\":\"Ludicolo, L90, M\",\"condition\":\"0 fnt\",\"active\":false,\"stats\":{\"atk\":131,\"def\":177,\"spa\":213,\"spd\":231,\"spe\":177},\"moves\":[\"hydropump\",\"gigadrain\",\"icebeam\",\"raindance\"],\"baseAbility\":\"swiftswim\",\"item\":\"\",\"pokeball\":\"pokeball\",\"ability\":\"swiftswim\",\"commanding\":false,\"reviving\":false,\"teraType\":\"Water\",\"terastallized\":\"\"},{\"ident\":\"p1: Slither Wing\",\"details\":\"Slither Wing, L81\",\"condition\":\"0 fnt\",\"active\":false,\"stats\":{\"atk\":265,\"def\":175,\"spa\":184,\"spd\":217,\"spe\":178},\"moves\":[\"willowisp\",\"uturn\",\"morningsun\",\"closecombat\"],\"baseAbility\":\"protosynthesis\",\"item\":\"heavydutyboots\",\"pokeball\":\"pokeball\",\"ability\":\"protosynthesis\",\"commanding\":false,\"reviving\":false,\"teraType\":\"Fire\",\"terastallized\":\"\"},{\"ident\":\"p1: Basculegion\",\"details\":\"Basculegion-F, L83, F\",\"condition\":\"0 fnt\",\"active\":false,\"stats\":{\"atk\":200,\"def\":156,\"spa\":214,\"spd\":172,\"spe\":177},\"moves\":[\"shadowball\",\"icebeam\",\"flipturn\",\"hydropump\"],\"baseAbility\":\"adaptability\",\"item\":\"\",\"pokeball\":\"pokeball\",\"ability\":\"adaptability\",\"commanding\":false,\"reviving\":false,\"teraType\":\"Water\",\"terastallized\":\"\"},{\"ident\":\"p1: Toucannon\",\"details\":\"Toucannon, L88, M\",\"condition\":\"284/284\",\"active\":false,\"stats\":{\"atk\":261,\"def\":182,\"spa\":182,\"spd\":182,\"spe\":156},\"moves\":[\"beakblast\",\"roost\",\"bulletseed\",\"boomburst\"],\"baseAbility\":\"skilllink\",\"item\":\"heavydutyboots\",\"pokeball\":\"pokeball\",\"ability\":\"skilllink\",\"commanding\":false,\"reviving\":false,\"teraType\":\"Steel\",\"terastallized\":\"\"},{\"ident\":\"p1: Zamazenta\",\"details\":\"Zamazenta, L71\",\"condition\":\"0 fnt\",\"active\":false,\"stats\":{\"atk\":212,\"def\":205,\"spa\":155,\"spd\":205,\"spe\":237},\"moves\":[\"stoneedge\",\"substitute\",\"irondefense\",\"bodypress\"],\"baseAbility\":\"dauntlessshield\",\"item\":\"leftovers\",\"pokeball\":\"pokeball\",\"ability\":\"dauntlessshield\",\"commanding\":false,\"reviving\":false,\"teraType\":\"Fighting\",\"terastallized\":\"\"}]},\"rqid\":60}\n|inactive|Time left: 300 sec this turn | 300 sec total\n|\n|t:|1783391083\n|move|p1a: Zebstrika|High Horsepower|p2a: Regirock\n|-supereffective|p2a: Regirock\n|-damage|p2a: Regirock|9/100\n|-damage|p1a: Zebstrika|191/272|[from] item: Life Orb\n|move|p2a: Regirock|Rest|p2a: Regirock\n|-status|p2a: Regirock|slp|[from] move: Rest\n|-heal|p2a: Regirock|100/100 slp|[silent]\n|-enditem|p2a: Regirock|Chesto Berry|[eat]\n|-curestatus|p2a: Regirock|slp|[msg]\n|\n|upkeep\n|turn|21\n|request|{\"active\":[{\"moves\":[{\"move\":\"Overheat\",\"id\":\"overheat\",\"pp\":8,\"maxpp\":8,\"target\":\"normal\",\"disabled\":false},{\"move\":\"High Horsepower\",\"id\":\"highhorsepower\",\"pp\":13,\"maxpp\":16,\"target\":\"normal\",\"disabled\":false},{\"move\":\"Supercell Slam\",\"id\":\"supercellslam\",\"pp\":24,\"maxpp\":24,\"target\":\"normal\",\"disabled\":false},{\"move\":\"Volt Switch\",\"id\":\"voltswitch\",\"pp\":32,\"maxpp\":32,\"target\":\"normal\",\"disabled\":false}]}],\"side\":{\"name\":\"p0x0124236\",\"id\":\"p1\",\"pokemon\":[{\"ident\":\"p1: Zebstrika\",\"details\":\"Zebstrika, L87, F\",\"condition\":\"191/272\",\"active\":true,\"stats\":{\"atk\":224,\"def\":159,\"spa\":189,\"spd\":159,\"spe\":252},\"moves\":[\"overheat\",\"highhorsepower\",\"supercellslam\",\"voltswitch\"],\"baseAbility\":\"sapsipper\",\"item\":\"lifeorb\",\"pokeball\":\"pokeball\",\"ability\":\"sapsipper\",\"commanding\":false,\"reviving\":false,\"teraType\":\"Ground\",\"terastallized\":\"Ground\"},{\"ident\":\"p1: Ludicolo\",\"details\":\"Ludicolo, L90, M\",\"condition\":\"0 fnt\",\"active\":false,\"stats\":{\"atk\":131,\"def\":177,\"spa\":213,\"spd\":231,\"spe\":177},\"moves\":[\"hydropump\",\"gigadrain\",\"icebeam\",\"raindance\"],\"baseAbility\":\"swiftswim\",\"item\":\"\",\"pokeball\":\"pokeball\",\"ability\":\"swiftswim\",\"commanding\":false,\"reviving\":false,\"teraType\":\"Water\",\"terastallized\":\"\"},{\"ident\":\"p1: Slither Wing\",\"details\":\"Slither Wing, L81\",\"condition\":\"0 fnt\",\"active\":false,\"stats\":{\"atk\":265,\"def\":175,\"spa\":184,\"spd\":217,\"spe\":178},\"moves\":[\"willowisp\",\"uturn\",\"morningsun\",\"closecombat\"],\"baseAbility\":\"protosynthesis\",\"item\":\"heavydutyboots\",\"pokeball\":\"pokeball\",\"ability\":\"protosynthesis\",\"commanding\":false,\"reviving\":false,\"teraType\":\"Fire\",\"terastallized\":\"\"},{\"ident\":\"p1: Basculegion\",\"details\":\"Basculegion-F, L83, F\",\"condition\":\"0 fnt\",\"active\":false,\"stats\":{\"atk\":200,\"def\":156,\"spa\":214,\"spd\":172,\"spe\":177},\"moves\":[\"shadowball\",\"icebeam\",\"flipturn\",\"hydropump\"],\"baseAbility\":\"adaptability\",\"item\":\"\",\"pokeball\":\"pokeball\",\"ability\":\"adaptability\",\"commanding\":false,\"reviving\":false,\"teraType\":\"Water\",\"terastallized\":\"\"},{\"ident\":\"p1: Toucannon\",\"details\":\"Toucannon, L88, M\",\"condition\":\"284/284\",\"active\":false,\"stats\":{\"atk\":261,\"def\":182,\"spa\":182,\"spd\":182,\"spe\":156},\"moves\":[\"beakblast\",\"roost\",\"bulletseed\",\"boomburst\"],\"baseAbility\":\"skilllink\",\"item\":\"heavydutyboots\",\"pokeball\":\"pokeball\",\"ability\":\"skilllink\",\"commanding\":false,\"reviving\":false,\"teraType\":\"Steel\",\"terastallized\":\"\"},{\"ident\":\"p1: Zamazenta\",\"details\":\"Zamazenta, L71\",\"condition\":\"0 fnt\",\"active\":false,\"stats\":{\"atk\":212,\"def\":205,\"spa\":155,\"spd\":205,\"spe\":237},\"moves\":[\"stoneedge\",\"substitute\",\"irondefense\",\"bodypress\"],\"baseAbility\":\"dauntlessshield\",\"item\":\"leftovers\",\"pokeball\":\"pokeball\",\"ability\":\"dauntlessshield\",\"commanding\":false,\"reviving\":false,\"teraType\":\"Fighting\",\"terastallized\":\"\"}]},\"rqid\":62}\n|inactive|Time left: 300 sec this turn | 300 sec total\n|\n|t:|1783391083\n|move|p1a: Zebstrika|High Horsepower|p2a: Regirock\n|-supereffective|p2a: Regirock\n|-damage|p2a: Regirock|65/100\n|-damage|p1a: Zebstrika|164/272|[from] item: Life Orb\n|move|p2a: Regirock|Body Press|p1a: Zebstrika\n|-damage|p1a: Zebstrika|0 fnt\n|faint|p1a: Zebstrika\n|\n|upkeep\n|request|{\"forceSwitch\":[true],\"side\":{\"name\":\"p0x0124236\",\"id\":\"p1\",\"pokemon\":[{\"ident\":\"p1: Zebstrika\",\"details\":\"Zebstrika, L87, F\",\"condition\":\"0 fnt\",\"active\":true,\"stats\":{\"atk\":224,\"def\":159,\"spa\":189,\"spd\":159,\"spe\":252},\"moves\":[\"overheat\",\"highhorsepower\",\"supercellslam\",\"voltswitch\"],\"baseAbility\":\"sapsipper\",\"item\":\"lifeorb\",\"pokeball\":\"pokeball\",\"ability\":\"sapsipper\",\"commanding\":false,\"reviving\":false,\"teraType\":\"Ground\",\"terastallized\":\"\"},{\"ident\":\"p1: Ludicolo\",\"details\":\"Ludicolo, L90, M\",\"condition\":\"0 fnt\",\"active\":false,\"stats\":{\"atk\":131,\"def\":177,\"spa\":213,\"spd\":231,\"spe\":177},\"moves\":[\"hydropump\",\"gigadrain\",\"icebeam\",\"raindance\"],\"baseAbility\":\"swiftswim\",\"item\":\"\",\"pokeball\":\"pokeball\",\"ability\":\"swiftswim\",\"commanding\":false,\"reviving\":false,\"teraType\":\"Water\",\"terastallized\":\"\"},{\"ident\":\"p1: Slither Wing\",\"details\":\"Slither Wing, L81\",\"condition\":\"0 fnt\",\"active\":false,\"stats\":{\"atk\":265,\"def\":175,\"spa\":184,\"spd\":217,\"spe\":178},\"moves\":[\"willowisp\",\"uturn\",\"morningsun\",\"closecombat\"],\"baseAbility\":\"protosynthesis\",\"item\":\"heavydutyboots\",\"pokeball\":\"pokeball\",\"ability\":\"protosynthesis\",\"commanding\":false,\"reviving\":false,\"teraType\":\"Fire\",\"terastallized\":\"\"},{\"ident\":\"p1: Basculegion\",\"details\":\"Basculegion-F, L83, F\",\"condition\":\"0 fnt\",\"active\":false,\"stats\":{\"atk\":200,\"def\":156,\"spa\":214,\"spd\":172,\"spe\":177},\"moves\":[\"shadowball\",\"icebeam\",\"flipturn\",\"hydropump\"],\"baseAbility\":\"adaptability\",\"item\":\"\",\"pokeball\":\"pokeball\",\"ability\":\"adaptability\",\"commanding\":false,\"reviving\":false,\"teraType\":\"Water\",\"terastallized\":\"\"},{\"ident\":\"p1: Toucannon\",\"details\":\"Toucannon, L88, M\",\"condition\":\"284/284\",\"active\":false,\"stats\":{\"atk\":261,\"def\":182,\"spa\":182,\"spd\":182,\"spe\":156},\"moves\":[\"beakblast\",\"roost\",\"bulletseed\",\"boomburst\"],\"baseAbility\":\"skilllink\",\"item\":\"heavydutyboots\",\"pokeball\":\"pokeball\",\"ability\":\"skilllink\",\"commanding\":false,\"reviving\":false,\"teraType\":\"Steel\",\"terastallized\":\"\"},{\"ident\":\"p1: Zamazenta\",\"details\":\"Zamazenta, L71\",\"condition\":\"0 fnt\",\"active\":false,\"stats\":{\"atk\":212,\"def\":205,\"spa\":155,\"spd\":205,\"spe\":237},\"moves\":[\"stoneedge\",\"substitute\",\"irondefense\",\"bodypress\"],\"baseAbility\":\"dauntlessshield\",\"item\":\"leftovers\",\"pokeball\":\"pokeball\",\"ability\":\"dauntlessshield\",\"commanding\":false,\"reviving\":false,\"teraType\":\"Fighting\",\"terastallized\":\"\"}]},\"noCancel\":true,\"rqid\":64}\n|inactive|Time left: 300 sec this turn | 300 sec total | 5 sec grace\n|\n|t:|1783391084\n|switch|p1a: Toucannon|Toucannon, L88, M|284/284\n|turn|22\n|request|{\"active\":[{\"moves\":[{\"move\":\"Beak Blast\",\"id\":\"beakblast\",\"pp\":24,\"maxpp\":24,\"target\":\"normal\",\"disabled\":false},{\"move\":\"Roost\",\"id\":\"roost\",\"pp\":8,\"maxpp\":8,\"target\":\"self\",\"disabled\":false},{\"move\":\"Bullet Seed\",\"id\":\"bulletseed\",\"pp\":48,\"maxpp\":48,\"target\":\"normal\",\"disabled\":false},{\"move\":\"Boomburst\",\"id\":\"boomburst\",\"pp\":16,\"maxpp\":16,\"target\":\"allAdjacent\",\"disabled\":false}]}],\"side\":{\"name\":\"p0x0124236\",\"id\":\"p1\",\"pokemon\":[{\"ident\":\"p1: Toucannon\",\"details\":\"Toucannon, L88, M\",\"condition\":\"284/284\",\"active\":true,\"stats\":{\"atk\":261,\"def\":182,\"spa\":182,\"spd\":182,\"spe\":156},\"moves\":[\"beakblast\",\"roost\",\"bulletseed\",\"boomburst\"],\"baseAbility\":\"skilllink\",\"item\":\"heavydutyboots\",\"pokeball\":\"pokeball\",\"ability\":\"skilllink\",\"commanding\":false,\"reviving\":false,\"teraType\":\"Steel\",\"terastallized\":\"\"},{\"ident\":\"p1: Ludicolo\",\"details\":\"Ludicolo, L90, M\",\"condition\":\"0 fnt\",\"active\":false,\"stats\":{\"atk\":131,\"def\":177,\"spa\":213,\"spd\":231,\"spe\":177},\"moves\":[\"hydropump\",\"gigadrain\",\"icebeam\",\"raindance\"],\"baseAbility\":\"swiftswim\",\"item\":\"\",\"pokeball\":\"pokeball\",\"ability\":\"swiftswim\",\"commanding\":false,\"reviving\":false,\"teraType\":\"Water\",\"terastallized\":\"\"},{\"ident\":\"p1: Slither Wing\",\"details\":\"Slither Wing, L81\",\"condition\":\"0 fnt\",\"active\":false,\"stats\":{\"atk\":265,\"def\":175,\"spa\":184,\"spd\":217,\"spe\":178},\"moves\":[\"willowisp\",\"uturn\",\"morningsun\",\"closecombat\"],\"baseAbility\":\"protosynthesis\",\"item\":\"heavydutyboots\",\"pokeball\":\"pokeball\",\"ability\":\"protosynthesis\",\"commanding\":false,\"reviving\":false,\"teraType\":\"Fire\",\"terastallized\":\"\"},{\"ident\":\"p1: Basculegion\",\"details\":\"Basculegion-F, L83, F\",\"condition\":\"0 fnt\",\"active\":false,\"stats\":{\"atk\":200,\"def\":156,\"spa\":214,\"spd\":172,\"spe\":177},\"moves\":[\"shadowball\",\"icebeam\",\"flipturn\",\"hydropump\"],\"baseAbility\":\"adaptability\",\"item\":\"\",\"pokeball\":\"pokeball\",\"ability\":\"adaptability\",\"commanding\":false,\"reviving\":false,\"teraType\":\"Water\",\"terastallized\":\"\"},{\"ident\":\"p1: Zebstrika\",\"details\":\"Zebstrika, L87, F\",\"condition\":\"0 fnt\",\"active\":false,\"stats\":{\"atk\":224,\"def\":159,\"spa\":189,\"spd\":159,\"spe\":252},\"moves\":[\"overheat\",\"highhorsepower\",\"supercellslam\",\"voltswitch\"],\"baseAbility\":\"sapsipper\",\"item\":\"lifeorb\",\"pokeball\":\"pokeball\",\"ability\":\"sapsipper\",\"commanding\":false,\"reviving\":false,\"teraType\":\"Ground\",\"terastallized\":\"\"},{\"ident\":\"p1: Zamazenta\",\"details\":\"Zamazenta, L71\",\"condition\":\"0 fnt\",\"active\":false,\"stats\":{\"atk\":212,\"def\":205,\"spa\":155,\"spd\":205,\"spe\":237},\"moves\":[\"stoneedge\",\"substitute\",\"irondefense\",\"bodypress\"],\"baseAbility\":\"dauntlessshield\",\"item\":\"leftovers\",\"pokeball\":\"pokeball\",\"ability\":\"dauntlessshield\",\"commanding\":false,\"reviving\":false,\"teraType\":\"Fighting\",\"terastallized\":\"\"}]},\"rqid\":66}\n|inactive|Time left: 300 sec this turn | 300 sec total\n|\n|t:|1783391084\n|move|p1a: Toucannon|Bullet Seed|p2a: Regirock\n|-supereffective|p2a: Regirock\n|-damage|p2a: Regirock|59/100\n|-supereffective|p2a: Regirock\n|-damage|p2a: Regirock|53/100\n|-supereffective|p2a: Regirock\n|-damage|p2a: Regirock|46/100\n|-supereffective|p2a: Regirock\n|-damage|p2a: Regirock|39/100\n|-supereffective|p2a: Regirock\n|-damage|p2a: Regirock|33/100\n|-hitcount|p2a: Regirock|5\n|move|p2a: Regirock|Body Press|p1a: Toucannon\n|-damage|p1a: Toucannon|125/284\n|\n|upkeep\n|turn|23\n|request|{\"active\":[{\"moves\":[{\"move\":\"Beak Blast\",\"id\":\"beakblast\",\"pp\":24,\"maxpp\":24,\"target\":\"normal\",\"disabled\":false},{\"move\":\"Roost\",\"id\":\"roost\",\"pp\":8,\"maxpp\":8,\"target\":\"self\",\"disabled\":false},{\"move\":\"Bullet Seed\",\"id\":\"bulletseed\",\"pp\":47,\"maxpp\":48,\"target\":\"normal\",\"disabled\":false},{\"move\":\"Boomburst\",\"id\":\"boomburst\",\"pp\":16,\"maxpp\":16,\"target\":\"allAdjacent\",\"disabled\":false}]}],\"side\":{\"name\":\"p0x0124236\",\"id\":\"p1\",\"pokemon\":[{\"ident\":\"p1: Toucannon\",\"details\":\"Toucannon, L88, M\",\"condition\":\"125/284\",\"active\":true,\"stats\":{\"atk\":261,\"def\":182,\"spa\":182,\"spd\":182,\"spe\":156},\"moves\":[\"beakblast\",\"roost\",\"bulletseed\",\"boomburst\"],\"baseAbility\":\"skilllink\",\"item\":\"heavydutyboots\",\"pokeball\":\"pokeball\",\"ability\":\"skilllink\",\"commanding\":false,\"reviving\":false,\"teraType\":\"Steel\",\"terastallized\":\"\"},{\"ident\":\"p1: Ludicolo\",\"details\":\"Ludicolo, L90, M\",\"condition\":\"0 fnt\",\"active\":false,\"stats\":{\"atk\":131,\"def\":177,\"spa\":213,\"spd\":231,\"spe\":177},\"moves\":[\"hydropump\",\"gigadrain\",\"icebeam\",\"raindance\"],\"baseAbility\":\"swiftswim\",\"item\":\"\",\"pokeball\":\"pokeball\",\"ability\":\"swiftswim\",\"commanding\":false,\"reviving\":false,\"teraType\":\"Water\",\"terastallized\":\"\"},{\"ident\":\"p1: Slither Wing\",\"details\":\"Slither Wing, L81\",\"condition\":\"0 fnt\",\"active\":false,\"stats\":{\"atk\":265,\"def\":175,\"spa\":184,\"spd\":217,\"spe\":178},\"moves\":[\"willowisp\",\"uturn\",\"morningsun\",\"closecombat\"],\"baseAbility\":\"protosynthesis\",\"item\":\"heavydutyboots\",\"pokeball\":\"pokeball\",\"ability\":\"protosynthesis\",\"commanding\":false,\"reviving\":false,\"teraType\":\"Fire\",\"terastallized\":\"\"},{\"ident\":\"p1: Basculegion\",\"details\":\"Basculegion-F, L83, F\",\"condition\":\"0 fnt\",\"active\":false,\"stats\":{\"atk\":200,\"def\":156,\"spa\":214,\"spd\":172,\"spe\":177},\"moves\":[\"shadowball\",\"icebeam\",\"flipturn\",\"hydropump\"],\"baseAbility\":\"adaptability\",\"item\":\"\",\"pokeball\":\"pokeball\",\"ability\":\"adaptability\",\"commanding\":false,\"reviving\":false,\"teraType\":\"Water\",\"terastallized\":\"\"},{\"ident\":\"p1: Zebstrika\",\"details\":\"Zebstrika, L87, F\",\"condition\":\"0 fnt\",\"active\":false,\"stats\":{\"atk\":224,\"def\":159,\"spa\":189,\"spd\":159,\"spe\":252},\"moves\":[\"overheat\",\"highhorsepower\",\"supercellslam\",\"voltswitch\"],\"baseAbility\":\"sapsipper\",\"item\":\"lifeorb\",\"pokeball\":\"pokeball\",\"ability\":\"sapsipper\",\"commanding\":false,\"reviving\":false,\"teraType\":\"Ground\",\"terastallized\":\"\"},{\"ident\":\"p1: Zamazenta\",\"details\":\"Zamazenta, L71\",\"condition\":\"0 fnt\",\"active\":false,\"stats\":{\"atk\":212,\"def\":205,\"spa\":155,\"spd\":205,\"spe\":237},\"moves\":[\"stoneedge\",\"substitute\",\"irondefense\",\"bodypress\"],\"baseAbility\":\"dauntlessshield\",\"item\":\"leftovers\",\"pokeball\":\"pokeball\",\"ability\":\"dauntlessshield\",\"commanding\":false,\"reviving\":false,\"teraType\":\"Fighting\",\"terastallized\":\"\"}]},\"rqid\":68}\n|inactive|Time left: 300 sec this turn | 300 sec total\n|\n|t:|1783391084\n|move|p1a: Toucannon|Bullet Seed|p2a: Regirock\n|-supereffective|p2a: Regirock\n|-damage|p2a: Regirock|26/100\n|-supereffective|p2a: Regirock\n|-damage|p2a: Regirock|19/100\n|-supereffective|p2a: Regirock\n|-damage|p2a: Regirock|12/100\n|-supereffective|p2a: Regirock\n|-damage|p2a: Regirock|6/100\n|-supereffective|p2a: Regirock\n|-damage|p2a: Regirock|0 fnt\n|faint|p2a: Regirock\n|-hitcount|p2: Regirock|5\n|\n|win|p0x0124236", "uploadtime": 1783391084, "views": 0, "rating": 0, "private": 0, "password": null, "_winner": "p0x0124236", "_our_name": "p0x0124236"}