{"id": "battle-gen9randombattle-201", "formatid": "gen9randombattle", "format": "[Gen 9] Random Battle", "players": ["p0x001a446", "p0y001a265"], "log": "|init|battle\n|title|p0x001a446 vs. p0y001a265\n|j|\u2606p0x001a446\n|j|\u2606p0y001a265\n|t:|1783390609\n|gametype|singles\n|player|p1|p0x001a446|266|\n|player|p2|p0y001a265|1|\n|gen|9\n|tier|[Gen 9] Random Battle\n|rule|Species Clause: Limit one of each Pok\u00e9mon\n|rule|HP Percentage Mod: HP is shown in percentages\n|rule|Sleep Clause Mod: Limit one foe put to sleep\n|rule|Illusion Level Mod: Illusion disguises the Pok\u00e9mon's true level\n|\n|t:|1783390609\n|teamsize|p1|6\n|teamsize|p2|6\n|start\n|switch|p1a: Gogoat|Gogoat, L88, F|100/100\n|switch|p2a: Ting-Lu|Ting-Lu, L78|370/370\n|-ability|p2a: Ting-Lu|Vessel of Ruin\n|turn|1\n|request|{\"active\":[{\"moves\":[{\"move\":\"Stealth Rock\",\"id\":\"stealthrock\",\"pp\":32,\"maxpp\":32,\"target\":\"foeSide\",\"disabled\":false},{\"move\":\"Earthquake\",\"id\":\"earthquake\",\"pp\":16,\"maxpp\":16,\"target\":\"allAdjacent\",\"disabled\":false},{\"move\":\"Payback\",\"id\":\"payback\",\"pp\":16,\"maxpp\":16,\"target\":\"normal\",\"disabled\":false},{\"move\":\"Heavy Slam\",\"id\":\"heavyslam\",\"pp\":16,\"maxpp\":16,\"target\":\"normal\",\"disabled\":false}],\"canTerastallize\":\"Ghost\"}],\"side\":{\"name\":\"p0y001a265\",\"id\":\"p2\",\"pokemon\":[{\"ident\":\"p2: Ting-Lu\",\"details\":\"Ting-Lu, L78\",\"condition\":\"370/370\",\"active\":true,\"stats\":{\"atk\":217,\"def\":240,\"spa\":131,\"spd\":170,\"spe\":115},\"moves\":[\"stealthrock\",\"earthquake\",\"payback\",\"heavyslam\"],\"baseAbility\":\"vesselofruin\",\"item\":\"leftovers\",\"pokeball\":\"pokeball\",\"ability\":\"vesselofruin\",\"commanding\":false,\"reviving\":false,\"teraType\":\"Ghost\",\"terastallized\":\"\"},{\"ident\":\"p2: Brambleghast\",\"details\":\"Brambleghast, L88, F\",\"condition\":\"240/240\",\"active\":false,\"stats\":{\"atk\":253,\"def\":173,\"spa\":191,\"spd\":173,\"spe\":209},\"moves\":[\"poltergeist\",\"strengthsap\",\"rapidspin\",\"powerwhip\"],\"baseAbility\":\"windrider\",\"item\":\"heavydutyboots\",\"pokeball\":\"pokeball\",\"ability\":\"windrider\",\"commanding\":false,\"reviving\":false,\"teraType\":\"Water\",\"terastallized\":\"\"},{\"ident\":\"p2: Forretress\",\"details\":\"Forretress, L84, M\",\"condition\":\"263/263\",\"active\":false,\"stats\":{\"atk\":199,\"def\":283,\"spa\":149,\"spd\":149,\"spe\":115},\"moves\":[\"ironhead\",\"bodypress\",\"spikes\",\"rapidspin\"],\"baseAbility\":\"sturdy\",\"item\":\"leftovers\",\"pokeball\":\"pokeball\",\"ability\":\"sturdy\",\"commanding\":false,\"reviving\":false,\"teraType\":\"Fighting\",\"terastallized\":\"\"},{\"ident\":\"p2: Dipplin\",\"details\":\"Dipplin, L88, F\",\"condition\":\"284/284\",\"active\":false,\"stats\":{\"atk\":191,\"def\":244,\"spa\":217,\"spd\":191,\"spe\":121},\"moves\":[\"suckerpunch\",\"gigadrain\",\"dragonpulse\",\"recover\"],\"baseAbility\":\"stickyhold\",\"item\":\"eviolite\",\"pokeball\":\"pokeball\",\"ability\":\"stickyhold\",\"commanding\":false,\"reviving\":false,\"teraType\":\"Steel\",\"terastallized\":\"\"},{\"ident\":\"p2: Araquanid\",\"details\":\"Araquanid, L82, F\",\"condition\":\"246/246\",\"active\":false,\"stats\":{\"atk\":162,\"def\":198,\"spa\":129,\"spd\":264,\"spe\":116},\"moves\":[\"leechlife\",\"stickyweb\",\"hydropump\",\"liquidation\"],\"baseAbility\":\"waterbubble\",\"item\":\"heavydutyboots\",\"pokeball\":\"pokeball\",\"ability\":\"waterbubble\",\"commanding\":false,\"reviving\":false,\"teraType\":\"Water\",\"terastallized\":\"\"},{\"ident\":\"p2: Magcargo\",\"details\":\"Magcargo, L95, F\",\"condition\":\"268/268\",\"active\":false,\"stats\":{\"atk\":100,\"def\":282,\"spa\":225,\"spd\":206,\"spe\":111},\"moves\":[\"earthpower\",\"fireblast\",\"shellsmash\",\"powergem\"],\"baseAbility\":\"weakarmor\",\"item\":\"heavydutyboots\",\"pokeball\":\"pokeball\",\"ability\":\"weakarmor\",\"commanding\":false,\"reviving\":false,\"teraType\":\"Dragon\",\"terastallized\":\"\"}]},\"rqid\":3}\n|inactive|Battle timer is ON: inactive players will automatically lose when time's up. (requested by p0x001a446)\n|inactive|Time left: 300 sec this turn | 300 sec total | 60 sec grace\n|html|<div class=\"message-error\">You must be registered to chat in temporary rooms (like battles).</div>You may register in the <button name=\"openOptions\"><i class=\"fa fa-cog\"></i> Options</button> menu.\n|inactive|p0y001a265 also wants the timer to be on.\n|\n|t:|1783390610\n|move|p1a: Gogoat|Bulk Up|p1a: Gogoat\n|-boost|p1a: Gogoat|atk|1\n|-boost|p1a: Gogoat|def|1\n|move|p2a: Ting-Lu|Stealth Rock|p1a: Gogoat\n|-sidestart|p1: p0x001a446|move: Stealth Rock\n|\n|upkeep\n|turn|2\n|request|{\"active\":[{\"moves\":[{\"move\":\"Stealth Rock\",\"id\":\"stealthrock\",\"pp\":31,\"maxpp\":32,\"target\":\"foeSide\",\"disabled\":false},{\"move\":\"Earthquake\",\"id\":\"earthquake\",\"pp\":16,\"maxpp\":16,\"target\":\"allAdjacent\",\"disabled\":false},{\"move\":\"Payback\",\"id\":\"payback\",\"pp\":16,\"maxpp\":16,\"target\":\"normal\",\"disabled\":false},{\"move\":\"Heavy Slam\",\"id\":\"heavyslam\",\"pp\":16,\"maxpp\":16,\"target\":\"normal\",\"disabled\":false}],\"canTerastallize\":\"Ghost\"}],\"side\":{\"name\":\"p0y001a265\",\"id\":\"p2\",\"pokemon\":[{\"ident\":\"p2: Ting-Lu\",\"details\":\"Ting-Lu, L78\",\"condition\":\"370/370\",\"active\":true,\"stats\":{\"atk\":217,\"def\":240,\"spa\":131,\"spd\":170,\"spe\":115},\"moves\":[\"stealthrock\",\"earthquake\",\"payback\",\"heavyslam\"],\"baseAbility\":\"vesselofruin\",\"item\":\"leftovers\",\"pokeball\":\"pokeball\",\"ability\":\"vesselofruin\",\"commanding\":false,\"reviving\":false,\"teraType\":\"Ghost\",\"terastallized\":\"\"},{\"ident\":\"p2: Brambleghast\",\"details\":\"Brambleghast, L88, F\",\"condition\":\"240/240\",\"active\":false,\"stats\":{\"atk\":253,\"def\":173,\"spa\":191,\"spd\":173,\"spe\":209},\"moves\":[\"poltergeist\",\"strengthsap\",\"rapidspin\",\"powerwhip\"],\"baseAbility\":\"windrider\",\"item\":\"heavydutyboots\",\"pokeball\":\"pokeball\",\"ability\":\"windrider\",\"commanding\":false,\"reviving\":false,\"teraType\":\"Water\",\"terastallized\":\"\"},{\"ident\":\"p2: Forretress\",\"details\":\"Forretress, L84, M\",\"condition\":\"263/263\",\"active\":false,\"stats\":{\"atk\":199,\"def\":283,\"spa\":149,\"spd\":149,\"spe\":115},\"moves\":[\"ironhead\",\"bodypress\",\"spikes\",\"rapidspin\"],\"baseAbility\":\"sturdy\",\"item\":\"leftovers\",\"pokeball\":\"pokeball\",\"ability\":\"sturdy\",\"commanding\":false,\"reviving\":false,\"teraType\":\"Fighting\",\"terastallized\":\"\"},{\"ident\":\"p2: Dipplin\",\"details\":\"Dipplin, L88, F\",\"condition\":\"284/284\",\"active\":false,\"stats\":{\"atk\":191,\"def\":244,\"spa\":217,\"spd\":191,\"spe\":121},\"moves\":[\"suckerpunch\",\"gigadrain\",\"dragonpulse\",\"recover\"],\"baseAbility\":\"stickyhold\",\"item\":\"eviolite\",\"pokeball\":\"pokeball\",\"ability\":\"stickyhold\",\"commanding\":false,\"reviving\":false,\"teraType\":\"Steel\",\"terastallized\":\"\"},{\"ident\":\"p2: Araquanid\",\"details\":\"Araquanid, L82, F\",\"condition\":\"246/246\",\"active\":false,\"stats\":{\"atk\":162,\"def\":198,\"spa\":129,\"spd\":264,\"spe\":116},\"moves\":[\"leechlife\",\"stickyweb\",\"hydropump\",\"liquidation\"],\"baseAbility\":\"waterbubble\",\"item\":\"heavydutyboots\",\"pokeball\":\"pokeball\",\"ability\":\"waterbubble\",\"commanding\":false,\"reviving\":false,\"teraType\":\"Water\",\"terastallized\":\"\"},{\"ident\":\"p2: Magcargo\",\"details\":\"Magcargo, L95, F\",\"condition\":\"268/268\",\"active\":false,\"stats\":{\"atk\":100,\"def\":282,\"spa\":225,\"spd\":206,\"spe\":111},\"moves\":[\"earthpower\",\"fireblast\",\"shellsmash\",\"powergem\"],\"baseAbility\":\"weakarmor\",\"item\":\"heavydutyboots\",\"pokeball\":\"pokeball\",\"ability\":\"weakarmor\",\"commanding\":false,\"reviving\":false,\"teraType\":\"Dragon\",\"terastallized\":\"\"}]},\"rqid\":5}\n|inactive|Time left: 300 sec this turn | 300 sec total\n|\n|t:|1783390610\n|switch|p2a: Forretress|Forretress, L84, M|263/263\n|move|p1a: Gogoat|Bulk Up|p1a: Gogoat\n|-boost|p1a: Gogoat|atk|1\n|-boost|p1a: Gogoat|def|1\n|\n|upkeep\n|turn|3\n|request|{\"active\":[{\"moves\":[{\"move\":\"Iron Head\",\"id\":\"ironhead\",\"pp\":24,\"maxpp\":24,\"target\":\"normal\",\"disabled\":false},{\"move\":\"Body Press\",\"id\":\"bodypress\",\"pp\":16,\"maxpp\":16,\"target\":\"normal\",\"disabled\":false},{\"move\":\"Spikes\",\"id\":\"spikes\",\"pp\":32,\"maxpp\":32,\"target\":\"foeSide\",\"disabled\":false},{\"move\":\"Rapid Spin\",\"id\":\"rapidspin\",\"pp\":64,\"maxpp\":64,\"target\":\"normal\",\"disabled\":false}],\"canTerastallize\":\"Fighting\"}],\"side\":{\"name\":\"p0y001a265\",\"id\":\"p2\",\"pokemon\":[{\"ident\":\"p2: Forretress\",\"details\":\"Forretress, L84, M\",\"condition\":\"263/263\",\"active\":true,\"stats\":{\"atk\":199,\"def\":283,\"spa\":149,\"spd\":149,\"spe\":115},\"moves\":[\"ironhead\",\"bodypress\",\"spikes\",\"rapidspin\"],\"baseAbility\":\"sturdy\",\"item\":\"leftovers\",\"pokeball\":\"pokeball\",\"ability\":\"sturdy\",\"commanding\":false,\"reviving\":false,\"teraType\":\"Fighting\",\"terastallized\":\"\"},{\"ident\":\"p2: Brambleghast\",\"details\":\"Brambleghast, L88, F\",\"condition\":\"240/240\",\"active\":false,\"stats\":{\"atk\":253,\"def\":173,\"spa\":191,\"spd\":173,\"spe\":209},\"moves\":[\"poltergeist\",\"strengthsap\",\"rapidspin\",\"powerwhip\"],\"baseAbility\":\"windrider\",\"item\":\"heavydutyboots\",\"pokeball\":\"pokeball\",\"ability\":\"windrider\",\"commanding\":false,\"reviving\":false,\"teraType\":\"Water\",\"terastallized\":\"\"},{\"ident\":\"p2: Ting-Lu\",\"details\":\"Ting-Lu, L78\",\"condition\":\"370/370\",\"active\":false,\"stats\":{\"atk\":217,\"def\":240,\"spa\":131,\"spd\":170,\"spe\":115},\"moves\":[\"stealthrock\",\"earthquake\",\"payback\",\"heavyslam\"],\"baseAbility\":\"vesselofruin\",\"item\":\"leftovers\",\"pokeball\":\"pokeball\",\"ability\":\"vesselofruin\",\"commanding\":false,\"reviving\":false,\"teraType\":\"Ghost\",\"terastallized\":\"\"},{\"ident\":\"p2: Dipplin\",\"details\":\"Dipplin, L88, F\",\"condition\":\"284/284\",\"active\":false,\"stats\":{\"atk\":191,\"def\":244,\"spa\":217,\"spd\":191,\"spe\":121},\"moves\":[\"suckerpunch\",\"gigadrain\",\"dragonpulse\",\"recover\"],\"baseAbility\":\"stickyhold\",\"item\":\"eviolite\",\"pokeball\":\"pokeball\",\"ability\":\"stickyhold\",\"commanding\":false,\"reviving\":false,\"teraType\":\"Steel\",\"terastallized\":\"\"},{\"ident\":\"p2: Araquanid\",\"details\":\"Araquanid, L82, F\",\"condition\":\"246/246\",\"active\":false,\"stats\":{\"atk\":162,\"def\":198,\"spa\":129,\"spd\":264,\"spe\":116},\"moves\":[\"leechlife\",\"stickyweb\",\"hydropump\",\"liquidation\"],\"baseAbility\":\"waterbubble\",\"item\":\"heavydutyboots\",\"pokeball\":\"pokeball\",\"ability\":\"waterbubble\",\"commanding\":false,\"reviving\":false,\"teraType\":\"Water\",\"terastallized\":\"\"},{\"ident\":\"p2: Magcargo\",\"details\":\"Magcargo, L95, F\",\"condition\":\"268/268\",\"active\":false,\"stats\":{\"atk\":100,\"def\":282,\"spa\":225,\"spd\":206,\"spe\":111},\"moves\":[\"earthpower\",\"fireblast\",\"shellsmash\",\"powergem\"],\"baseAbility\":\"weakarmor\",\"item\":\"heavydutyboots\",\"pokeball\":\"pokeball\",\"ability\":\"weakarmor\",\"commanding\":false,\"reviving\":false,\"teraType\":\"Dragon\",\"terastallized\":\"\"}]},\"rqid\":7}\n|inactive|Time left: 300 sec this turn | 300 sec total\n|\n|t:|1783390610\n|move|p1a: Gogoat|Earthquake|p2a: Forretress\n|-damage|p2a: Forretress|146/263\n|move|p2a: Forretress|Spikes|p1a: Gogoat\n|-sidestart|p1: p0x001a446|Spikes\n|\n|-heal|p2a: Forretress|162/263|[from] item: Leftovers\n|upkeep\n|turn|4\n|request|{\"active\":[{\"moves\":[{\"move\":\"Iron Head\",\"id\":\"ironhead\",\"pp\":24,\"maxpp\":24,\"target\":\"normal\",\"disabled\":false},{\"move\":\"Body Press\",\"id\":\"bodypress\",\"pp\":16,\"maxpp\":16,\"target\":\"normal\",\"disabled\":false},{\"move\":\"Spikes\",\"id\":\"spikes\",\"pp\":31,\"maxpp\":32,\"target\":\"foeSide\",\"disabled\":false},{\"move\":\"Rapid Spin\",\"id\":\"rapidspin\",\"pp\":64,\"maxpp\":64,\"target\":\"normal\",\"disabled\":false}],\"canTerastallize\":\"Fighting\"}],\"side\":{\"name\":\"p0y001a265\",\"id\":\"p2\",\"pokemon\":[{\"ident\":\"p2: Forretress\",\"details\":\"Forretress, L84, M\",\"condition\":\"162/263\",\"active\":true,\"stats\":{\"atk\":199,\"def\":283,\"spa\":149,\"spd\":149,\"spe\":115},\"moves\":[\"ironhead\",\"bodypress\",\"spikes\",\"rapidspin\"],\"baseAbility\":\"sturdy\",\"item\":\"leftovers\",\"pokeball\":\"pokeball\",\"ability\":\"sturdy\",\"commanding\":false,\"reviving\":false,\"teraType\":\"Fighting\",\"terastallized\":\"\"},{\"ident\":\"p2: Brambleghast\",\"details\":\"Brambleghast, L88, F\",\"condition\":\"240/240\",\"active\":false,\"stats\":{\"atk\":253,\"def\":173,\"spa\":191,\"spd\":173,\"spe\":209},\"moves\":[\"poltergeist\",\"strengthsap\",\"rapidspin\",\"powerwhip\"],\"baseAbility\":\"windrider\",\"item\":\"heavydutyboots\",\"pokeball\":\"pokeball\",\"ability\":\"windrider\",\"commanding\":false,\"reviving\":false,\"teraType\":\"Water\",\"terastallized\":\"\"},{\"ident\":\"p2: Ting-Lu\",\"details\":\"Ting-Lu, L78\",\"condition\":\"370/370\",\"active\":false,\"stats\":{\"atk\":217,\"def\":240,\"spa\":131,\"spd\":170,\"spe\":115},\"moves\":[\"stealthrock\",\"earthquake\",\"payback\",\"heavyslam\"],\"baseAbility\":\"vesselofruin\",\"item\":\"leftovers\",\"pokeball\":\"pokeball\",\"ability\":\"vesselofruin\",\"commanding\":false,\"reviving\":false,\"teraType\":\"Ghost\",\"terastallized\":\"\"},{\"ident\":\"p2: Dipplin\",\"details\":\"Dipplin, L88, F\",\"condition\":\"284/284\",\"active\":false,\"stats\":{\"atk\":191,\"def\":244,\"spa\":217,\"spd\":191,\"spe\":121},\"moves\":[\"suckerpunch\",\"gigadrain\",\"dragonpulse\",\"recover\"],\"baseAbility\":\"stickyhold\",\"item\":\"eviolite\",\"pokeball\":\"pokeball\",\"ability\":\"stickyhold\",\"commanding\":false,\"reviving\":false,\"teraType\":\"Steel\",\"terastallized\":\"\"},{\"ident\":\"p2: Araquanid\",\"details\":\"Araquanid, L82, F\",\"condition\":\"246/246\",\"active\":false,\"stats\":{\"atk\":162,\"def\":198,\"spa\":129,\"spd\":264,\"spe\":116},\"moves\":[\"leechlife\",\"stickyweb\",\"hydropump\",\"liquidation\"],\"baseAbility\":\"waterbubble\",\"item\":\"heavydutyboots\",\"pokeball\":\"pokeball\",\"ability\":\"waterbubble\",\"commanding\":false,\"reviving\":false,\"teraType\":\"Water\",\"terastallized\":\"\"},{\"ident\":\"p2: Magcargo\",\"details\":\"Magcargo, L95, F\",\"condition\":\"268/268\",\"active\":false,\"stats\":{\"atk\":100,\"def\":282,\"spa\":225,\"spd\":206,\"spe\":111},\"moves\":[\"earthpower\",\"fireblast\",\"shellsmash\",\"powergem\"],\"baseAbility\":\"weakarmor\",\"item\":\"heavydutyboots\",\"pokeball\":\"pokeball\",\"ability\":\"weakarmor\",\"commanding\":false,\"reviving\":false,\"teraType\":\"Dragon\",\"terastallized\":\"\"}]},\"rqid\":9}\n|inactive|Time left: 300 sec this turn | 300 sec total\n|\n|t:|1783390610\n|move|p1a: Gogoat|Earthquake|p2a: Forretress\n|-damage|p2a: Forretress|42/263\n|move|p2a: Forretress|Spikes|p1a: Gogoat\n|-sidestart|p1: p0x001a446|Spikes\n|\n|-heal|p2a: Forretress|58/263|[from] item: Leftovers\n|upkeep\n|turn|5\n|request|{\"active\":[{\"moves\":[{\"move\":\"Iron Head\",\"id\":\"ironhead\",\"pp\":24,\"maxpp\":24,\"target\":\"normal\",\"disabled\":false},{\"move\":\"Body Press\",\"id\":\"bodypress\",\"pp\":16,\"maxpp\":16,\"target\":\"normal\",\"disabled\":false},{\"move\":\"Spikes\",\"id\":\"spikes\",\"pp\":30,\"maxpp\":32,\"target\":\"foeSide\",\"disabled\":false},{\"move\":\"Rapid Spin\",\"id\":\"rapidspin\",\"pp\":64,\"maxpp\":64,\"target\":\"normal\",\"disabled\":false}],\"canTerastallize\":\"Fighting\"}],\"side\":{\"name\":\"p0y001a265\",\"id\":\"p2\",\"pokemon\":[{\"ident\":\"p2: Forretress\",\"details\":\"Forretress, L84, M\",\"condition\":\"58/263\",\"active\":true,\"stats\":{\"atk\":199,\"def\":283,\"spa\":149,\"spd\":149,\"spe\":115},\"moves\":[\"ironhead\",\"bodypress\",\"spikes\",\"rapidspin\"],\"baseAbility\":\"sturdy\",\"item\":\"leftovers\",\"pokeball\":\"pokeball\",\"ability\":\"sturdy\",\"commanding\":false,\"reviving\":false,\"teraType\":\"Fighting\",\"terastallized\":\"\"},{\"ident\":\"p2: Brambleghast\",\"details\":\"Brambleghast, L88, F\",\"condition\":\"240/240\",\"active\":false,\"stats\":{\"atk\":253,\"def\":173,\"spa\":191,\"spd\":173,\"spe\":209},\"moves\":[\"poltergeist\",\"strengthsap\",\"rapidspin\",\"powerwhip\"],\"baseAbility\":\"windrider\",\"item\":\"heavydutyboots\",\"pokeball\":\"pokeball\",\"ability\":\"windrider\",\"commanding\":false,\"reviving\":false,\"teraType\":\"Water\",\"terastallized\":\"\"},{\"ident\":\"p2: Ting-Lu\",\"details\":\"Ting-Lu, L78\",\"condition\":\"370/370\",\"active\":false,\"stats\":{\"atk\":217,\"def\":240,\"spa\":131,\"spd\":170,\"spe\":115},\"moves\":[\"stealthrock\",\"earthquake\",\"payback\",\"heavyslam\"],\"baseAbility\":\"vesselofruin\",\"item\":\"leftovers\",\"pokeball\":\"pokeball\",\"ability\":\"vesselofruin\",\"commanding\":false,\"reviving\":false,\"teraType\":\"Ghost\",\"terastallized\":\"\"},{\"ident\":\"p2: Dipplin\",\"details\":\"Dipplin, L88, F\",\"condition\":\"284/284\",\"active\":false,\"stats\":{\"atk\":191,\"def\":244,\"spa\":217,\"spd\":191,\"spe\":121},\"moves\":[\"suckerpunch\",\"gigadrain\",\"dragonpulse\",\"recover\"],\"baseAbility\":\"stickyhold\",\"item\":\"eviolite\",\"pokeball\":\"pokeball\",\"ability\":\"stickyhold\",\"commanding\":false,\"reviving\":false,\"teraType\":\"Steel\",\"terastallized\":\"\"},{\"ident\":\"p2: Araquanid\",\"details\":\"Araquanid, L82, F\",\"condition\":\"246/246\",\"active\":false,\"stats\":{\"atk\":162,\"def\":198,\"spa\":129,\"spd\":264,\"spe\":116},\"moves\":[\"leechlife\",\"stickyweb\",\"hydropump\",\"liquidation\"],\"baseAbility\":\"waterbubble\",\"item\":\"heavydutyboots\",\"pokeball\":\"pokeball\",\"ability\":\"waterbubble\",\"commanding\":false,\"reviving\":false,\"teraType\":\"Water\",\"terastallized\":\"\"},{\"ident\":\"p2: Magcargo\",\"details\":\"Magcargo, L95, F\",\"condition\":\"268/268\",\"active\":false,\"stats\":{\"atk\":100,\"def\":282,\"spa\":225,\"spd\":206,\"spe\":111},\"moves\":[\"earthpower\",\"fireblast\",\"shellsmash\",\"powergem\"],\"baseAbility\":\"weakarmor\",\"item\":\"heavydutyboots\",\"pokeball\":\"pokeball\",\"ability\":\"weakarmor\",\"commanding\":false,\"reviving\":false,\"teraType\":\"Dragon\",\"terastallized\":\"\"}]},\"rqid\":11}\n|inactive|Time left: 300 sec this turn | 300 sec total\n|\n|t:|1783390611\n|move|p1a: Gogoat|Earthquake|p2a: Forretress\n|-damage|p2a: Forretress|0 fnt\n|faint|p2a: Forretress\n|\n|upkeep\n|request|{\"forceSwitch\":[true],\"side\":{\"name\":\"p0y001a265\",\"id\":\"p2\",\"pokemon\":[{\"ident\":\"p2: Forretress\",\"details\":\"Forretress, L84, M\",\"condition\":\"0 fnt\",\"active\":true,\"stats\":{\"atk\":199,\"def\":283,\"spa\":149,\"spd\":149,\"spe\":115},\"moves\":[\"ironhead\",\"bodypress\",\"spikes\",\"rapidspin\"],\"baseAbility\":\"sturdy\",\"item\":\"leftovers\",\"pokeball\":\"pokeball\",\"ability\":\"sturdy\",\"commanding\":false,\"reviving\":false,\"teraType\":\"Fighting\",\"terastallized\":\"\"},{\"ident\":\"p2: Brambleghast\",\"details\":\"Brambleghast, L88, F\",\"condition\":\"240/240\",\"active\":false,\"stats\":{\"atk\":253,\"def\":173,\"spa\":191,\"spd\":173,\"spe\":209},\"moves\":[\"poltergeist\",\"strengthsap\",\"rapidspin\",\"powerwhip\"],\"baseAbility\":\"windrider\",\"item\":\"heavydutyboots\",\"pokeball\":\"pokeball\",\"ability\":\"windrider\",\"commanding\":false,\"reviving\":false,\"teraType\":\"Water\",\"terastallized\":\"\"},{\"ident\":\"p2: Ting-Lu\",\"details\":\"Ting-Lu, L78\",\"condition\":\"370/370\",\"active\":false,\"stats\":{\"atk\":217,\"def\":240,\"spa\":131,\"spd\":170,\"spe\":115},\"moves\":[\"stealthrock\",\"earthquake\",\"payback\",\"heavyslam\"],\"baseAbility\":\"vesselofruin\",\"item\":\"leftovers\",\"pokeball\":\"pokeball\",\"ability\":\"vesselofruin\",\"commanding\":false,\"reviving\":false,\"teraType\":\"Ghost\",\"terastallized\":\"\"},{\"ident\":\"p2: Dipplin\",\"details\":\"Dipplin, L88, F\",\"condition\":\"284/284\",\"active\":false,\"stats\":{\"atk\":191,\"def\":244,\"spa\":217,\"spd\":191,\"spe\":121},\"moves\":[\"suckerpunch\",\"gigadrain\",\"dragonpulse\",\"recover\"],\"baseAbility\":\"stickyhold\",\"item\":\"eviolite\",\"pokeball\":\"pokeball\",\"ability\":\"stickyhold\",\"commanding\":false,\"reviving\":false,\"teraType\":\"Steel\",\"terastallized\":\"\"},{\"ident\":\"p2: Araquanid\",\"details\":\"Araquanid, L82, F\",\"condition\":\"246/246\",\"active\":false,\"stats\":{\"atk\":162,\"def\":198,\"spa\":129,\"spd\":264,\"spe\":116},\"moves\":[\"leechlife\",\"stickyweb\",\"hydropump\",\"liquidation\"],\"baseAbility\":\"waterbubble\",\"item\":\"heavydutyboots\",\"pokeball\":\"pokeball\",\"ability\":\"waterbubble\",\"commanding\":false,\"reviving\":false,\"teraType\":\"Water\",\"terastallized\":\"\"},{\"ident\":\"p2: Magcargo\",\"details\":\"Magcargo, L95, F\",\"condition\":\"268/268\",\"active\":false,\"stats\":{\"atk\":100,\"def\":282,\"spa\":225,\"spd\":206,\"spe\":111},\"moves\":[\"earthpower\",\"fireblast\",\"shellsmash\",\"powergem\"],\"baseAbility\":\"weakarmor\",\"item\":\"heavydutyboots\",\"pokeball\":\"pokeball\",\"ability\":\"weakarmor\",\"commanding\":false,\"reviving\":false,\"teraType\":\"Dragon\",\"terastallized\":\"\"}]},\"noCancel\":true,\"rqid\":13}\n|inactive|Time left: 300 sec this turn | 300 sec total | 5 sec grace\n|\n|t:|1783390611\n|switch|p2a: Araquanid|Araquanid, L82, F|246/246\n|turn|6\n|request|{\"active\":[{\"moves\":[{\"move\":\"Leech Life\",\"id\":\"leechlife\",\"pp\":16,\"maxpp\":16,\"target\":\"normal\",\"disabled\":false},{\"move\":\"Sticky Web\",\"id\":\"stickyweb\",\"pp\":32,\"maxpp\":32,\"target\":\"foeSide\",\"disabled\":false},{\"move\":\"Hydro Pump\",\"id\":\"hydropump\",\"pp\":8,\"maxpp\":8,\"target\":\"normal\",\"disabled\":false},{\"move\":\"Liquidation\",\"id\":\"liquidation\",\"pp\":16,\"maxpp\":16,\"target\":\"normal\",\"disabled\":false}],\"canTerastallize\":\"Water\"}],\"side\":{\"name\":\"p0y001a265\",\"id\":\"p2\",\"pokemon\":[{\"ident\":\"p2: Araquanid\",\"details\":\"Araquanid, L82, F\",\"condition\":\"246/246\",\"active\":true,\"stats\":{\"atk\":162,\"def\":198,\"spa\":129,\"spd\":264,\"spe\":116},\"moves\":[\"leechlife\",\"stickyweb\",\"hydropump\",\"liquidation\"],\"baseAbility\":\"waterbubble\",\"item\":\"heavydutyboots\",\"pokeball\":\"pokeball\",\"ability\":\"waterbubble\",\"commanding\":false,\"reviving\":false,\"teraType\":\"Water\",\"terastallized\":\"\"},{\"ident\":\"p2: Brambleghast\",\"details\":\"Brambleghast, L88, F\",\"condition\":\"240/240\",\"active\":false,\"stats\":{\"atk\":253,\"def\":173,\"spa\":191,\"spd\":173,\"spe\":209},\"moves\":[\"poltergeist\",\"strengthsap\",\"rapidspin\",\"powerwhip\"],\"baseAbility\":\"windrider\",\"item\":\"heavydutyboots\",\"pokeball\":\"pokeball\",\"ability\":\"windrider\",\"commanding\":false,\"reviving\":false,\"teraType\":\"Water\",\"terastallized\":\"\"},{\"ident\":\"p2: Ting-Lu\",\"details\":\"Ting-Lu, L78\",\"condition\":\"370/370\",\"active\":false,\"stats\":{\"atk\":217,\"def\":240,\"spa\":131,\"spd\":170,\"spe\":115},\"moves\":[\"stealthrock\",\"earthquake\",\"payback\",\"heavyslam\"],\"baseAbility\":\"vesselofruin\",\"item\":\"leftovers\",\"pokeball\":\"pokeball\",\"ability\":\"vesselofruin\",\"commanding\":false,\"reviving\":false,\"teraType\":\"Ghost\",\"terastallized\":\"\"},{\"ident\":\"p2: Dipplin\",\"details\":\"Dipplin, L88, F\",\"condition\":\"284/284\",\"active\":false,\"stats\":{\"atk\":191,\"def\":244,\"spa\":217,\"spd\":191,\"spe\":121},\"moves\":[\"suckerpunch\",\"gigadrain\",\"dragonpulse\",\"recover\"],\"baseAbility\":\"stickyhold\",\"item\":\"eviolite\",\"pokeball\":\"pokeball\",\"ability\":\"stickyhold\",\"commanding\":false,\"reviving\":false,\"teraType\":\"Steel\",\"terastallized\":\"\"},{\"ident\":\"p2: Forretress\",\"details\":\"Forretress, L84, M\",\"condition\":\"0 fnt\",\"active\":false,\"stats\":{\"atk\":199,\"def\":283,\"spa\":149,\"spd\":149,\"spe\":115},\"moves\":[\"ironhead\",\"bodypress\",\"spikes\",\"rapidspin\"],\"baseAbility\":\"sturdy\",\"item\":\"leftovers\",\"pokeball\":\"pokeball\",\"ability\":\"sturdy\",\"commanding\":false,\"reviving\":false,\"teraType\":\"Fighting\",\"terastallized\":\"\"},{\"ident\":\"p2: Magcargo\",\"details\":\"Magcargo, L95, F\",\"condition\":\"268/268\",\"active\":false,\"stats\":{\"atk\":100,\"def\":282,\"spa\":225,\"spd\":206,\"spe\":111},\"moves\":[\"earthpower\",\"fireblast\",\"shellsmash\",\"powergem\"],\"baseAbility\":\"weakarmor\",\"item\":\"heavydutyboots\",\"pokeball\":\"pokeball\",\"ability\":\"weakarmor\",\"commanding\":false,\"reviving\":false,\"teraType\":\"Dragon\",\"terastallized\":\"\"}]},\"rqid\":15}\n|inactive|Time left: 300 sec this turn | 300 sec total\n|\n|t:|1783390611\n|move|p1a: Gogoat|Horn Leech|p2a: Araquanid\n|-damage|p2a: Araquanid|78/246\n|move|p2a: Araquanid|Sticky Web|p1a: Gogoat\n|-sidestart|p1: p0x001a446|move: Sticky Web\n|\n|upkeep\n|turn|7\n|request|{\"active\":[{\"moves\":[{\"move\":\"Leech Life\",\"id\":\"leechlife\",\"pp\":16,\"maxpp\":16,\"target\":\"normal\",\"disabled\":false},{\"move\":\"Sticky Web\",\"id\":\"stickyweb\",\"pp\":31,\"maxpp\":32,\"target\":\"foeSide\",\"disabled\":false},{\"move\":\"Hydro Pump\",\"id\":\"hydropump\",\"pp\":8,\"maxpp\":8,\"target\":\"normal\",\"disabled\":false},{\"move\":\"Liquidation\",\"id\":\"liquidation\",\"pp\":16,\"maxpp\":16,\"target\":\"normal\",\"disabled\":false}],\"canTerastallize\":\"Water\"}],\"side\":{\"name\":\"p0y001a265\",\"id\":\"p2\",\"pokemon\":[{\"ident\":\"p2: Araquanid\",\"details\":\"Araquanid, L82, F\",\"condition\":\"78/246\",\"active\":true,\"stats\":{\"atk\":162,\"def\":198,\"spa\":129,\"spd\":264,\"spe\":116},\"moves\":[\"leechlife\",\"stickyweb\",\"hydropump\",\"liquidation\"],\"baseAbility\":\"waterbubble\",\"item\":\"heavydutyboots\",\"pokeball\":\"pokeball\",\"ability\":\"waterbubble\",\"commanding\":false,\"reviving\":false,\"teraType\":\"Water\",\"terastallized\":\"\"},{\"ident\":\"p2: Brambleghast\",\"details\":\"Brambleghast, L88, F\",\"condition\":\"240/240\",\"active\":false,\"stats\":{\"atk\":253,\"def\":173,\"spa\":191,\"spd\":173,\"spe\":209},\"moves\":[\"poltergeist\",\"strengthsap\",\"rapidspin\",\"powerwhip\"],\"baseAbility\":\"windrider\",\"item\":\"heavydutyboots\",\"pokeball\":\"pokeball\",\"ability\":\"windrider\",\"commanding\":false,\"reviving\":false,\"teraType\":\"Water\",\"terastallized\":\"\"},{\"ident\":\"p2: Ting-Lu\",\"details\":\"Ting-Lu, L78\",\"condition\":\"370/370\",\"active\":false,\"stats\":{\"atk\":217,\"def\":240,\"spa\":131,\"spd\":170,\"spe\":115},\"moves\":[\"stealthrock\",\"earthquake\",\"payback\",\"heavyslam\"],\"baseAbility\":\"vesselofruin\",\"item\":\"leftovers\",\"pokeball\":\"pokeball\",\"ability\":\"vesselofruin\",\"commanding\":false,\"reviving\":false,\"teraType\":\"Ghost\",\"terastallized\":\"\"},{\"ident\":\"p2: Dipplin\",\"details\":\"Dipplin, L88, F\",\"condition\":\"284/284\",\"active\":false,\"stats\":{\"atk\":191,\"def\":244,\"spa\":217,\"spd\":191,\"spe\":121},\"moves\":[\"suckerpunch\",\"gigadrain\",\"dragonpulse\",\"recover\"],\"baseAbility\":\"stickyhold\",\"item\":\"eviolite\",\"pokeball\":\"pokeball\",\"ability\":\"stickyhold\",\"commanding\":false,\"reviving\":false,\"teraType\":\"Steel\",\"terastallized\":\"\"},{\"ident\":\"p2: Forretress\",\"details\":\"Forretress, L84, M\",\"condition\":\"0 fnt\",\"active\":false,\"stats\":{\"atk\":199,\"def\":283,\"spa\":149,\"spd\":149,\"spe\":115},\"moves\":[\"ironhead\",\"bodypress\",\"spikes\",\"rapidspin\"],\"baseAbility\":\"sturdy\",\"item\":\"leftovers\",\"pokeball\":\"pokeball\",\"ability\":\"sturdy\",\"commanding\":false,\"reviving\":false,\"teraType\":\"Fighting\",\"terastallized\":\"\"},{\"ident\":\"p2: Magcargo\",\"details\":\"Magcargo, L95, F\",\"condition\":\"268/268\",\"active\":false,\"stats\":{\"atk\":100,\"def\":282,\"spa\":225,\"spd\":206,\"spe\":111},\"moves\":[\"earthpower\",\"fireblast\",\"shellsmash\",\"powergem\"],\"baseAbility\":\"weakarmor\",\"item\":\"heavydutyboots\",\"pokeball\":\"pokeball\",\"ability\":\"weakarmor\",\"commanding\":false,\"reviving\":false,\"teraType\":\"Dragon\",\"terastallized\":\"\"}]},\"rqid\":17}\n|inactive|Time left: 300 sec this turn | 300 sec total\n|\n|t:|1783390611\n|switch|p2a: Dipplin|Dipplin, L88, F|284/284\n|move|p1a: Gogoat|Horn Leech|p2a: Dipplin\n|-resisted|p2a: Dipplin\n|-damage|p2a: Dipplin|259/284\n|\n|upkeep\n|turn|8\n|request|{\"active\":[{\"moves\":[{\"move\":\"Sucker Punch\",\"id\":\"suckerpunch\",\"pp\":8,\"maxpp\":8,\"target\":\"normal\",\"disabled\":false},{\"move\":\"Giga Drain\",\"id\":\"gigadrain\",\"pp\":16,\"maxpp\":16,\"target\":\"normal\",\"disabled\":false},{\"move\":\"Dragon Pulse\",\"id\":\"dragonpulse\",\"pp\":16,\"maxpp\":16,\"target\":\"any\",\"disabled\":false},{\"move\":\"Recover\",\"id\":\"recover\",\"pp\":8,\"maxpp\":8,\"target\":\"self\",\"disabled\":false}],\"canTerastallize\":\"Steel\"}],\"side\":{\"name\":\"p0y001a265\",\"id\":\"p2\",\"pokemon\":[{\"ident\":\"p2: Dipplin\",\"details\":\"Dipplin, L88, F\",\"condition\":\"259/284\",\"active\":true,\"stats\":{\"atk\":191,\"def\":244,\"spa\":217,\"spd\":191,\"spe\":121},\"moves\":[\"suckerpunch\",\"gigadrain\",\"dragonpulse\",\"recover\"],\"baseAbility\":\"stickyhold\",\"item\":\"eviolite\",\"pokeball\":\"pokeball\",\"ability\":\"stickyhold\",\"commanding\":false,\"reviving\":false,\"teraType\":\"Steel\",\"terastallized\":\"\"},{\"ident\":\"p2: Brambleghast\",\"details\":\"Brambleghast, L88, F\",\"condition\":\"240/240\",\"active\":false,\"stats\":{\"atk\":253,\"def\":173,\"spa\":191,\"spd\":173,\"spe\":209},\"moves\":[\"poltergeist\",\"strengthsap\",\"rapidspin\",\"powerwhip\"],\"baseAbility\":\"windrider\",\"item\":\"heavydutyboots\",\"pokeball\":\"pokeball\",\"ability\":\"windrider\",\"commanding\":false,\"reviving\":false,\"teraType\":\"Water\",\"terastallized\":\"\"},{\"ident\":\"p2: Ting-Lu\",\"details\":\"Ting-Lu, L78\",\"condition\":\"370/370\",\"active\":false,\"stats\":{\"atk\":217,\"def\":240,\"spa\":131,\"spd\":170,\"spe\":115},\"moves\":[\"stealthrock\",\"earthquake\",\"payback\",\"heavyslam\"],\"baseAbility\":\"vesselofruin\",\"item\":\"leftovers\",\"pokeball\":\"pokeball\",\"ability\":\"vesselofruin\",\"commanding\":false,\"reviving\":false,\"teraType\":\"Ghost\",\"terastallized\":\"\"},{\"ident\":\"p2: Araquanid\",\"details\":\"Araquanid, L82, F\",\"condition\":\"78/246\",\"active\":false,\"stats\":{\"atk\":162,\"def\":198,\"spa\":129,\"spd\":264,\"spe\":116},\"moves\":[\"leechlife\",\"stickyweb\",\"hydropump\",\"liquidation\"],\"baseAbility\":\"waterbubble\",\"item\":\"heavydutyboots\",\"pokeball\":\"pokeball\",\"ability\":\"waterbubble\",\"commanding\":false,\"reviving\":false,\"teraType\":\"Water\",\"terastallized\":\"\"},{\"ident\":\"p2: Forretress\",\"details\":\"Forretress, L84, M\",\"condition\":\"0 fnt\",\"active\":false,\"stats\":{\"atk\":199,\"def\":283,\"spa\":149,\"spd\":149,\"spe\":115},\"moves\":[\"ironhead\",\"bodypress\",\"spikes\",\"rapidspin\"],\"baseAbility\":\"sturdy\",\"item\":\"leftovers\",\"pokeball\":\"pokeball\",\"ability\":\"sturdy\",\"commanding\":false,\"reviving\":false,\"teraType\":\"Fighting\",\"terastallized\":\"\"},{\"ident\":\"p2: Magcargo\",\"details\":\"Magcargo, L95, F\",\"condition\":\"268/268\",\"active\":false,\"stats\":{\"atk\":100,\"def\":282,\"spa\":225,\"spd\":206,\"spe\":111},\"moves\":[\"earthpower\",\"fireblast\",\"shellsmash\",\"powergem\"],\"baseAbility\":\"weakarmor\",\"item\":\"heavydutyboots\",\"pokeball\":\"pokeball\",\"ability\":\"weakarmor\",\"commanding\":false,\"reviving\":false,\"teraType\":\"Dragon\",\"terastallized\":\"\"}]},\"rqid\":19}\n|inactive|Time left: 300 sec this turn | 300 sec total\n|\n|t:|1783390612\n|move|p1a: Gogoat|Bulk Up|p1a: Gogoat\n|-boost|p1a: Gogoat|atk|1\n|-boost|p1a: Gogoat|def|1\n|move|p2a: Dipplin|Recover|p2a: Dipplin\n|-heal|p2a: Dipplin|284/284\n|\n|upkeep\n|turn|9\n|request|{\"active\":[{\"moves\":[{\"move\":\"Sucker Punch\",\"id\":\"suckerpunch\",\"pp\":8,\"maxpp\":8,\"target\":\"normal\",\"disabled\":false},{\"move\":\"Giga Drain\",\"id\":\"gigadrain\",\"pp\":16,\"maxpp\":16,\"target\":\"normal\",\"disabled\":false},{\"move\":\"Dragon Pulse\",\"id\":\"dragonpulse\",\"pp\":16,\"maxpp\":16,\"target\":\"any\",\"disabled\":false},{\"move\":\"Recover\",\"id\":\"recover\",\"pp\":7,\"maxpp\":8,\"target\":\"self\",\"disabled\":false}],\"canTerastallize\":\"Steel\"}],\"side\":{\"name\":\"p0y001a265\",\"id\":\"p2\",\"pokemon\":[{\"ident\":\"p2: Dipplin\",\"details\":\"Dipplin, L88, F\",\"condition\":\"284/284\",\"active\":true,\"stats\":{\"atk\":191,\"def\":244,\"spa\":217,\"spd\":191,\"spe\":121},\"moves\":[\"suckerpunch\",\"gigadrain\",\"dragonpulse\",\"recover\"],\"baseAbility\":\"stickyhold\",\"item\":\"eviolite\",\"pokeball\":\"pokeball\",\"ability\":\"stickyhold\",\"commanding\":false,\"reviving\":false,\"teraType\":\"Steel\",\"terastallized\":\"\"},{\"ident\":\"p2: Brambleghast\",\"details\":\"Brambleghast, L88, F\",\"condition\":\"240/240\",\"active\":false,\"stats\":{\"atk\":253,\"def\":173,\"spa\":191,\"spd\":173,\"spe\":209},\"moves\":[\"poltergeist\",\"strengthsap\",\"rapidspin\",\"powerwhip\"],\"baseAbility\":\"windrider\",\"item\":\"heavydutyboots\",\"pokeball\":\"pokeball\",\"ability\":\"windrider\",\"commanding\":false,\"reviving\":false,\"teraType\":\"Water\",\"terastallized\":\"\"},{\"ident\":\"p2: Ting-Lu\",\"details\":\"Ting-Lu, L78\",\"condition\":\"370/370\",\"active\":false,\"stats\":{\"atk\":217,\"def\":240,\"spa\":131,\"spd\":170,\"spe\":115},\"moves\":[\"stealthrock\",\"earthquake\",\"payback\",\"heavyslam\"],\"baseAbility\":\"vesselofruin\",\"item\":\"leftovers\",\"pokeball\":\"pokeball\",\"ability\":\"vesselofruin\",\"commanding\":false,\"reviving\":false,\"teraType\":\"Ghost\",\"terastallized\":\"\"},{\"ident\":\"p2: Araquanid\",\"details\":\"Araquanid, L82, F\",\"condition\":\"78/246\",\"active\":false,\"stats\":{\"atk\":162,\"def\":198,\"spa\":129,\"spd\":264,\"spe\":116},\"moves\":[\"leechlife\",\"stickyweb\",\"hydropump\",\"liquidation\"],\"baseAbility\":\"waterbubble\",\"item\":\"heavydutyboots\",\"pokeball\":\"pokeball\",\"ability\":\"waterbubble\",\"commanding\":false,\"reviving\":false,\"teraType\":\"Water\",\"terastallized\":\"\"},{\"ident\":\"p2: Forretress\",\"details\":\"Forretress, L84, M\",\"condition\":\"0 fnt\",\"active\":false,\"stats\":{\"atk\":199,\"def\":283,\"spa\":149,\"spd\":149,\"spe\":115},\"moves\":[\"ironhead\",\"bodypress\",\"spikes\",\"rapidspin\"],\"baseAbility\":\"sturdy\",\"item\":\"leftovers\",\"pokeball\":\"pokeball\",\"ability\":\"sturdy\",\"commanding\":false,\"reviving\":false,\"teraType\":\"Fighting\",\"terastallized\":\"\"},{\"ident\":\"p2: Magcargo\",\"details\":\"Magcargo, L95, F\",\"condition\":\"268/268\",\"active\":false,\"stats\":{\"atk\":100,\"def\":282,\"spa\":225,\"spd\":206,\"spe\":111},\"moves\":[\"earthpower\",\"fireblast\",\"shellsmash\",\"powergem\"],\"baseAbility\":\"weakarmor\",\"item\":\"heavydutyboots\",\"pokeball\":\"pokeball\",\"ability\":\"weakarmor\",\"commanding\":false,\"reviving\":false,\"teraType\":\"Dragon\",\"terastallized\":\"\"}]},\"rqid\":21}\n|inactive|Time left: 300 sec this turn | 300 sec total\n|\n|t:|1783390612\n|move|p1a: Gogoat|Bulk Up|p1a: Gogoat\n|-boost|p1a: Gogoat|atk|1\n|-boost|p1a: Gogoat|def|1\n|move|p2a: Dipplin|Dragon Pulse|p1a: Gogoat\n|-damage|p1a: Gogoat|73/100\n|\n|-heal|p1a: Gogoat|79/100|[from] item: Leftovers\n|upkeep\n|turn|10\n|request|{\"active\":[{\"moves\":[{\"move\":\"Sucker Punch\",\"id\":\"suckerpunch\",\"pp\":8,\"maxpp\":8,\"target\":\"normal\",\"disabled\":false},{\"move\":\"Giga Drain\",\"id\":\"gigadrain\",\"pp\":16,\"maxpp\":16,\"target\":\"normal\",\"disabled\":false},{\"move\":\"Dragon Pulse\",\"id\":\"dragonpulse\",\"pp\":15,\"maxpp\":16,\"target\":\"any\",\"disabled\":false},{\"move\":\"Recover\",\"id\":\"recover\",\"pp\":7,\"maxpp\":8,\"target\":\"self\",\"disabled\":false}],\"canTerastallize\":\"Steel\"}],\"side\":{\"name\":\"p0y001a265\",\"id\":\"p2\",\"pokemon\":[{\"ident\":\"p2: Dipplin\",\"details\":\"Dipplin, L88, F\",\"condition\":\"284/284\",\"active\":true,\"stats\":{\"atk\":191,\"def\":244,\"spa\":217,\"spd\":191,\"spe\":121},\"moves\":[\"suckerpunch\",\"gigadrain\",\"dragonpulse\",\"recover\"],\"baseAbility\":\"stickyhold\",\"item\":\"eviolite\",\"pokeball\":\"pokeball\",\"ability\":\"stickyhold\",\"commanding\":false,\"reviving\":false,\"teraType\":\"Steel\",\"terastallized\":\"\"},{\"ident\":\"p2: Brambleghast\",\"details\":\"Brambleghast, L88, F\",\"condition\":\"240/240\",\"active\":false,\"stats\":{\"atk\":253,\"def\":173,\"spa\":191,\"spd\":173,\"spe\":209},\"moves\":[\"poltergeist\",\"strengthsap\",\"rapidspin\",\"powerwhip\"],\"baseAbility\":\"windrider\",\"item\":\"heavydutyboots\",\"pokeball\":\"pokeball\",\"ability\":\"windrider\",\"commanding\":false,\"reviving\":false,\"teraType\":\"Water\",\"terastallized\":\"\"},{\"ident\":\"p2: Ting-Lu\",\"details\":\"Ting-Lu, L78\",\"condition\":\"370/370\",\"active\":false,\"stats\":{\"atk\":217,\"def\":240,\"spa\":131,\"spd\":170,\"spe\":115},\"moves\":[\"stealthrock\",\"earthquake\",\"payback\",\"heavyslam\"],\"baseAbility\":\"vesselofruin\",\"item\":\"leftovers\",\"pokeball\":\"pokeball\",\"ability\":\"vesselofruin\",\"commanding\":false,\"reviving\":false,\"teraType\":\"Ghost\",\"terastallized\":\"\"},{\"ident\":\"p2: Araquanid\",\"details\":\"Araquanid, L82, F\",\"condition\":\"78/246\",\"active\":false,\"stats\":{\"atk\":162,\"def\":198,\"spa\":129,\"spd\":264,\"spe\":116},\"moves\":[\"leechlife\",\"stickyweb\",\"hydropump\",\"liquidation\"],\"baseAbility\":\"waterbubble\",\"item\":\"heavydutyboots\",\"pokeball\":\"pokeball\",\"ability\":\"waterbubble\",\"commanding\":false,\"reviving\":false,\"teraType\":\"Water\",\"terastallized\":\"\"},{\"ident\":\"p2: Forretress\",\"details\":\"Forretress, L84, M\",\"condition\":\"0 fnt\",\"active\":false,\"stats\":{\"atk\":199,\"def\":283,\"spa\":149,\"spd\":149,\"spe\":115},\"moves\":[\"ironhead\",\"bodypress\",\"spikes\",\"rapidspin\"],\"baseAbility\":\"sturdy\",\"item\":\"leftovers\",\"pokeball\":\"pokeball\",\"ability\":\"sturdy\",\"commanding\":false,\"reviving\":false,\"teraType\":\"Fighting\",\"terastallized\":\"\"},{\"ident\":\"p2: Magcargo\",\"details\":\"Magcargo, L95, F\",\"condition\":\"268/268\",\"active\":false,\"stats\":{\"atk\":100,\"def\":282,\"spa\":225,\"spd\":206,\"spe\":111},\"moves\":[\"earthpower\",\"fireblast\",\"shellsmash\",\"powergem\"],\"baseAbility\":\"weakarmor\",\"item\":\"heavydutyboots\",\"pokeball\":\"pokeball\",\"ability\":\"weakarmor\",\"commanding\":false,\"reviving\":false,\"teraType\":\"Dragon\",\"terastallized\":\"\"}]},\"rqid\":23}\n|inactive|Time left: 300 sec this turn | 300 sec total\n|\n|t:|1783390612\n|move|p1a: Gogoat|Earthquake|p2a: Dipplin\n|-resisted|p2a: Dipplin\n|-damage|p2a: Dipplin|219/284\n|move|p2a: Dipplin|Dragon Pulse|p1a: Gogoat\n|-damage|p1a: Gogoat|50/100\n|\n|-heal|p1a: Gogoat|56/100|[from] item: Leftovers\n|upkeep\n|turn|11\n|request|{\"active\":[{\"moves\":[{\"move\":\"Sucker Punch\",\"id\":\"suckerpunch\",\"pp\":8,\"maxpp\":8,\"target\":\"normal\",\"disabled\":false},{\"move\":\"Giga Drain\",\"id\":\"gigadrain\",\"pp\":16,\"maxpp\":16,\"target\":\"normal\",\"disabled\":false},{\"move\":\"Dragon Pulse\",\"id\":\"dragonpulse\",\"pp\":14,\"maxpp\":16,\"target\":\"any\",\"disabled\":false},{\"move\":\"Recover\",\"id\":\"recover\",\"pp\":7,\"maxpp\":8,\"target\":\"self\",\"disabled\":false}],\"canTerastallize\":\"Steel\"}],\"side\":{\"name\":\"p0y001a265\",\"id\":\"p2\",\"pokemon\":[{\"ident\":\"p2: Dipplin\",\"details\":\"Dipplin, L88, F\",\"condition\":\"219/284\",\"active\":true,\"stats\":{\"atk\":191,\"def\":244,\"spa\":217,\"spd\":191,\"spe\":121},\"moves\":[\"suckerpunch\",\"gigadrain\",\"dragonpulse\",\"recover\"],\"baseAbility\":\"stickyhold\",\"item\":\"eviolite\",\"pokeball\":\"pokeball\",\"ability\":\"stickyhold\",\"commanding\":false,\"reviving\":false,\"teraType\":\"Steel\",\"terastallized\":\"\"},{\"ident\":\"p2: Brambleghast\",\"details\":\"Brambleghast, L88, F\",\"condition\":\"240/240\",\"active\":false,\"stats\":{\"atk\":253,\"def\":173,\"spa\":191,\"spd\":173,\"spe\":209},\"moves\":[\"poltergeist\",\"strengthsap\",\"rapidspin\",\"powerwhip\"],\"baseAbility\":\"windrider\",\"item\":\"heavydutyboots\",\"pokeball\":\"pokeball\",\"ability\":\"windrider\",\"commanding\":false,\"reviving\":false,\"teraType\":\"Water\",\"terastallized\":\"\"},{\"ident\":\"p2: Ting-Lu\",\"details\":\"Ting-Lu, L78\",\"condition\":\"370/370\",\"active\":false,\"stats\":{\"atk\":217,\"def\":240,\"spa\":131,\"spd\":170,\"spe\":115},\"moves\":[\"stealthrock\",\"earthquake\",\"payback\",\"heavyslam\"],\"baseAbility\":\"vesselofruin\",\"item\":\"leftovers\",\"pokeball\":\"pokeball\",\"ability\":\"vesselofruin\",\"commanding\":false,\"reviving\":false,\"teraType\":\"Ghost\",\"terastallized\":\"\"},{\"ident\":\"p2: Araquanid\",\"details\":\"Araquanid, L82, F\",\"condition\":\"78/246\",\"active\":false,\"stats\":{\"atk\":162,\"def\":198,\"spa\":129,\"spd\":264,\"spe\":116},\"moves\":[\"leechlife\",\"stickyweb\",\"hydropump\",\"liquidation\"],\"baseAbility\":\"waterbubble\",\"item\":\"heavydutyboots\",\"pokeball\":\"pokeball\",\"ability\":\"waterbubble\",\"commanding\":false,\"reviving\":false,\"teraType\":\"Water\",\"terastallized\":\"\"},{\"ident\":\"p2: Forretress\",\"details\":\"Forretress, L84, M\",\"condition\":\"0 fnt\",\"active\":false,\"stats\":{\"atk\":199,\"def\":283,\"spa\":149,\"spd\":149,\"spe\":115},\"moves\":[\"ironhead\",\"bodypress\",\"spikes\",\"rapidspin\"],\"baseAbility\":\"sturdy\",\"item\":\"leftovers\",\"pokeball\":\"pokeball\",\"ability\":\"sturdy\",\"commanding\":false,\"reviving\":false,\"teraType\":\"Fighting\",\"terastallized\":\"\"},{\"ident\":\"p2: Magcargo\",\"details\":\"Magcargo, L95, F\",\"condition\":\"268/268\",\"active\":false,\"stats\":{\"atk\":100,\"def\":282,\"spa\":225,\"spd\":206,\"spe\":111},\"moves\":[\"earthpower\",\"fireblast\",\"shellsmash\",\"powergem\"],\"baseAbility\":\"weakarmor\",\"item\":\"heavydutyboots\",\"pokeball\":\"pokeball\",\"ability\":\"weakarmor\",\"commanding\":false,\"reviving\":false,\"teraType\":\"Dragon\",\"terastallized\":\"\"}]},\"rqid\":25}\n|inactive|Time left: 300 sec this turn | 300 sec total\n|\n|t:|1783390612\n|move|p1a: Gogoat|Milk Drink|p1a: Gogoat\n|-heal|p1a: Gogoat|100/100\n|move|p2a: Dipplin|Recover|p2a: Dipplin\n|-heal|p2a: Dipplin|284/284\n|\n|upkeep\n|turn|12\n|request|{\"active\":[{\"moves\":[{\"move\":\"Sucker Punch\",\"id\":\"suckerpunch\",\"pp\":8,\"maxpp\":8,\"target\":\"normal\",\"disabled\":false},{\"move\":\"Giga Drain\",\"id\":\"gigadrain\",\"pp\":16,\"maxpp\":16,\"target\":\"normal\",\"disabled\":false},{\"move\":\"Dragon Pulse\",\"id\":\"dragonpulse\",\"pp\":14,\"maxpp\":16,\"target\":\"any\",\"disabled\":false},{\"move\":\"Recover\",\"id\":\"recover\",\"pp\":6,\"maxpp\":8,\"target\":\"self\",\"disabled\":false}],\"canTerastallize\":\"Steel\"}],\"side\":{\"name\":\"p0y001a265\",\"id\":\"p2\",\"pokemon\":[{\"ident\":\"p2: Dipplin\",\"details\":\"Dipplin, L88, F\",\"condition\":\"284/284\",\"active\":true,\"stats\":{\"atk\":191,\"def\":244,\"spa\":217,\"spd\":191,\"spe\":121},\"moves\":[\"suckerpunch\",\"gigadrain\",\"dragonpulse\",\"recover\"],\"baseAbility\":\"stickyhold\",\"item\":\"eviolite\",\"pokeball\":\"pokeball\",\"ability\":\"stickyhold\",\"commanding\":false,\"reviving\":false,\"teraType\":\"Steel\",\"terastallized\":\"\"},{\"ident\":\"p2: Brambleghast\",\"details\":\"Brambleghast, L88, F\",\"condition\":\"240/240\",\"active\":false,\"stats\":{\"atk\":253,\"def\":173,\"spa\":191,\"spd\":173,\"spe\":209},\"moves\":[\"poltergeist\",\"strengthsap\",\"rapidspin\",\"powerwhip\"],\"baseAbility\":\"windrider\",\"item\":\"heavydutyboots\",\"pokeball\":\"pokeball\",\"ability\":\"windrider\",\"commanding\":false,\"reviving\":false,\"teraType\":\"Water\",\"terastallized\":\"\"},{\"ident\":\"p2: Ting-Lu\",\"details\":\"Ting-Lu, L78\",\"condition\":\"370/370\",\"active\":false,\"stats\":{\"atk\":217,\"def\":240,\"spa\":131,\"spd\":170,\"spe\":115},\"moves\":[\"stealthrock\",\"earthquake\",\"payback\",\"heavyslam\"],\"baseAbility\":\"vesselofruin\",\"item\":\"leftovers\",\"pokeball\":\"pokeball\",\"ability\":\"vesselofruin\",\"commanding\":false,\"reviving\":false,\"teraType\":\"Ghost\",\"terastallized\":\"\"},{\"ident\":\"p2: Araquanid\",\"details\":\"Araquanid, L82, F\",\"condition\":\"78/246\",\"active\":false,\"stats\":{\"atk\":162,\"def\":198,\"spa\":129,\"spd\":264,\"spe\":116},\"moves\":[\"leechlife\",\"stickyweb\",\"hydropump\",\"liquidation\"],\"baseAbility\":\"waterbubble\",\"item\":\"heavydutyboots\",\"pokeball\":\"pokeball\",\"ability\":\"waterbubble\",\"commanding\":false,\"reviving\":false,\"teraType\":\"Water\",\"terastallized\":\"\"},{\"ident\":\"p2: Forretress\",\"details\":\"Forretress, L84, M\",\"condition\":\"0 fnt\",\"active\":false,\"stats\":{\"atk\":199,\"def\":283,\"spa\":149,\"spd\":149,\"spe\":115},\"moves\":[\"ironhead\",\"bodypress\",\"spikes\",\"rapidspin\"],\"baseAbility\":\"sturdy\",\"item\":\"leftovers\",\"pokeball\":\"pokeball\",\"ability\":\"sturdy\",\"commanding\":false,\"reviving\":false,\"teraType\":\"Fighting\",\"terastallized\":\"\"},{\"ident\":\"p2: Magcargo\",\"details\":\"Magcargo, L95, F\",\"condition\":\"268/268\",\"active\":false,\"stats\":{\"atk\":100,\"def\":282,\"spa\":225,\"spd\":206,\"spe\":111},\"moves\":[\"earthpower\",\"fireblast\",\"shellsmash\",\"powergem\"],\"baseAbility\":\"weakarmor\",\"item\":\"heavydutyboots\",\"pokeball\":\"pokeball\",\"ability\":\"weakarmor\",\"commanding\":false,\"reviving\":false,\"teraType\":\"Dragon\",\"terastallized\":\"\"}]},\"rqid\":27}\n|inactive|Time left: 300 sec this turn | 300 sec total\n|\n|t:|1783390613\n|move|p1a: Gogoat|Earthquake|p2a: Dipplin\n|-resisted|p2a: Dipplin\n|-crit|p2a: Dipplin\n|-damage|p2a: Dipplin|180/284\n|move|p2a: Dipplin|Recover|p2a: Dipplin\n|-heal|p2a: Dipplin|284/284\n|\n|upkeep\n|turn|13\n|request|{\"active\":[{\"moves\":[{\"move\":\"Sucker Punch\",\"id\":\"suckerpunch\",\"pp\":8,\"maxpp\":8,\"target\":\"normal\",\"disabled\":false},{\"move\":\"Giga Drain\",\"id\":\"gigadrain\",\"pp\":16,\"maxpp\":16,\"target\":\"normal\",\"disabled\":false},{\"move\":\"Dragon Pulse\",\"id\":\"dragonpulse\",\"pp\":14,\"maxpp\":16,\"target\":\"any\",\"disabled\":false},{\"move\":\"Recover\",\"id\":\"recover\",\"pp\":5,\"maxpp\":8,\"target\":\"self\",\"disabled\":false}],\"canTerastallize\":\"Steel\"}],\"side\":{\"name\":\"p0y001a265\",\"id\":\"p2\",\"pokemon\":[{\"ident\":\"p2: Dipplin\",\"details\":\"Dipplin, L88, F\",\"condition\":\"284/284\",\"active\":true,\"stats\":{\"atk\":191,\"def\":244,\"spa\":217,\"spd\":191,\"spe\":121},\"moves\":[\"suckerpunch\",\"gigadrain\",\"dragonpulse\",\"recover\"],\"baseAbility\":\"stickyhold\",\"item\":\"eviolite\",\"pokeball\":\"pokeball\",\"ability\":\"stickyhold\",\"commanding\":false,\"reviving\":false,\"teraType\":\"Steel\",\"terastallized\":\"\"},{\"ident\":\"p2: Brambleghast\",\"details\":\"Brambleghast, L88, F\",\"condition\":\"240/240\",\"active\":false,\"stats\":{\"atk\":253,\"def\":173,\"spa\":191,\"spd\":173,\"spe\":209},\"moves\":[\"poltergeist\",\"strengthsap\",\"rapidspin\",\"powerwhip\"],\"baseAbility\":\"windrider\",\"item\":\"heavydutyboots\",\"pokeball\":\"pokeball\",\"ability\":\"windrider\",\"commanding\":false,\"reviving\":false,\"teraType\":\"Water\",\"terastallized\":\"\"},{\"ident\":\"p2: Ting-Lu\",\"details\":\"Ting-Lu, L78\",\"condition\":\"370/370\",\"active\":false,\"stats\":{\"atk\":217,\"def\":240,\"spa\":131,\"spd\":170,\"spe\":115},\"moves\":[\"stealthrock\",\"earthquake\",\"payback\",\"heavyslam\"],\"baseAbility\":\"vesselofruin\",\"item\":\"leftovers\",\"pokeball\":\"pokeball\",\"ability\":\"vesselofruin\",\"commanding\":false,\"reviving\":false,\"teraType\":\"Ghost\",\"terastallized\":\"\"},{\"ident\":\"p2: Araquanid\",\"details\":\"Araquanid, L82, F\",\"condition\":\"78/246\",\"active\":false,\"stats\":{\"atk\":162,\"def\":198,\"spa\":129,\"spd\":264,\"spe\":116},\"moves\":[\"leechlife\",\"stickyweb\",\"hydropump\",\"liquidation\"],\"baseAbility\":\"waterbubble\",\"item\":\"heavydutyboots\",\"pokeball\":\"pokeball\",\"ability\":\"waterbubble\",\"commanding\":false,\"reviving\":false,\"teraType\":\"Water\",\"terastallized\":\"\"},{\"ident\":\"p2: Forretress\",\"details\":\"Forretress, L84, M\",\"condition\":\"0 fnt\",\"active\":false,\"stats\":{\"atk\":199,\"def\":283,\"spa\":149,\"spd\":149,\"spe\":115},\"moves\":[\"ironhead\",\"bodypress\",\"spikes\",\"rapidspin\"],\"baseAbility\":\"sturdy\",\"item\":\"leftovers\",\"pokeball\":\"pokeball\",\"ability\":\"sturdy\",\"commanding\":false,\"reviving\":false,\"teraType\":\"Fighting\",\"terastallized\":\"\"},{\"ident\":\"p2: Magcargo\",\"details\":\"Magcargo, L95, F\",\"condition\":\"268/268\",\"active\":false,\"stats\":{\"atk\":100,\"def\":282,\"spa\":225,\"spd\":206,\"spe\":111},\"moves\":[\"earthpower\",\"fireblast\",\"shellsmash\",\"powergem\"],\"baseAbility\":\"weakarmor\",\"item\":\"heavydutyboots\",\"pokeball\":\"pokeball\",\"ability\":\"weakarmor\",\"commanding\":false,\"reviving\":false,\"teraType\":\"Dragon\",\"terastallized\":\"\"}]},\"rqid\":29}\n|inactive|Time left: 300 sec this turn | 300 sec total\n|\n|t:|1783390613\n|move|p1a: Gogoat|Earthquake|p2a: Dipplin\n|-resisted|p2a: Dipplin\n|-damage|p2a: Dipplin|223/284\n|move|p2a: Dipplin|Recover|p2a: Dipplin\n|-heal|p2a: Dipplin|284/284\n|\n|upkeep\n|turn|14\n|request|{\"active\":[{\"moves\":[{\"move\":\"Sucker Punch\",\"id\":\"suckerpunch\",\"pp\":8,\"maxpp\":8,\"target\":\"normal\",\"disabled\":false},{\"move\":\"Giga Drain\",\"id\":\"gigadrain\",\"pp\":16,\"maxpp\":16,\"target\":\"normal\",\"disabled\":false},{\"move\":\"Dragon Pulse\",\"id\":\"dragonpulse\",\"pp\":14,\"maxpp\":16,\"target\":\"any\",\"disabled\":false},{\"move\":\"Recover\",\"id\":\"recover\",\"pp\":4,\"maxpp\":8,\"target\":\"self\",\"disabled\":false}],\"canTerastallize\":\"Steel\"}],\"side\":{\"name\":\"p0y001a265\",\"id\":\"p2\",\"pokemon\":[{\"ident\":\"p2: Dipplin\",\"details\":\"Dipplin, L88, F\",\"condition\":\"284/284\",\"active\":true,\"stats\":{\"atk\":191,\"def\":244,\"spa\":217,\"spd\":191,\"spe\":121},\"moves\":[\"suckerpunch\",\"gigadrain\",\"dragonpulse\",\"recover\"],\"baseAbility\":\"stickyhold\",\"item\":\"eviolite\",\"pokeball\":\"pokeball\",\"ability\":\"stickyhold\",\"commanding\":false,\"reviving\":false,\"teraType\":\"Steel\",\"terastallized\":\"\"},{\"ident\":\"p2: Brambleghast\",\"details\":\"Brambleghast, L88, F\",\"condition\":\"240/240\",\"active\":false,\"stats\":{\"atk\":253,\"def\":173,\"spa\":191,\"spd\":173,\"spe\":209},\"moves\":[\"poltergeist\",\"strengthsap\",\"rapidspin\",\"powerwhip\"],\"baseAbility\":\"windrider\",\"item\":\"heavydutyboots\",\"pokeball\":\"pokeball\",\"ability\":\"windrider\",\"commanding\":false,\"reviving\":false,\"teraType\":\"Water\",\"terastallized\":\"\"},{\"ident\":\"p2: Ting-Lu\",\"details\":\"Ting-Lu, L78\",\"condition\":\"370/370\",\"active\":false,\"stats\":{\"atk\":217,\"def\":240,\"spa\":131,\"spd\":170,\"spe\":115},\"moves\":[\"stealthrock\",\"earthquake\",\"payback\",\"heavyslam\"],\"baseAbility\":\"vesselofruin\",\"item\":\"leftovers\",\"pokeball\":\"pokeball\",\"ability\":\"vesselofruin\",\"commanding\":false,\"reviving\":false,\"teraType\":\"Ghost\",\"terastallized\":\"\"},{\"ident\":\"p2: Araquanid\",\"details\":\"Araquanid, L82, F\",\"condition\":\"78/246\",\"active\":false,\"stats\":{\"atk\":162,\"def\":198,\"spa\":129,\"spd\":264,\"spe\":116},\"moves\":[\"leechlife\",\"stickyweb\",\"hydropump\",\"liquidation\"],\"baseAbility\":\"waterbubble\",\"item\":\"heavydutyboots\",\"pokeball\":\"pokeball\",\"ability\":\"waterbubble\",\"commanding\":false,\"reviving\":false,\"teraType\":\"Water\",\"terastallized\":\"\"},{\"ident\":\"p2: Forretress\",\"details\":\"Forretress, L84, M\",\"condition\":\"0 fnt\",\"active\":false,\"stats\":{\"atk\":199,\"def\":283,\"spa\":149,\"spd\":149,\"spe\":115},\"moves\":[\"ironhead\",\"bodypress\",\"spikes\",\"rapidspin\"],\"baseAbility\":\"sturdy\",\"item\":\"leftovers\",\"pokeball\":\"pokeball\",\"ability\":\"sturdy\",\"commanding\":false,\"reviving\":false,\"teraType\":\"Fighting\",\"terastallized\":\"\"},{\"ident\":\"p2: Magcargo\",\"details\":\"Magcargo, L95, F\",\"condition\":\"268/268\",\"active\":false,\"stats\":{\"atk\":100,\"def\":282,\"spa\":225,\"spd\":206,\"spe\":111},\"moves\":[\"earthpower\",\"fireblast\",\"shellsmash\",\"powergem\"],\"baseAbility\":\"weakarmor\",\"item\":\"heavydutyboots\",\"pokeball\":\"pokeball\",\"ability\":\"weakarmor\",\"commanding\":false,\"reviving\":false,\"teraType\":\"Dragon\",\"terastallized\":\"\"}]},\"rqid\":31}\n|inactive|Time left: 300 sec this turn | 300 sec total\n|\n|t:|1783390613\n|move|p1a: Gogoat|Earthquake|p2a: Dipplin\n|-resisted|p2a: Dipplin\n|-damage|p2a: Dipplin|216/284\n|move|p2a: Dipplin|Recover|p2a: Dipplin\n|-heal|p2a: Dipplin|284/284\n|\n|upkeep\n|turn|15\n|request|{\"active\":[{\"moves\":[{\"move\":\"Sucker Punch\",\"id\":\"suckerpunch\",\"pp\":8,\"maxpp\":8,\"target\":\"normal\",\"disabled\":false},{\"move\":\"Giga Drain\",\"id\":\"gigadrain\",\"pp\":16,\"maxpp\":16,\"target\":\"normal\",\"disabled\":false},{\"move\":\"Dragon Pulse\",\"id\":\"dragonpulse\",\"pp\":14,\"maxpp\":16,\"target\":\"any\",\"disabled\":false},{\"move\":\"Recover\",\"id\":\"recover\",\"pp\":3,\"maxpp\":8,\"target\":\"self\",\"disabled\":false}],\"canTerastallize\":\"Steel\"}],\"side\":{\"name\":\"p0y001a265\",\"id\":\"p2\",\"pokemon\":[{\"ident\":\"p2: Dipplin\",\"details\":\"Dipplin, L88, F\",\"condition\":\"284/284\",\"active\":true,\"stats\":{\"atk\":191,\"def\":244,\"spa\":217,\"spd\":191,\"spe\":121},\"moves\":[\"suckerpunch\",\"gigadrain\",\"dragonpulse\",\"recover\"],\"baseAbility\":\"stickyhold\",\"item\":\"eviolite\",\"pokeball\":\"pokeball\",\"ability\":\"stickyhold\",\"commanding\":false,\"reviving\":false,\"teraType\":\"Steel\",\"terastallized\":\"\"},{\"ident\":\"p2: Brambleghast\",\"details\":\"Brambleghast, L88, F\",\"condition\":\"240/240\",\"active\":false,\"stats\":{\"atk\":253,\"def\":173,\"spa\":191,\"spd\":173,\"spe\":209},\"moves\":[\"poltergeist\",\"strengthsap\",\"rapidspin\",\"powerwhip\"],\"baseAbility\":\"windrider\",\"item\":\"heavydutyboots\",\"pokeball\":\"pokeball\",\"ability\":\"windrider\",\"commanding\":false,\"reviving\":false,\"teraType\":\"Water\",\"terastallized\":\"\"},{\"ident\":\"p2: Ting-Lu\",\"details\":\"Ting-Lu, L78\",\"condition\":\"370/370\",\"active\":false,\"stats\":{\"atk\":217,\"def\":240,\"spa\":131,\"spd\":170,\"spe\":115},\"moves\":[\"stealthrock\",\"earthquake\",\"payback\",\"heavyslam\"],\"baseAbility\":\"vesselofruin\",\"item\":\"leftovers\",\"pokeball\":\"pokeball\",\"ability\":\"vesselofruin\",\"commanding\":false,\"reviving\":false,\"teraType\":\"Ghost\",\"terastallized\":\"\"},{\"ident\":\"p2: Araquanid\",\"details\":\"Araquanid, L82, F\",\"condition\":\"78/246\",\"active\":false,\"stats\":{\"atk\":162,\"def\":198,\"spa\":129,\"spd\":264,\"spe\":116},\"moves\":[\"leechlife\",\"stickyweb\",\"hydropump\",\"liquidation\"],\"baseAbility\":\"waterbubble\",\"item\":\"heavydutyboots\",\"pokeball\":\"pokeball\",\"ability\":\"waterbubble\",\"commanding\":false,\"reviving\":false,\"teraType\":\"Water\",\"terastallized\":\"\"},{\"ident\":\"p2: Forretress\",\"details\":\"Forretress, L84, M\",\"condition\":\"0 fnt\",\"active\":false,\"stats\":{\"atk\":199,\"def\":283,\"spa\":149,\"spd\":149,\"spe\":115},\"moves\":[\"ironhead\",\"bodypress\",\"spikes\",\"rapidspin\"],\"baseAbility\":\"sturdy\",\"item\":\"leftovers\",\"pokeball\":\"pokeball\",\"ability\":\"sturdy\",\"commanding\":false,\"reviving\":false,\"teraType\":\"Fighting\",\"terastallized\":\"\"},{\"ident\":\"p2: Magcargo\",\"details\":\"Magcargo, L95, F\",\"condition\":\"268/268\",\"active\":false,\"stats\":{\"atk\":100,\"def\":282,\"spa\":225,\"spd\":206,\"spe\":111},\"moves\":[\"earthpower\",\"fireblast\",\"shellsmash\",\"powergem\"],\"baseAbility\":\"weakarmor\",\"item\":\"heavydutyboots\",\"pokeball\":\"pokeball\",\"ability\":\"weakarmor\",\"commanding\":false,\"reviving\":false,\"teraType\":\"Dragon\",\"terastallized\":\"\"}]},\"rqid\":33}\n|inactive|Time left: 300 sec this turn | 300 sec total\n|\n|t:|1783390613\n|move|p1a: Gogoat|Horn Leech|p2a: Dipplin\n|-resisted|p2a: Dipplin\n|-damage|p2a: Dipplin|247/284\n|move|p2a: Dipplin|Dragon Pulse|p1a: Gogoat\n|-damage|p1a: Gogoat|74/100\n|\n|-heal|p1a: Gogoat|80/100|[from] item: Leftovers\n|upkeep\n|turn|16\n|request|{\"active\":[{\"moves\":[{\"move\":\"Sucker Punch\",\"id\":\"suckerpunch\",\"pp\":8,\"maxpp\":8,\"target\":\"normal\",\"disabled\":false},{\"move\":\"Giga Drain\",\"id\":\"gigadrain\",\"pp\":16,\"maxpp\":16,\"target\":\"normal\",\"disabled\":false},{\"move\":\"Dragon Pulse\",\"id\":\"dragonpulse\",\"pp\":13,\"maxpp\":16,\"target\":\"any\",\"disabled\":false},{\"move\":\"Recover\",\"id\":\"recover\",\"pp\":3,\"maxpp\":8,\"target\":\"self\",\"disabled\":false}],\"canTerastallize\":\"Steel\"}],\"side\":{\"name\":\"p0y001a265\",\"id\":\"p2\",\"pokemon\":[{\"ident\":\"p2: Dipplin\",\"details\":\"Dipplin, L88, F\",\"condition\":\"247/284\",\"active\":true,\"stats\":{\"atk\":191,\"def\":244,\"spa\":217,\"spd\":191,\"spe\":121},\"moves\":[\"suckerpunch\",\"gigadrain\",\"dragonpulse\",\"recover\"],\"baseAbility\":\"stickyhold\",\"item\":\"eviolite\",\"pokeball\":\"pokeball\",\"ability\":\"stickyhold\",\"commanding\":false,\"reviving\":false,\"teraType\":\"Steel\",\"terastallized\":\"\"},{\"ident\":\"p2: Brambleghast\",\"details\":\"Brambleghast, L88, F\",\"condition\":\"240/240\",\"active\":false,\"stats\":{\"atk\":253,\"def\":173,\"spa\":191,\"spd\":173,\"spe\":209},\"moves\":[\"poltergeist\",\"strengthsap\",\"rapidspin\",\"powerwhip\"],\"baseAbility\":\"windrider\",\"item\":\"heavydutyboots\",\"pokeball\":\"pokeball\",\"ability\":\"windrider\",\"commanding\":false,\"reviving\":false,\"teraType\":\"Water\",\"terastallized\":\"\"},{\"ident\":\"p2: Ting-Lu\",\"details\":\"Ting-Lu, L78\",\"condition\":\"370/370\",\"active\":false,\"stats\":{\"atk\":217,\"def\":240,\"spa\":131,\"spd\":170,\"spe\":115},\"moves\":[\"stealthrock\",\"earthquake\",\"payback\",\"heavyslam\"],\"baseAbility\":\"vesselofruin\",\"item\":\"leftovers\",\"pokeball\":\"pokeball\",\"ability\":\"vesselofruin\",\"commanding\":false,\"reviving\":false,\"teraType\":\"Ghost\",\"terastallized\":\"\"},{\"ident\":\"p2: Araquanid\",\"details\":\"Araquanid, L82, F\",\"condition\":\"78/246\",\"active\":false,\"stats\":{\"atk\":162,\"def\":198,\"spa\":129,\"spd\":264,\"spe\":116},\"moves\":[\"leechlife\",\"stickyweb\",\"hydropump\",\"liquidation\"],\"baseAbility\":\"waterbubble\",\"item\":\"heavydutyboots\",\"pokeball\":\"pokeball\",\"ability\":\"waterbubble\",\"commanding\":false,\"reviving\":false,\"teraType\":\"Water\",\"terastallized\":\"\"},{\"ident\":\"p2: Forretress\",\"details\":\"Forretress, L84, M\",\"condition\":\"0 fnt\",\"active\":false,\"stats\":{\"atk\":199,\"def\":283,\"spa\":149,\"spd\":149,\"spe\":115},\"moves\":[\"ironhead\",\"bodypress\",\"spikes\",\"rapidspin\"],\"baseAbility\":\"sturdy\",\"item\":\"leftovers\",\"pokeball\":\"pokeball\",\"ability\":\"sturdy\",\"commanding\":false,\"reviving\":false,\"teraType\":\"Fighting\",\"terastallized\":\"\"},{\"ident\":\"p2: Magcargo\",\"details\":\"Magcargo, L95, F\",\"condition\":\"268/268\",\"active\":false,\"stats\":{\"atk\":100,\"def\":282,\"spa\":225,\"spd\":206,\"spe\":111},\"moves\":[\"earthpower\",\"fireblast\",\"shellsmash\",\"powergem\"],\"baseAbility\":\"weakarmor\",\"item\":\"heavydutyboots\",\"pokeball\":\"pokeball\",\"ability\":\"weakarmor\",\"commanding\":false,\"reviving\":false,\"teraType\":\"Dragon\",\"terastallized\":\"\"}]},\"rqid\":35}\n|inactive|Time left: 300 sec this turn | 300 sec total\n|\n|t:|1783390613\n|move|p1a: Gogoat|Horn Leech|p2a: Dipplin\n|-resisted|p2a: Dipplin\n|-damage|p2a: Dipplin|214/284\n|-heal|p1a: Gogoat|85/100|[from] drain|[of] p2a: Dipplin\n|move|p2a: Dipplin|Recover|p2a: Dipplin\n|-heal|p2a: Dipplin|284/284\n|\n|-heal|p1a: Gogoat|91/100|[from] item: Leftovers\n|upkeep\n|turn|17\n|request|{\"active\":[{\"moves\":[{\"move\":\"Sucker Punch\",\"id\":\"suckerpunch\",\"pp\":8,\"maxpp\":8,\"target\":\"normal\",\"disabled\":false},{\"move\":\"Giga Drain\",\"id\":\"gigadrain\",\"pp\":16,\"maxpp\":16,\"target\":\"normal\",\"disabled\":false},{\"move\":\"Dragon Pulse\",\"id\":\"dragonpulse\",\"pp\":13,\"maxpp\":16,\"target\":\"any\",\"disabled\":false},{\"move\":\"Recover\",\"id\":\"recover\",\"pp\":2,\"maxpp\":8,\"target\":\"self\",\"disabled\":false}],\"canTerastallize\":\"Steel\"}],\"side\":{\"name\":\"p0y001a265\",\"id\":\"p2\",\"pokemon\":[{\"ident\":\"p2: Dipplin\",\"details\":\"Dipplin, L88, F\",\"condition\":\"284/284\",\"active\":true,\"stats\":{\"atk\":191,\"def\":244,\"spa\":217,\"spd\":191,\"spe\":121},\"moves\":[\"suckerpunch\",\"gigadrain\",\"dragonpulse\",\"recover\"],\"baseAbility\":\"stickyhold\",\"item\":\"eviolite\",\"pokeball\":\"pokeball\",\"ability\":\"stickyhold\",\"commanding\":false,\"reviving\":false,\"teraType\":\"Steel\",\"terastallized\":\"\"},{\"ident\":\"p2: Brambleghast\",\"details\":\"Brambleghast, L88, F\",\"condition\":\"240/240\",\"active\":false,\"stats\":{\"atk\":253,\"def\":173,\"spa\":191,\"spd\":173,\"spe\":209},\"moves\":[\"poltergeist\",\"strengthsap\",\"rapidspin\",\"powerwhip\"],\"baseAbility\":\"windrider\",\"item\":\"heavydutyboots\",\"pokeball\":\"pokeball\",\"ability\":\"windrider\",\"commanding\":false,\"reviving\":false,\"teraType\":\"Water\",\"terastallized\":\"\"},{\"ident\":\"p2: Ting-Lu\",\"details\":\"Ting-Lu, L78\",\"condition\":\"370/370\",\"active\":false,\"stats\":{\"atk\":217,\"def\":240,\"spa\":131,\"spd\":170,\"spe\":115},\"moves\":[\"stealthrock\",\"earthquake\",\"payback\",\"heavyslam\"],\"baseAbility\":\"vesselofruin\",\"item\":\"leftovers\",\"pokeball\":\"pokeball\",\"ability\":\"vesselofruin\",\"commanding\":false,\"reviving\":false,\"teraType\":\"Ghost\",\"terastallized\":\"\"},{\"ident\":\"p2: Araquanid\",\"details\":\"Araquanid, L82, F\",\"condition\":\"78/246\",\"active\":false,\"stats\":{\"atk\":162,\"def\":198,\"spa\":129,\"spd\":264,\"spe\":116},\"moves\":[\"leechlife\",\"stickyweb\",\"hydropump\",\"liquidation\"],\"baseAbility\":\"waterbubble\",\"item\":\"heavydutyboots\",\"pokeball\":\"pokeball\",\"ability\":\"waterbubble\",\"commanding\":false,\"reviving\":false,\"teraType\":\"Water\",\"terastallized\":\"\"},{\"ident\":\"p2: Forretress\",\"details\":\"Forretress, L84, M\",\"condition\":\"0 fnt\",\"active\":false,\"stats\":{\"atk\":199,\"def\":283,\"spa\":149,\"spd\":149,\"spe\":115},\"moves\":[\"ironhead\",\"bodypress\",\"spikes\",\"rapidspin\"],\"baseAbility\":\"sturdy\",\"item\":\"leftovers\",\"pokeball\":\"pokeball\",\"ability\":\"sturdy\",\"commanding\":false,\"reviving\":false,\"teraType\":\"Fighting\",\"terastallized\":\"\"},{\"ident\":\"p2: Magcargo\",\"details\":\"Magcargo, L95, F\",\"condition\":\"268/268\",\"active\":false,\"stats\":{\"atk\":100,\"def\":282,\"spa\":225,\"spd\":206,\"spe\":111},\"moves\":[\"earthpower\",\"fireblast\",\"shellsmash\",\"powergem\"],\"baseAbility\":\"weakarmor\",\"item\":\"heavydutyboots\",\"pokeball\":\"pokeball\",\"ability\":\"weakarmor\",\"commanding\":false,\"reviving\":false,\"teraType\":\"Dragon\",\"terastallized\":\"\"}]},\"rqid\":37}\n|inactive|Time left: 300 sec this turn | 300 sec total\n|\n|t:|1783390614\n|move|p1a: Gogoat|Earthquake|p2a: Dipplin\n|-resisted|p2a: Dipplin\n|-damage|p2a: Dipplin|219/284\n|move|p2a: Dipplin|Dragon Pulse|p1a: Gogoat\n|-damage|p1a: Gogoat|65/100\n|\n|-heal|p1a: Gogoat|72/100|[from] item: Leftovers\n|upkeep\n|turn|18\n|request|{\"active\":[{\"moves\":[{\"move\":\"Sucker Punch\",\"id\":\"suckerpunch\",\"pp\":8,\"maxpp\":8,\"target\":\"normal\",\"disabled\":false},{\"move\":\"Giga Drain\",\"id\":\"gigadrain\",\"pp\":16,\"maxpp\":16,\"target\":\"normal\",\"disabled\":false},{\"move\":\"Dragon Pulse\",\"id\":\"dragonpulse\",\"pp\":12,\"maxpp\":16,\"target\":\"any\",\"disabled\":false},{\"move\":\"Recover\",\"id\":\"recover\",\"pp\":2,\"maxpp\":8,\"target\":\"self\",\"disabled\":false}],\"canTerastallize\":\"Steel\"}],\"side\":{\"name\":\"p0y001a265\",\"id\":\"p2\",\"pokemon\":[{\"ident\":\"p2: Dipplin\",\"details\":\"Dipplin, L88, F\",\"condition\":\"219/284\",\"active\":true,\"stats\":{\"atk\":191,\"def\":244,\"spa\":217,\"spd\":191,\"spe\":121},\"moves\":[\"suckerpunch\",\"gigadrain\",\"dragonpulse\",\"recover\"],\"baseAbility\":\"stickyhold\",\"item\":\"eviolite\",\"pokeball\":\"pokeball\",\"ability\":\"stickyhold\",\"commanding\":false,\"reviving\":false,\"teraType\":\"Steel\",\"terastallized\":\"\"},{\"ident\":\"p2: Brambleghast\",\"details\":\"Brambleghast, L88, F\",\"condition\":\"240/240\",\"active\":false,\"stats\":{\"atk\":253,\"def\":173,\"spa\":191,\"spd\":173,\"spe\":209},\"moves\":[\"poltergeist\",\"strengthsap\",\"rapidspin\",\"powerwhip\"],\"baseAbility\":\"windrider\",\"item\":\"heavydutyboots\",\"pokeball\":\"pokeball\",\"ability\":\"windrider\",\"commanding\":false,\"reviving\":false,\"teraType\":\"Water\",\"terastallized\":\"\"},{\"ident\":\"p2: Ting-Lu\",\"details\":\"Ting-Lu, L78\",\"condition\":\"370/370\",\"active\":false,\"stats\":{\"atk\":217,\"def\":240,\"spa\":131,\"spd\":170,\"spe\":115},\"moves\":[\"stealthrock\",\"earthquake\",\"payback\",\"heavyslam\"],\"baseAbility\":\"vesselofruin\",\"item\":\"leftovers\",\"pokeball\":\"pokeball\",\"ability\":\"vesselofruin\",\"commanding\":false,\"reviving\":false,\"teraType\":\"Ghost\",\"terastallized\":\"\"},{\"ident\":\"p2: Araquanid\",\"details\":\"Araquanid, L82, F\",\"condition\":\"78/246\",\"active\":false,\"stats\":{\"atk\":162,\"def\":198,\"spa\":129,\"spd\":264,\"spe\":116},\"moves\":[\"leechlife\",\"stickyweb\",\"hydropump\",\"liquidation\"],\"baseAbility\":\"waterbubble\",\"item\":\"heavydutyboots\",\"pokeball\":\"pokeball\",\"ability\":\"waterbubble\",\"commanding\":false,\"reviving\":false,\"teraType\":\"Water\",\"terastallized\":\"\"},{\"ident\":\"p2: Forretress\",\"details\":\"Forretress, L84, M\",\"condition\":\"0 fnt\",\"active\":false,\"stats\":{\"atk\":199,\"def\":283,\"spa\":149,\"spd\":149,\"spe\":115},\"moves\":[\"ironhead\",\"bodypress\",\"spikes\",\"rapidspin\"],\"baseAbility\":\"sturdy\",\"item\":\"leftovers\",\"pokeball\":\"pokeball\",\"ability\":\"sturdy\",\"commanding\":false,\"reviving\":false,\"teraType\":\"Fighting\",\"terastallized\":\"\"},{\"ident\":\"p2: Magcargo\",\"details\":\"Magcargo, L95, F\",\"condition\":\"268/268\",\"active\":false,\"stats\":{\"atk\":100,\"def\":282,\"spa\":225,\"spd\":206,\"spe\":111},\"moves\":[\"earthpower\",\"fireblast\",\"shellsmash\",\"powergem\"],\"baseAbility\":\"weakarmor\",\"item\":\"heavydutyboots\",\"pokeball\":\"pokeball\",\"ability\":\"weakarmor\",\"commanding\":false,\"reviving\":false,\"teraType\":\"Dragon\",\"terastallized\":\"\"}]},\"rqid\":39}\n|inactive|Time left: 300 sec this turn | 300 sec total\n|\n|t:|1783390614\n|move|p1a: Gogoat|Horn Leech|p2a: Dipplin\n|-resisted|p2a: Dipplin\n|-damage|p2a: Dipplin|186/284\n|-heal|p1a: Gogoat|76/100|[from] drain|[of] p2a: Dipplin\n|move|p2a: Dipplin|Recover|p2a: Dipplin\n|-heal|p2a: Dipplin|284/284\n|\n|-heal|p1a: Gogoat|82/100|[from] item: Leftovers\n|upkeep\n|turn|19\n|request|{\"active\":[{\"moves\":[{\"move\":\"Sucker Punch\",\"id\":\"suckerpunch\",\"pp\":8,\"maxpp\":8,\"target\":\"normal\",\"disabled\":false},{\"move\":\"Giga Drain\",\"id\":\"gigadrain\",\"pp\":16,\"maxpp\":16,\"target\":\"normal\",\"disabled\":false},{\"move\":\"Dragon Pulse\",\"id\":\"dragonpulse\",\"pp\":12,\"maxpp\":16,\"target\":\"any\",\"disabled\":false},{\"move\":\"Recover\",\"id\":\"recover\",\"pp\":1,\"maxpp\":8,\"target\":\"self\",\"disabled\":false}],\"canTerastallize\":\"Steel\"}],\"side\":{\"name\":\"p0y001a265\",\"id\":\"p2\",\"pokemon\":[{\"ident\":\"p2: Dipplin\",\"details\":\"Dipplin, L88, F\",\"condition\":\"284/284\",\"active\":true,\"stats\":{\"atk\":191,\"def\":244,\"spa\":217,\"spd\":191,\"spe\":121},\"moves\":[\"suckerpunch\",\"gigadrain\",\"dragonpulse\",\"recover\"],\"baseAbility\":\"stickyhold\",\"item\":\"eviolite\",\"pokeball\":\"pokeball\",\"ability\":\"stickyhold\",\"commanding\":false,\"reviving\":false,\"teraType\":\"Steel\",\"terastallized\":\"\"},{\"ident\":\"p2: Brambleghast\",\"details\":\"Brambleghast, L88, F\",\"condition\":\"240/240\",\"active\":false,\"stats\":{\"atk\":253,\"def\":173,\"spa\":191,\"spd\":173,\"spe\":209},\"moves\":[\"poltergeist\",\"strengthsap\",\"rapidspin\",\"powerwhip\"],\"baseAbility\":\"windrider\",\"item\":\"heavydutyboots\",\"pokeball\":\"pokeball\",\"ability\":\"windrider\",\"commanding\":false,\"reviving\":false,\"teraType\":\"Water\",\"terastallized\":\"\"},{\"ident\":\"p2: Ting-Lu\",\"details\":\"Ting-Lu, L78\",\"condition\":\"370/370\",\"active\":false,\"stats\":{\"atk\":217,\"def\":240,\"spa\":131,\"spd\":170,\"spe\":115},\"moves\":[\"stealthrock\",\"earthquake\",\"payback\",\"heavyslam\"],\"baseAbility\":\"vesselofruin\",\"item\":\"leftovers\",\"pokeball\":\"pokeball\",\"ability\":\"vesselofruin\",\"commanding\":false,\"reviving\":false,\"teraType\":\"Ghost\",\"terastallized\":\"\"},{\"ident\":\"p2: Araquanid\",\"details\":\"Araquanid, L82, F\",\"condition\":\"78/246\",\"active\":false,\"stats\":{\"atk\":162,\"def\":198,\"spa\":129,\"spd\":264,\"spe\":116},\"moves\":[\"leechlife\",\"stickyweb\",\"hydropump\",\"liquidation\"],\"baseAbility\":\"waterbubble\",\"item\":\"heavydutyboots\",\"pokeball\":\"pokeball\",\"ability\":\"waterbubble\",\"commanding\":false,\"reviving\":false,\"teraType\":\"Water\",\"terastallized\":\"\"},{\"ident\":\"p2: Forretress\",\"details\":\"Forretress, L84, M\",\"condition\":\"0 fnt\",\"active\":false,\"stats\":{\"atk\":199,\"def\":283,\"spa\":149,\"spd\":149,\"spe\":115},\"moves\":[\"ironhead\",\"bodypress\",\"spikes\",\"rapidspin\"],\"baseAbility\":\"sturdy\",\"item\":\"leftovers\",\"pokeball\":\"pokeball\",\"ability\":\"sturdy\",\"commanding\":false,\"reviving\":false,\"teraType\":\"Fighting\",\"terastallized\":\"\"},{\"ident\":\"p2: Magcargo\",\"details\":\"Magcargo, L95, F\",\"condition\":\"268/268\",\"active\":false,\"stats\":{\"atk\":100,\"def\":282,\"spa\":225,\"spd\":206,\"spe\":111},\"moves\":[\"earthpower\",\"fireblast\",\"shellsmash\",\"powergem\"],\"baseAbility\":\"weakarmor\",\"item\":\"heavydutyboots\",\"pokeball\":\"pokeball\",\"ability\":\"weakarmor\",\"commanding\":false,\"reviving\":false,\"teraType\":\"Dragon\",\"terastallized\":\"\"}]},\"rqid\":41}\n|inactive|Time left: 300 sec this turn | 300 sec total\n|\n|t:|1783390614\n|move|p1a: Gogoat|Earthquake|p2a: Dipplin\n|-resisted|p2a: Dipplin\n|-damage|p2a: Dipplin|219/284\n|move|p2a: Dipplin|Dragon Pulse|p1a: Gogoat\n|-damage|p1a: Gogoat|57/100\n|\n|-heal|p1a: Gogoat|63/100|[from] item: Leftovers\n|upkeep\n|turn|20\n|request|{\"active\":[{\"moves\":[{\"move\":\"Sucker Punch\",\"id\":\"suckerpunch\",\"pp\":8,\"maxpp\":8,\"target\":\"normal\",\"disabled\":false},{\"move\":\"Giga Drain\",\"id\":\"gigadrain\",\"pp\":16,\"maxpp\":16,\"target\":\"normal\",\"disabled\":false},{\"move\":\"Dragon Pulse\",\"id\":\"dragonpulse\",\"pp\":11,\"maxpp\":16,\"target\":\"any\",\"disabled\":false},{\"move\":\"Recover\",\"id\":\"recover\",\"pp\":1,\"maxpp\":8,\"target\":\"self\",\"disabled\":false}],\"canTerastallize\":\"Steel\"}],\"side\":{\"name\":\"p0y001a265\",\"id\":\"p2\",\"pokemon\":[{\"ident\":\"p2: Dipplin\",\"details\":\"Dipplin, L88, F\",\"condition\":\"219/284\",\"active\":true,\"stats\":{\"atk\":191,\"def\":244,\"spa\":217,\"spd\":191,\"spe\":121},\"moves\":[\"suckerpunch\",\"gigadrain\",\"dragonpulse\",\"recover\"],\"baseAbility\":\"stickyhold\",\"item\":\"eviolite\",\"pokeball\":\"pokeball\",\"ability\":\"stickyhold\",\"commanding\":false,\"reviving\":false,\"teraType\":\"Steel\",\"terastallized\":\"\"},{\"ident\":\"p2: Brambleghast\",\"details\":\"Brambleghast, L88, F\",\"condition\":\"240/240\",\"active\":false,\"stats\":{\"atk\":253,\"def\":173,\"spa\":191,\"spd\":173,\"spe\":209},\"moves\":[\"poltergeist\",\"strengthsap\",\"rapidspin\",\"powerwhip\"],\"baseAbility\":\"windrider\",\"item\":\"heavydutyboots\",\"pokeball\":\"pokeball\",\"ability\":\"windrider\",\"commanding\":false,\"reviving\":false,\"teraType\":\"Water\",\"terastallized\":\"\"},{\"ident\":\"p2: Ting-Lu\",\"details\":\"Ting-Lu, L78\",\"condition\":\"370/370\",\"active\":false,\"stats\":{\"atk\":217,\"def\":240,\"spa\":131,\"spd\":170,\"spe\":115},\"moves\":[\"stealthrock\",\"earthquake\",\"payback\",\"heavyslam\"],\"baseAbility\":\"vesselofruin\",\"item\":\"leftovers\",\"pokeball\":\"pokeball\",\"ability\":\"vesselofruin\",\"commanding\":false,\"reviving\":false,\"teraType\":\"Ghost\",\"terastallized\":\"\"},{\"ident\":\"p2: Araquanid\",\"details\":\"Araquanid, L82, F\",\"condition\":\"78/246\",\"active\":false,\"stats\":{\"atk\":162,\"def\":198,\"spa\":129,\"spd\":264,\"spe\":116},\"moves\":[\"leechlife\",\"stickyweb\",\"hydropump\",\"liquidation\"],\"baseAbility\":\"waterbubble\",\"item\":\"heavydutyboots\",\"pokeball\":\"pokeball\",\"ability\":\"waterbubble\",\"commanding\":false,\"reviving\":false,\"teraType\":\"Water\",\"terastallized\":\"\"},{\"ident\":\"p2: Forretress\",\"details\":\"Forretress, L84, M\",\"condition\":\"0 fnt\",\"active\":false,\"stats\":{\"atk\":199,\"def\":283,\"spa\":149,\"spd\":149,\"spe\":115},\"moves\":[\"ironhead\",\"bodypress\",\"spikes\",\"rapidspin\"],\"baseAbility\":\"sturdy\",\"item\":\"leftovers\",\"pokeball\":\"pokeball\",\"ability\":\"sturdy\",\"commanding\":false,\"reviving\":false,\"teraType\":\"Fighting\",\"terastallized\":\"\"},{\"ident\":\"p2: Magcargo\",\"details\":\"Magcargo, L95, F\",\"condition\":\"268/268\",\"active\":false,\"stats\":{\"atk\":100,\"def\":282,\"spa\":225,\"spd\":206,\"spe\":111},\"moves\":[\"earthpower\",\"fireblast\",\"shellsmash\",\"powergem\"],\"baseAbility\":\"weakarmor\",\"item\":\"heavydutyboots\",\"pokeball\":\"pokeball\",\"ability\":\"weakarmor\",\"commanding\":false,\"reviving\":false,\"teraType\":\"Dragon\",\"terastallized\":\"\"}]},\"rqid\":43}\n|inactive|Time left: 300 sec this turn | 300 sec total\n|\n|t:|1783390614\n|move|p1a: Gogoat|Earthquake|p2a: Dipplin\n|-resisted|p2a: Dipplin\n|-damage|p2a: Dipplin|153/284\n|move|p2a: Dipplin|Dragon Pulse|p1a: Gogoat\n|-damage|p1a: Gogoat|37/100\n|\n|-heal|p1a: Gogoat|44/100|[from] item: Leftovers\n|upkeep\n|turn|21\n|request|{\"active\":[{\"moves\":[{\"move\":\"Sucker Punch\",\"id\":\"suckerpunch\",\"pp\":8,\"maxpp\":8,\"target\":\"normal\",\"disabled\":false},{\"move\":\"Giga Drain\",\"id\":\"gigadrain\",\"pp\":16,\"maxpp\":16,\"target\":\"normal\",\"disabled\":false},{\"move\":\"Dragon Pulse\",\"id\":\"dragonpulse\",\"pp\":10,\"maxpp\":16,\"target\":\"any\",\"disabled\":false},{\"move\":\"Recover\",\"id\":\"recover\",\"pp\":1,\"maxpp\":8,\"target\":\"self\",\"disabled\":false}],\"canTerastallize\":\"Steel\"}],\"side\":{\"name\":\"p0y001a265\",\"id\":\"p2\",\"pokemon\":[{\"ident\":\"p2: Dipplin\",\"details\":\"Dipplin, L88, F\",\"condition\":\"153/284\",\"active\":true,\"stats\":{\"atk\":191,\"def\":244,\"spa\":217,\"spd\":191,\"spe\":121},\"moves\":[\"suckerpunch\",\"gigadrain\",\"dragonpulse\",\"recover\"],\"baseAbility\":\"stickyhold\",\"item\":\"eviolite\",\"pokeball\":\"pokeball\",\"ability\":\"stickyhold\",\"commanding\":false,\"reviving\":false,\"teraType\":\"Steel\",\"terastallized\":\"\"},{\"ident\":\"p2: Brambleghast\",\"details\":\"Brambleghast, L88, F\",\"condition\":\"240/240\",\"active\":false,\"stats\":{\"atk\":253,\"def\":173,\"spa\":191,\"spd\":173,\"spe\":209},\"moves\":[\"poltergeist\",\"strengthsap\",\"rapidspin\",\"powerwhip\"],\"baseAbility\":\"windrider\",\"item\":\"heavydutyboots\",\"pokeball\":\"pokeball\",\"ability\":\"windrider\",\"commanding\":false,\"reviving\":false,\"teraType\":\"Water\",\"terastallized\":\"\"},{\"ident\":\"p2: Ting-Lu\",\"details\":\"Ting-Lu, L78\",\"condition\":\"370/370\",\"active\":false,\"stats\":{\"atk\":217,\"def\":240,\"spa\":131,\"spd\":170,\"spe\":115},\"moves\":[\"stealthrock\",\"earthquake\",\"payback\",\"heavyslam\"],\"baseAbility\":\"vesselofruin\",\"item\":\"leftovers\",\"pokeball\":\"pokeball\",\"ability\":\"vesselofruin\",\"commanding\":false,\"reviving\":false,\"teraType\":\"Ghost\",\"terastallized\":\"\"},{\"ident\":\"p2: Araquanid\",\"details\":\"Araquanid, L82, F\",\"condition\":\"78/246\",\"active\":false,\"stats\":{\"atk\":162,\"def\":198,\"spa\":129,\"spd\":264,\"spe\":116},\"moves\":[\"leechlife\",\"stickyweb\",\"hydropump\",\"liquidation\"],\"baseAbility\":\"waterbubble\",\"item\":\"heavydutyboots\",\"pokeball\":\"pokeball\",\"ability\":\"waterbubble\",\"commanding\":false,\"reviving\":false,\"teraType\":\"Water\",\"terastallized\":\"\"},{\"ident\":\"p2: Forretress\",\"details\":\"Forretress, L84, M\",\"condition\":\"0 fnt\",\"active\":false,\"stats\":{\"atk\":199,\"def\":283,\"spa\":149,\"spd\":149,\"spe\":115},\"moves\":[\"ironhead\",\"bodypress\",\"spikes\",\"rapidspin\"],\"baseAbility\":\"sturdy\",\"item\":\"leftovers\",\"pokeball\":\"pokeball\",\"ability\":\"sturdy\",\"commanding\":false,\"reviving\":false,\"teraType\":\"Fighting\",\"terastallized\":\"\"},{\"ident\":\"p2: Magcargo\",\"details\":\"Magcargo, L95, F\",\"condition\":\"268/268\",\"active\":false,\"stats\":{\"atk\":100,\"def\":282,\"spa\":225,\"spd\":206,\"spe\":111},\"moves\":[\"earthpower\",\"fireblast\",\"shellsmash\",\"powergem\"],\"baseAbility\":\"weakarmor\",\"item\":\"heavydutyboots\",\"pokeball\":\"pokeball\",\"ability\":\"weakarmor\",\"commanding\":false,\"reviving\":false,\"teraType\":\"Dragon\",\"terastallized\":\"\"}]},\"rqid\":45}\n|inactive|Time left: 300 sec this turn | 300 sec total\n|\n|t:|1783390615\n|move|p1a: Gogoat|Milk Drink|p1a: Gogoat\n|-heal|p1a: Gogoat|94/100\n|move|p2a: Dipplin|Recover|p2a: Dipplin\n|-heal|p2a: Dipplin|284/284\n|\n|-heal|p1a: Gogoat|99/100|[from] item: Leftovers\n|upkeep\n|turn|22\n|request|{\"active\":[{\"moves\":[{\"move\":\"Sucker Punch\",\"id\":\"suckerpunch\",\"pp\":8,\"maxpp\":8,\"target\":\"normal\",\"disabled\":false},{\"move\":\"Giga Drain\",\"id\":\"gigadrain\",\"pp\":16,\"maxpp\":16,\"target\":\"normal\",\"disabled\":false},{\"move\":\"Dragon Pulse\",\"id\":\"dragonpulse\",\"pp\":10,\"maxpp\":16,\"target\":\"any\",\"disabled\":false},{\"move\":\"Recover\",\"id\":\"recover\",\"pp\":0,\"maxpp\":8,\"target\":\"self\",\"disabled\":true}],\"canTerastallize\":\"Steel\"}],\"side\":{\"name\":\"p0y001a265\",\"id\":\"p2\",\"pokemon\":[{\"ident\":\"p2: Dipplin\",\"details\":\"Dipplin, L88, F\",\"condition\":\"284/284\",\"active\":true,\"stats\":{\"atk\":191,\"def\":244,\"spa\":217,\"spd\":191,\"spe\":121},\"moves\":[\"suckerpunch\",\"gigadrain\",\"dragonpulse\",\"recover\"],\"baseAbility\":\"stickyhold\",\"item\":\"eviolite\",\"pokeball\":\"pokeball\",\"ability\":\"stickyhold\",\"commanding\":false,\"reviving\":false,\"teraType\":\"Steel\",\"terastallized\":\"\"},{\"ident\":\"p2: Brambleghast\",\"details\":\"Brambleghast, L88, F\",\"condition\":\"240/240\",\"active\":false,\"stats\":{\"atk\":253,\"def\":173,\"spa\":191,\"spd\":173,\"spe\":209},\"moves\":[\"poltergeist\",\"strengthsap\",\"rapidspin\",\"powerwhip\"],\"baseAbility\":\"windrider\",\"item\":\"heavydutyboots\",\"pokeball\":\"pokeball\",\"ability\":\"windrider\",\"commanding\":false,\"reviving\":false,\"teraType\":\"Water\",\"terastallized\":\"\"},{\"ident\":\"p2: Ting-Lu\",\"details\":\"Ting-Lu, L78\",\"condition\":\"370/370\",\"active\":false,\"stats\":{\"atk\":217,\"def\":240,\"spa\":131,\"spd\":170,\"spe\":115},\"moves\":[\"stealthrock\",\"earthquake\",\"payback\",\"heavyslam\"],\"baseAbility\":\"vesselofruin\",\"item\":\"leftovers\",\"pokeball\":\"pokeball\",\"ability\":\"vesselofruin\",\"commanding\":false,\"reviving\":false,\"teraType\":\"Ghost\",\"terastallized\":\"\"},{\"ident\":\"p2: Araquanid\",\"details\":\"Araquanid, L82, F\",\"condition\":\"78/246\",\"active\":false,\"stats\":{\"atk\":162,\"def\":198,\"spa\":129,\"spd\":264,\"spe\":116},\"moves\":[\"leechlife\",\"stickyweb\",\"hydropump\",\"liquidation\"],\"baseAbility\":\"waterbubble\",\"item\":\"heavydutyboots\",\"pokeball\":\"pokeball\",\"ability\":\"waterbubble\",\"commanding\":false,\"reviving\":false,\"teraType\":\"Water\",\"terastallized\":\"\"},{\"ident\":\"p2: Forretress\",\"details\":\"Forretress, L84, M\",\"condition\":\"0 fnt\",\"active\":false,\"stats\":{\"atk\":199,\"def\":283,\"spa\":149,\"spd\":149,\"spe\":115},\"moves\":[\"ironhead\",\"bodypress\",\"spikes\",\"rapidspin\"],\"baseAbility\":\"sturdy\",\"item\":\"leftovers\",\"pokeball\":\"pokeball\",\"ability\":\"sturdy\",\"commanding\":false,\"reviving\":false,\"teraType\":\"Fighting\",\"terastallized\":\"\"},{\"ident\":\"p2: Magcargo\",\"details\":\"Magcargo, L95, F\",\"condition\":\"268/268\",\"active\":false,\"stats\":{\"atk\":100,\"def\":282,\"spa\":225,\"spd\":206,\"spe\":111},\"moves\":[\"earthpower\",\"fireblast\",\"shellsmash\",\"powergem\"],\"baseAbility\":\"weakarmor\",\"item\":\"heavydutyboots\",\"pokeball\":\"pokeball\",\"ability\":\"weakarmor\",\"commanding\":false,\"reviving\":false,\"teraType\":\"Dragon\",\"terastallized\":\"\"}]},\"rqid\":47}\n|inactive|Time left: 300 sec this turn | 300 sec total\n|\n|t:|1783390615\n|move|p1a: Gogoat|Earthquake|p2a: Dipplin\n|-resisted|p2a: Dipplin\n|-damage|p2a: Dipplin|218/284\n|move|p2a: Dipplin|Dragon Pulse|p1a: Gogoat\n|-damage|p1a: Gogoat|70/100\n|\n|-heal|p1a: Gogoat|76/100|[from] item: Leftovers\n|upkeep\n|turn|23\n|request|{\"active\":[{\"moves\":[{\"move\":\"Sucker Punch\",\"id\":\"suckerpunch\",\"pp\":8,\"maxpp\":8,\"target\":\"normal\",\"disabled\":false},{\"move\":\"Giga Drain\",\"id\":\"gigadrain\",\"pp\":16,\"maxpp\":16,\"target\":\"normal\",\"disabled\":false},{\"move\":\"Dragon Pulse\",\"id\":\"dragonpulse\",\"pp\":9,\"maxpp\":16,\"target\":\"any\",\"disabled\":false},{\"move\":\"Recover\",\"id\":\"recover\",\"pp\":0,\"maxpp\":8,\"target\":\"self\",\"disabled\":true}],\"canTerastallize\":\"Steel\"}],\"side\":{\"name\":\"p0y001a265\",\"id\":\"p2\",\"pokemon\":[{\"ident\":\"p2: Dipplin\",\"details\":\"Dipplin, L88, F\",\"condition\":\"218/284\",\"active\":true,\"stats\":{\"atk\":191,\"def\":244,\"spa\":217,\"spd\":191,\"spe\":121},\"moves\":[\"suckerpunch\",\"gigadrain\",\"dragonpulse\",\"recover\"],\"baseAbility\":\"stickyhold\",\"item\":\"eviolite\",\"pokeball\":\"pokeball\",\"ability\":\"stickyhold\",\"commanding\":false,\"reviving\":false,\"teraType\":\"Steel\",\"terastallized\":\"\"},{\"ident\":\"p2: Brambleghast\",\"details\":\"Brambleghast, L88, F\",\"condition\":\"240/240\",\"active\":false,\"stats\":{\"atk\":253,\"def\":173,\"spa\":191,\"spd\":173,\"spe\":209},\"moves\":[\"poltergeist\",\"strengthsap\",\"rapidspin\",\"powerwhip\"],\"baseAbility\":\"windrider\",\"item\":\"heavydutyboots\",\"pokeball\":\"pokeball\",\"ability\":\"windrider\",\"commanding\":false,\"reviving\":false,\"teraType\":\"Water\",\"terastallized\":\"\"},{\"ident\":\"p2: Ting-Lu\",\"details\":\"Ting-Lu, L78\",\"condition\":\"370/370\",\"active\":false,\"stats\":{\"atk\":217,\"def\":240,\"spa\":131,\"spd\":170,\"spe\":115},\"moves\":[\"stealthrock\",\"earthquake\",\"payback\",\"heavyslam\"],\"baseAbility\":\"vesselofruin\",\"item\":\"leftovers\",\"pokeball\":\"pokeball\",\"ability\":\"vesselofruin\",\"commanding\":false,\"reviving\":false,\"teraType\":\"Ghost\",\"terastallized\":\"\"},{\"ident\":\"p2: Araquanid\",\"details\":\"Araquanid, L82, F\",\"condition\":\"78/246\",\"active\":false,\"stats\":{\"atk\":162,\"def\":198,\"spa\":129,\"spd\":264,\"spe\":116},\"moves\":[\"leechlife\",\"stickyweb\",\"hydropump\",\"liquidation\"],\"baseAbility\":\"waterbubble\",\"item\":\"heavydutyboots\",\"pokeball\":\"pokeball\",\"ability\":\"waterbubble\",\"commanding\":false,\"reviving\":false,\"teraType\":\"Water\",\"terastallized\":\"\"},{\"ident\":\"p2: Forretress\",\"details\":\"Forretress, L84, M\",\"condition\":\"0 fnt\",\"active\":false,\"stats\":{\"atk\":199,\"def\":283,\"spa\":149,\"spd\":149,\"spe\":115},\"moves\":[\"ironhead\",\"bodypress\",\"spikes\",\"rapidspin\"],\"baseAbility\":\"sturdy\",\"item\":\"leftovers\",\"pokeball\":\"pokeball\",\"ability\":\"sturdy\",\"commanding\":false,\"reviving\":false,\"teraType\":\"Fighting\",\"terastallized\":\"\"},{\"ident\":\"p2: Magcargo\",\"details\":\"Magcargo, L95, F\",\"condition\":\"268/268\",\"active\":false,\"stats\":{\"atk\":100,\"def\":282,\"spa\":225,\"spd\":206,\"spe\":111},\"moves\":[\"earthpower\",\"fireblast\",\"shellsmash\",\"powergem\"],\"baseAbility\":\"weakarmor\",\"item\":\"heavydutyboots\",\"pokeball\":\"pokeball\",\"ability\":\"weakarmor\",\"commanding\":false,\"reviving\":false,\"teraType\":\"Dragon\",\"terastallized\":\"\"}]},\"rqid\":49}\n|inactive|Time left: 300 sec this turn | 300 sec total\n|\n|t:|1783390615\n|move|p1a: Gogoat|Horn Leech|p2a: Dipplin\n|-resisted|p2a: Dipplin\n|-damage|p2a: Dipplin|183/284\n|-heal|p1a: Gogoat|81/100|[from] drain|[of] p2a: Dipplin\n|move|p2a: Dipplin|Dragon Pulse|p1a: Gogoat\n|-damage|p1a: Gogoat|53/100\n|\n|-heal|p1a: Gogoat|59/100|[from] item: Leftovers\n|upkeep\n|turn|24\n|request|{\"active\":[{\"moves\":[{\"move\":\"Sucker Punch\",\"id\":\"suckerpunch\",\"pp\":8,\"maxpp\":8,\"target\":\"normal\",\"disabled\":false},{\"move\":\"Giga Drain\",\"id\":\"gigadrain\",\"pp\":16,\"maxpp\":16,\"target\":\"normal\",\"disabled\":false},{\"move\":\"Dragon Pulse\",\"id\":\"dragonpulse\",\"pp\":8,\"maxpp\":16,\"target\":\"any\",\"disabled\":false},{\"move\":\"Recover\",\"id\":\"recover\",\"pp\":0,\"maxpp\":8,\"target\":\"self\",\"disabled\":true}],\"canTerastallize\":\"Steel\"}],\"side\":{\"name\":\"p0y001a265\",\"id\":\"p2\",\"pokemon\":[{\"ident\":\"p2: Dipplin\",\"details\":\"Dipplin, L88, F\",\"condition\":\"183/284\",\"active\":true,\"stats\":{\"atk\":191,\"def\":244,\"spa\":217,\"spd\":191,\"spe\":121},\"moves\":[\"suckerpunch\",\"gigadrain\",\"dragonpulse\",\"recover\"],\"baseAbility\":\"stickyhold\",\"item\":\"eviolite\",\"pokeball\":\"pokeball\",\"ability\":\"stickyhold\",\"commanding\":false,\"reviving\":false,\"teraType\":\"Steel\",\"terastallized\":\"\"},{\"ident\":\"p2: Brambleghast\",\"details\":\"Brambleghast, L88, F\",\"condition\":\"240/240\",\"active\":false,\"stats\":{\"atk\":253,\"def\":173,\"spa\":191,\"spd\":173,\"spe\":209},\"moves\":[\"poltergeist\",\"strengthsap\",\"rapidspin\",\"powerwhip\"],\"baseAbility\":\"windrider\",\"item\":\"heavydutyboots\",\"pokeball\":\"pokeball\",\"ability\":\"windrider\",\"commanding\":false,\"reviving\":false,\"teraType\":\"Water\",\"terastallized\":\"\"},{\"ident\":\"p2: Ting-Lu\",\"details\":\"Ting-Lu, L78\",\"condition\":\"370/370\",\"active\":false,\"stats\":{\"atk\":217,\"def\":240,\"spa\":131,\"spd\":170,\"spe\":115},\"moves\":[\"stealthrock\",\"earthquake\",\"payback\",\"heavyslam\"],\"baseAbility\":\"vesselofruin\",\"item\":\"leftovers\",\"pokeball\":\"pokeball\",\"ability\":\"vesselofruin\",\"commanding\":false,\"reviving\":false,\"teraType\":\"Ghost\",\"terastallized\":\"\"},{\"ident\":\"p2: Araquanid\",\"details\":\"Araquanid, L82, F\",\"condition\":\"78/246\",\"active\":false,\"stats\":{\"atk\":162,\"def\":198,\"spa\":129,\"spd\":264,\"spe\":116},\"moves\":[\"leechlife\",\"stickyweb\",\"hydropump\",\"liquidation\"],\"baseAbility\":\"waterbubble\",\"item\":\"heavydutyboots\",\"pokeball\":\"pokeball\",\"ability\":\"waterbubble\",\"commanding\":false,\"reviving\":false,\"teraType\":\"Water\",\"terastallized\":\"\"},{\"ident\":\"p2: Forretress\",\"details\":\"Forretress, L84, M\",\"condition\":\"0 fnt\",\"active\":false,\"stats\":{\"atk\":199,\"def\":283,\"spa\":149,\"spd\":149,\"spe\":115},\"moves\":[\"ironhead\",\"bodypress\",\"spikes\",\"rapidspin\"],\"baseAbility\":\"sturdy\",\"item\":\"leftovers\",\"pokeball\":\"pokeball\",\"ability\":\"sturdy\",\"commanding\":false,\"reviving\":false,\"teraType\":\"Fighting\",\"terastallized\":\"\"},{\"ident\":\"p2: Magcargo\",\"details\":\"Magcargo, L95, F\",\"condition\":\"268/268\",\"active\":false,\"stats\":{\"atk\":100,\"def\":282,\"spa\":225,\"spd\":206,\"spe\":111},\"moves\":[\"earthpower\",\"fireblast\",\"shellsmash\",\"powergem\"],\"baseAbility\":\"weakarmor\",\"item\":\"heavydutyboots\",\"pokeball\":\"pokeball\",\"ability\":\"weakarmor\",\"commanding\":false,\"reviving\":false,\"teraType\":\"Dragon\",\"terastallized\":\"\"}]},\"rqid\":51}\n|inactive|Time left: 300 sec this turn | 300 sec total\n|\n|t:|1783390615\n|move|p1a: Gogoat|Milk Drink|p1a: Gogoat\n|-heal|p1a: Gogoat|100/100\n|move|p2a: Dipplin|Dragon Pulse|p1a: Gogoat\n|-damage|p1a: Gogoat|75/100\n|\n|-heal|p1a: Gogoat|81/100|[from] item: Leftovers\n|upkeep\n|turn|25\n|request|{\"active\":[{\"moves\":[{\"move\":\"Sucker Punch\",\"id\":\"suckerpunch\",\"pp\":8,\"maxpp\":8,\"target\":\"normal\",\"disabled\":false},{\"move\":\"Giga Drain\",\"id\":\"gigadrain\",\"pp\":16,\"maxpp\":16,\"target\":\"normal\",\"disabled\":false},{\"move\":\"Dragon Pulse\",\"id\":\"dragonpulse\",\"pp\":7,\"maxpp\":16,\"target\":\"any\",\"disabled\":false},{\"move\":\"Recover\",\"id\":\"recover\",\"pp\":0,\"maxpp\":8,\"target\":\"self\",\"disabled\":true}],\"canTerastallize\":\"Steel\"}],\"side\":{\"name\":\"p0y001a265\",\"id\":\"p2\",\"pokemon\":[{\"ident\":\"p2: Dipplin\",\"details\":\"Dipplin, L88, F\",\"condition\":\"183/284\",\"active\":true,\"stats\":{\"atk\":191,\"def\":244,\"spa\":217,\"spd\":191,\"spe\":121},\"moves\":[\"suckerpunch\",\"gigadrain\",\"dragonpulse\",\"recover\"],\"baseAbility\":\"stickyhold\",\"item\":\"eviolite\",\"pokeball\":\"pokeball\",\"ability\":\"stickyhold\",\"commanding\":false,\"reviving\":false,\"teraType\":\"Steel\",\"terastallized\":\"\"},{\"ident\":\"p2: Brambleghast\",\"details\":\"Brambleghast, L88, F\",\"condition\":\"240/240\",\"active\":false,\"stats\":{\"atk\":253,\"def\":173,\"spa\":191,\"spd\":173,\"spe\":209},\"moves\":[\"poltergeist\",\"strengthsap\",\"rapidspin\",\"powerwhip\"],\"baseAbility\":\"windrider\",\"item\":\"heavydutyboots\",\"pokeball\":\"pokeball\",\"ability\":\"windrider\",\"commanding\":false,\"reviving\":false,\"teraType\":\"Water\",\"terastallized\":\"\"},{\"ident\":\"p2: Ting-Lu\",\"details\":\"Ting-Lu, L78\",\"condition\":\"370/370\",\"active\":false,\"stats\":{\"atk\":217,\"def\":240,\"spa\":131,\"spd\":170,\"spe\":115},\"moves\":[\"stealthrock\",\"earthquake\",\"payback\",\"heavyslam\"],\"baseAbility\":\"vesselofruin\",\"item\":\"leftovers\",\"pokeball\":\"pokeball\",\"ability\":\"vesselofruin\",\"commanding\":false,\"reviving\":false,\"teraType\":\"Ghost\",\"terastallized\":\"\"},{\"ident\":\"p2: Araquanid\",\"details\":\"Araquanid, L82, F\",\"condition\":\"78/246\",\"active\":false,\"stats\":{\"atk\":162,\"def\":198,\"spa\":129,\"spd\":264,\"spe\":116},\"moves\":[\"leechlife\",\"stickyweb\",\"hydropump\",\"liquidation\"],\"baseAbility\":\"waterbubble\",\"item\":\"heavydutyboots\",\"pokeball\":\"pokeball\",\"ability\":\"waterbubble\",\"commanding\":false,\"reviving\":false,\"teraType\":\"Water\",\"terastallized\":\"\"},{\"ident\":\"p2: Forretress\",\"details\":\"Forretress, L84, M\",\"condition\":\"0 fnt\",\"active\":false,\"stats\":{\"atk\":199,\"def\":283,\"spa\":149,\"spd\":149,\"spe\":115},\"moves\":[\"ironhead\",\"bodypress\",\"spikes\",\"rapidspin\"],\"baseAbility\":\"sturdy\",\"item\":\"leftovers\",\"pokeball\":\"pokeball\",\"ability\":\"sturdy\",\"commanding\":false,\"reviving\":false,\"teraType\":\"Fighting\",\"terastallized\":\"\"},{\"ident\":\"p2: Magcargo\",\"details\":\"Magcargo, L95, F\",\"condition\":\"268/268\",\"active\":false,\"stats\":{\"atk\":100,\"def\":282,\"spa\":225,\"spd\":206,\"spe\":111},\"moves\":[\"earthpower\",\"fireblast\",\"shellsmash\",\"powergem\"],\"baseAbility\":\"weakarmor\",\"item\":\"heavydutyboots\",\"pokeball\":\"pokeball\",\"ability\":\"weakarmor\",\"commanding\":false,\"reviving\":false,\"teraType\":\"Dragon\",\"terastallized\":\"\"}]},\"rqid\":53}\n|inactive|Time left: 300 sec this turn | 300 sec total\n|\n|t:|1783390616\n|move|p1a: Gogoat|Horn Leech|p2a: Dipplin\n|-resisted|p2a: Dipplin\n|-damage|p2a: Dipplin|148/284\n|-heal|p1a: Gogoat|86/100|[from] drain|[of] p2a: Dipplin\n|move|p2a: Dipplin|Dragon Pulse|p1a: Gogoat\n|-damage|p1a: Gogoat|60/100\n|\n|-heal|p1a: Gogoat|66/100|[from] item: Leftovers\n|upkeep\n|turn|26\n|request|{\"active\":[{\"moves\":[{\"move\":\"Sucker Punch\",\"id\":\"suckerpunch\",\"pp\":8,\"maxpp\":8,\"target\":\"normal\",\"disabled\":false},{\"move\":\"Giga Drain\",\"id\":\"gigadrain\",\"pp\":16,\"maxpp\":16,\"target\":\"normal\",\"disabled\":false},{\"move\":\"Dragon Pulse\",\"id\":\"dragonpulse\",\"pp\":6,\"maxpp\":16,\"target\":\"any\",\"disabled\":false},{\"move\":\"Recover\",\"id\":\"recover\",\"pp\":0,\"maxpp\":8,\"target\":\"self\",\"disabled\":true}],\"canTerastallize\":\"Steel\"}],\"side\":{\"name\":\"p0y001a265\",\"id\":\"p2\",\"pokemon\":[{\"ident\":\"p2: Dipplin\",\"details\":\"Dipplin, L88, F\",\"condition\":\"148/284\",\"active\":true,\"stats\":{\"atk\":191,\"def\":244,\"spa\":217,\"spd\":191,\"spe\":121},\"moves\":[\"suckerpunch\",\"gigadrain\",\"dragonpulse\",\"recover\"],\"baseAbility\":\"stickyhold\",\"item\":\"eviolite\",\"pokeball\":\"pokeball\",\"ability\":\"stickyhold\",\"commanding\":false,\"reviving\":false,\"teraType\":\"Steel\",\"terastallized\":\"\"},{\"ident\":\"p2: Brambleghast\",\"details\":\"Brambleghast, L88, F\",\"condition\":\"240/240\",\"active\":false,\"stats\":{\"atk\":253,\"def\":173,\"spa\":191,\"spd\":173,\"spe\":209},\"moves\":[\"poltergeist\",\"strengthsap\",\"rapidspin\",\"powerwhip\"],\"baseAbility\":\"windrider\",\"item\":\"heavydutyboots\",\"pokeball\":\"pokeball\",\"ability\":\"windrider\",\"commanding\":false,\"reviving\":false,\"teraType\":\"Water\",\"terastallized\":\"\"},{\"ident\":\"p2: Ting-Lu\",\"details\":\"Ting-Lu, L78\",\"condition\":\"370/370\",\"active\":false,\"stats\":{\"atk\":217,\"def\":240,\"spa\":131,\"spd\":170,\"spe\":115},\"moves\":[\"stealthrock\",\"earthquake\",\"payback\",\"heavyslam\"],\"baseAbility\":\"vesselofruin\",\"item\":\"leftovers\",\"pokeball\":\"pokeball\",\"ability\":\"vesselofruin\",\"commanding\":false,\"reviving\":false,\"teraType\":\"Ghost\",\"terastallized\":\"\"},{\"ident\":\"p2: Araquanid\",\"details\":\"Araquanid, L82, F\",\"condition\":\"78/246\",\"active\":false,\"stats\":{\"atk\":162,\"def\":198,\"spa\":129,\"spd\":264,\"spe\":116},\"moves\":[\"leechlife\",\"stickyweb\",\"hydropump\",\"liquidation\"],\"baseAbility\":\"waterbubble\",\"item\":\"heavydutyboots\",\"pokeball\":\"pokeball\",\"ability\":\"waterbubble\",\"commanding\":false,\"reviving\":false,\"teraType\":\"Water\",\"terastallized\":\"\"},{\"ident\":\"p2: Forretress\",\"details\":\"Forretress, L84, M\",\"condition\":\"0 fnt\",\"active\":false,\"stats\":{\"atk\":199,\"def\":283,\"spa\":149,\"spd\":149,\"spe\":115},\"moves\":[\"ironhead\",\"bodypress\",\"spikes\",\"rapidspin\"],\"baseAbility\":\"sturdy\",\"item\":\"leftovers\",\"pokeball\":\"pokeball\",\"ability\":\"sturdy\",\"commanding\":false,\"reviving\":false,\"teraType\":\"Fighting\",\"terastallized\":\"\"},{\"ident\":\"p2: Magcargo\",\"details\":\"Magcargo, L95, F\",\"condition\":\"268/268\",\"active\":false,\"stats\":{\"atk\":100,\"def\":282,\"spa\":225,\"spd\":206,\"spe\":111},\"moves\":[\"earthpower\",\"fireblast\",\"shellsmash\",\"powergem\"],\"baseAbility\":\"weakarmor\",\"item\":\"heavydutyboots\",\"pokeball\":\"pokeball\",\"ability\":\"weakarmor\",\"commanding\":false,\"reviving\":false,\"teraType\":\"Dragon\",\"terastallized\":\"\"}]},\"rqid\":55}\n|inactive|Time left: 300 sec this turn | 300 sec total\n|\n|t:|1783390616\n|move|p1a: Gogoat|Earthquake|p2a: Dipplin\n|-resisted|p2a: Dipplin\n|-damage|p2a: Dipplin|79/284\n|move|p2a: Dipplin|Dragon Pulse|p1a: Gogoat\n|-damage|p1a: Gogoat|37/100\n|\n|-heal|p1a: Gogoat|44/100|[from] item: Leftovers\n|upkeep\n|turn|27\n|request|{\"active\":[{\"moves\":[{\"move\":\"Sucker Punch\",\"id\":\"suckerpunch\",\"pp\":8,\"maxpp\":8,\"target\":\"normal\",\"disabled\":false},{\"move\":\"Giga Drain\",\"id\":\"gigadrain\",\"pp\":16,\"maxpp\":16,\"target\":\"normal\",\"disabled\":false},{\"move\":\"Dragon Pulse\",\"id\":\"dragonpulse\",\"pp\":5,\"maxpp\":16,\"target\":\"any\",\"disabled\":false},{\"move\":\"Recover\",\"id\":\"recover\",\"pp\":0,\"maxpp\":8,\"target\":\"self\",\"disabled\":true}],\"canTerastallize\":\"Steel\"}],\"side\":{\"name\":\"p0y001a265\",\"id\":\"p2\",\"pokemon\":[{\"ident\":\"p2: Dipplin\",\"details\":\"Dipplin, L88, F\",\"condition\":\"79/284\",\"active\":true,\"stats\":{\"atk\":191,\"def\":244,\"spa\":217,\"spd\":191,\"spe\":121},\"moves\":[\"suckerpunch\",\"gigadrain\",\"dragonpulse\",\"recover\"],\"baseAbility\":\"stickyhold\",\"item\":\"eviolite\",\"pokeball\":\"pokeball\",\"ability\":\"stickyhold\",\"commanding\":false,\"reviving\":false,\"teraType\":\"Steel\",\"terastallized\":\"\"},{\"ident\":\"p2: Brambleghast\",\"details\":\"Brambleghast, L88, F\",\"condition\":\"240/240\",\"active\":false,\"stats\":{\"atk\":253,\"def\":173,\"spa\":191,\"spd\":173,\"spe\":209},\"moves\":[\"poltergeist\",\"strengthsap\",\"rapidspin\",\"powerwhip\"],\"baseAbility\":\"windrider\",\"item\":\"heavydutyboots\",\"pokeball\":\"pokeball\",\"ability\":\"windrider\",\"commanding\":false,\"reviving\":false,\"teraType\":\"Water\",\"terastallized\":\"\"},{\"ident\":\"p2: Ting-Lu\",\"details\":\"Ting-Lu, L78\",\"condition\":\"370/370\",\"active\":false,\"stats\":{\"atk\":217,\"def\":240,\"spa\":131,\"spd\":170,\"spe\":115},\"moves\":[\"stealthrock\",\"earthquake\",\"payback\",\"heavyslam\"],\"baseAbility\":\"vesselofruin\",\"item\":\"leftovers\",\"pokeball\":\"pokeball\",\"ability\":\"vesselofruin\",\"commanding\":false,\"reviving\":false,\"teraType\":\"Ghost\",\"terastallized\":\"\"},{\"ident\":\"p2: Araquanid\",\"details\":\"Araquanid, L82, F\",\"condition\":\"78/246\",\"active\":false,\"stats\":{\"atk\":162,\"def\":198,\"spa\":129,\"spd\":264,\"spe\":116},\"moves\":[\"leechlife\",\"stickyweb\",\"hydropump\",\"liquidation\"],\"baseAbility\":\"waterbubble\",\"item\":\"heavydutyboots\",\"pokeball\":\"pokeball\",\"ability\":\"waterbubble\",\"commanding\":false,\"reviving\":false,\"teraType\":\"Water\",\"terastallized\":\"\"},{\"ident\":\"p2: Forretress\",\"details\":\"Forretress, L84, M\",\"condition\":\"0 fnt\",\"active\":false,\"stats\":{\"atk\":199,\"def\":283,\"spa\":149,\"spd\":149,\"spe\":115},\"moves\":[\"ironhead\",\"bodypress\",\"spikes\",\"rapidspin\"],\"baseAbility\":\"sturdy\",\"item\":\"leftovers\",\"pokeball\":\"pokeball\",\"ability\":\"sturdy\",\"commanding\":false,\"reviving\":false,\"teraType\":\"Fighting\",\"terastallized\":\"\"},{\"ident\":\"p2: Magcargo\",\"details\":\"Magcargo, L95, F\",\"condition\":\"268/268\",\"active\":false,\"stats\":{\"atk\":100,\"def\":282,\"spa\":225,\"spd\":206,\"spe\":111},\"moves\":[\"earthpower\",\"fireblast\",\"shellsmash\",\"powergem\"],\"baseAbility\":\"weakarmor\",\"item\":\"heavydutyboots\",\"pokeball\":\"pokeball\",\"ability\":\"weakarmor\",\"commanding\":false,\"reviving\":false,\"teraType\":\"Dragon\",\"terastallized\":\"\"}]},\"rqid\":57}\n|inactive|Time left: 300 sec this turn | 300 sec total\n|\n|t:|1783390616\n|-terastallize|p1a: Gogoat|Ground\n|move|p1a: Gogoat|Earthquake|p2a: Dipplin\n|-resisted|p2a: Dipplin\n|-damage|p2a: Dipplin|0 fnt\n|faint|p2a: Dipplin\n|\n|-heal|p1a: Gogoat|50/100|[from] item: Leftovers\n|upkeep\n|request|{\"forceSwitch\":[true],\"side\":{\"name\":\"p0y001a265\",\"id\":\"p2\",\"pokemon\":[{\"ident\":\"p2: Dipplin\",\"details\":\"Dipplin, L88, F\",\"condition\":\"0 fnt\",\"active\":true,\"stats\":{\"atk\":191,\"def\":244,\"spa\":217,\"spd\":191,\"spe\":121},\"moves\":[\"suckerpunch\",\"gigadrain\",\"dragonpulse\",\"recover\"],\"baseAbility\":\"stickyhold\",\"item\":\"eviolite\",\"pokeball\":\"pokeball\",\"ability\":\"stickyhold\",\"commanding\":false,\"reviving\":false,\"teraType\":\"Steel\",\"terastallized\":\"\"},{\"ident\":\"p2: Brambleghast\",\"details\":\"Brambleghast, L88, F\",\"condition\":\"240/240\",\"active\":false,\"stats\":{\"atk\":253,\"def\":173,\"spa\":191,\"spd\":173,\"spe\":209},\"moves\":[\"poltergeist\",\"strengthsap\",\"rapidspin\",\"powerwhip\"],\"baseAbility\":\"windrider\",\"item\":\"heavydutyboots\",\"pokeball\":\"pokeball\",\"ability\":\"windrider\",\"commanding\":false,\"reviving\":false,\"teraType\":\"Water\",\"terastallized\":\"\"},{\"ident\":\"p2: Ting-Lu\",\"details\":\"Ting-Lu, L78\",\"condition\":\"370/370\",\"active\":false,\"stats\":{\"atk\":217,\"def\":240,\"spa\":131,\"spd\":170,\"spe\":115},\"moves\":[\"stealthrock\",\"earthquake\",\"payback\",\"heavyslam\"],\"baseAbility\":\"vesselofruin\",\"item\":\"leftovers\",\"pokeball\":\"pokeball\",\"ability\":\"vesselofruin\",\"commanding\":false,\"reviving\":false,\"teraType\":\"Ghost\",\"terastallized\":\"\"},{\"ident\":\"p2: Araquanid\",\"details\":\"Araquanid, L82, F\",\"condition\":\"78/246\",\"active\":false,\"stats\":{\"atk\":162,\"def\":198,\"spa\":129,\"spd\":264,\"spe\":116},\"moves\":[\"leechlife\",\"stickyweb\",\"hydropump\",\"liquidation\"],\"baseAbility\":\"waterbubble\",\"item\":\"heavydutyboots\",\"pokeball\":\"pokeball\",\"ability\":\"waterbubble\",\"commanding\":false,\"reviving\":false,\"teraType\":\"Water\",\"terastallized\":\"\"},{\"ident\":\"p2: Forretress\",\"details\":\"Forretress, L84, M\",\"condition\":\"0 fnt\",\"active\":false,\"stats\":{\"atk\":199,\"def\":283,\"spa\":149,\"spd\":149,\"spe\":115},\"moves\":[\"ironhead\",\"bodypress\",\"spikes\",\"rapidspin\"],\"baseAbility\":\"sturdy\",\"item\":\"leftovers\",\"pokeball\":\"pokeball\",\"ability\":\"sturdy\",\"commanding\":false,\"reviving\":false,\"teraType\":\"Fighting\",\"terastallized\":\"\"},{\"ident\":\"p2: Magcargo\",\"details\":\"Magcargo, L95, F\",\"condition\":\"268/268\",\"active\":false,\"stats\":{\"atk\":100,\"def\":282,\"spa\":225,\"spd\":206,\"spe\":111},\"moves\":[\"earthpower\",\"fireblast\",\"shellsmash\",\"powergem\"],\"baseAbility\":\"weakarmor\",\"item\":\"heavydutyboots\",\"pokeball\":\"pokeball\",\"ability\":\"weakarmor\",\"commanding\":false,\"reviving\":false,\"teraType\":\"Dragon\",\"terastallized\":\"\"}]},\"noCancel\":true,\"rqid\":59}\n|inactive|Time left: 300 sec this turn | 300 sec total | 5 sec grace\n|\n|t:|1783390616\n|switch|p2a: Magcargo|Magcargo, L95, F|268/268\n|turn|28\n|request|{\"active\":[{\"moves\":[{\"move\":\"Earth Power\",\"id\":\"earthpower\",\"pp\":16,\"maxpp\":16,\"target\":\"normal\",\"disabled\":false},{\"move\":\"Fire Blast\",\"id\":\"fireblast\",\"pp\":8,\"maxpp\":8,\"target\":\"normal\",\"disabled\":false},{\"move\":\"Shell Smash\",\"id\":\"shellsmash\",\"pp\":24,\"maxpp\":24,\"target\":\"self\",\"disabled\":false},{\"move\":\"Power Gem\",\"id\":\"powergem\",\"pp\":32,\"maxpp\":32,\"target\":\"normal\",\"disabled\":false}],\"canTerastallize\":\"Dragon\"}],\"side\":{\"name\":\"p0y001a265\",\"id\":\"p2\",\"pokemon\":[{\"ident\":\"p2: Magcargo\",\"details\":\"Magcargo, L95, F\",\"condition\":\"268/268\",\"active\":true,\"stats\":{\"atk\":100,\"def\":282,\"spa\":225,\"spd\":206,\"spe\":111},\"moves\":[\"earthpower\",\"fireblast\",\"shellsmash\",\"powergem\"],\"baseAbility\":\"weakarmor\",\"item\":\"heavydutyboots\",\"pokeball\":\"pokeball\",\"ability\":\"weakarmor\",\"commanding\":false,\"reviving\":false,\"teraType\":\"Dragon\",\"terastallized\":\"\"},{\"ident\":\"p2: Brambleghast\",\"details\":\"Brambleghast, L88, F\",\"condition\":\"240/240\",\"active\":false,\"stats\":{\"atk\":253,\"def\":173,\"spa\":191,\"spd\":173,\"spe\":209},\"moves\":[\"poltergeist\",\"strengthsap\",\"rapidspin\",\"powerwhip\"],\"baseAbility\":\"windrider\",\"item\":\"heavydutyboots\",\"pokeball\":\"pokeball\",\"ability\":\"windrider\",\"commanding\":false,\"reviving\":false,\"teraType\":\"Water\",\"terastallized\":\"\"},{\"ident\":\"p2: Ting-Lu\",\"details\":\"Ting-Lu, L78\",\"condition\":\"370/370\",\"active\":false,\"stats\":{\"atk\":217,\"def\":240,\"spa\":131,\"spd\":170,\"spe\":115},\"moves\":[\"stealthrock\",\"earthquake\",\"payback\",\"heavyslam\"],\"baseAbility\":\"vesselofruin\",\"item\":\"leftovers\",\"pokeball\":\"pokeball\",\"ability\":\"vesselofruin\",\"commanding\":false,\"reviving\":false,\"teraType\":\"Ghost\",\"terastallized\":\"\"},{\"ident\":\"p2: Araquanid\",\"details\":\"Araquanid, L82, F\",\"condition\":\"78/246\",\"active\":false,\"stats\":{\"atk\":162,\"def\":198,\"spa\":129,\"spd\":264,\"spe\":116},\"moves\":[\"leechlife\",\"stickyweb\",\"hydropump\",\"liquidation\"],\"baseAbility\":\"waterbubble\",\"item\":\"heavydutyboots\",\"pokeball\":\"pokeball\",\"ability\":\"waterbubble\",\"commanding\":false,\"reviving\":false,\"teraType\":\"Water\",\"terastallized\":\"\"},{\"ident\":\"p2: Forretress\",\"details\":\"Forretress, L84, M\",\"condition\":\"0 fnt\",\"active\":false,\"stats\":{\"atk\":199,\"def\":283,\"spa\":149,\"spd\":149,\"spe\":115},\"moves\":[\"ironhead\",\"bodypress\",\"spikes\",\"rapidspin\"],\"baseAbility\":\"sturdy\",\"item\":\"leftovers\",\"pokeball\":\"pokeball\",\"ability\":\"sturdy\",\"commanding\":false,\"reviving\":false,\"teraType\":\"Fighting\",\"terastallized\":\"\"},{\"ident\":\"p2: Dipplin\",\"details\":\"Dipplin, L88, F\",\"condition\":\"0 fnt\",\"active\":false,\"stats\":{\"atk\":191,\"def\":244,\"spa\":217,\"spd\":191,\"spe\":121},\"moves\":[\"suckerpunch\",\"gigadrain\",\"dragonpulse\",\"recover\"],\"baseAbility\":\"stickyhold\",\"item\":\"eviolite\",\"pokeball\":\"pokeball\",\"ability\":\"stickyhold\",\"commanding\":false,\"reviving\":false,\"teraType\":\"Steel\",\"terastallized\":\"\"}]},\"rqid\":61}\n|inactive|Time left: 300 sec this turn | 300 sec total\n|\n|t:|1783390617\n|-terastallize|p2a: Magcargo|Dragon\n|move|p1a: Gogoat|Milk Drink|p1a: Gogoat\n|-heal|p1a: Gogoat|99/100\n|move|p2a: Magcargo|Fire Blast|p1a: Gogoat\n|-damage|p1a: Gogoat|58/100\n|\n|-heal|p1a: Gogoat|64/100|[from] item: Leftovers\n|upkeep\n|turn|29\n|request|{\"active\":[{\"moves\":[{\"move\":\"Earth Power\",\"id\":\"earthpower\",\"pp\":16,\"maxpp\":16,\"target\":\"normal\",\"disabled\":false},{\"move\":\"Fire Blast\",\"id\":\"fireblast\",\"pp\":7,\"maxpp\":8,\"target\":\"normal\",\"disabled\":false},{\"move\":\"Shell Smash\",\"id\":\"shellsmash\",\"pp\":24,\"maxpp\":24,\"target\":\"self\",\"disabled\":false},{\"move\":\"Power Gem\",\"id\":\"powergem\",\"pp\":32,\"maxpp\":32,\"target\":\"normal\",\"disabled\":false}]}],\"side\":{\"name\":\"p0y001a265\",\"id\":\"p2\",\"pokemon\":[{\"ident\":\"p2: Magcargo\",\"details\":\"Magcargo, L95, F\",\"condition\":\"268/268\",\"active\":true,\"stats\":{\"atk\":100,\"def\":282,\"spa\":225,\"spd\":206,\"spe\":111},\"moves\":[\"earthpower\",\"fireblast\",\"shellsmash\",\"powergem\"],\"baseAbility\":\"weakarmor\",\"item\":\"heavydutyboots\",\"pokeball\":\"pokeball\",\"ability\":\"weakarmor\",\"commanding\":false,\"reviving\":false,\"teraType\":\"Dragon\",\"terastallized\":\"Dragon\"},{\"ident\":\"p2: Brambleghast\",\"details\":\"Brambleghast, L88, F\",\"condition\":\"240/240\",\"active\":false,\"stats\":{\"atk\":253,\"def\":173,\"spa\":191,\"spd\":173,\"spe\":209},\"moves\":[\"poltergeist\",\"strengthsap\",\"rapidspin\",\"powerwhip\"],\"baseAbility\":\"windrider\",\"item\":\"heavydutyboots\",\"pokeball\":\"pokeball\",\"ability\":\"windrider\",\"commanding\":false,\"reviving\":false,\"teraType\":\"Water\",\"terastallized\":\"\"},{\"ident\":\"p2: Ting-Lu\",\"details\":\"Ting-Lu, L78\",\"condition\":\"370/370\",\"active\":false,\"stats\":{\"atk\":217,\"def\":240,\"spa\":131,\"spd\":170,\"spe\":115},\"moves\":[\"stealthrock\",\"earthquake\",\"payback\",\"heavyslam\"],\"baseAbility\":\"vesselofruin\",\"item\":\"leftovers\",\"pokeball\":\"pokeball\",\"ability\":\"vesselofruin\",\"commanding\":false,\"reviving\":false,\"teraType\":\"Ghost\",\"terastallized\":\"\"},{\"ident\":\"p2: Araquanid\",\"details\":\"Araquanid, L82, F\",\"condition\":\"78/246\",\"active\":false,\"stats\":{\"atk\":162,\"def\":198,\"spa\":129,\"spd\":264,\"spe\":116},\"moves\":[\"leechlife\",\"stickyweb\",\"hydropump\",\"liquidation\"],\"baseAbility\":\"waterbubble\",\"item\":\"heavydutyboots\",\"pokeball\":\"pokeball\",\"ability\":\"waterbubble\",\"commanding\":false,\"reviving\":false,\"teraType\":\"Water\",\"terastallized\":\"\"},{\"ident\":\"p2: Forretress\",\"details\":\"Forretress, L84, M\",\"condition\":\"0 fnt\",\"active\":false,\"stats\":{\"atk\":199,\"def\":283,\"spa\":149,\"spd\":149,\"spe\":115},\"moves\":[\"ironhead\",\"bodypress\",\"spikes\",\"rapidspin\"],\"baseAbility\":\"sturdy\",\"item\":\"leftovers\",\"pokeball\":\"pokeball\",\"ability\":\"sturdy\",\"commanding\":false,\"reviving\":false,\"teraType\":\"Fighting\",\"terastallized\":\"\"},{\"ident\":\"p2: Dipplin\",\"details\":\"Dipplin, L88, F\",\"condition\":\"0 fnt\",\"active\":false,\"stats\":{\"atk\":191,\"def\":244,\"spa\":217,\"spd\":191,\"spe\":121},\"moves\":[\"suckerpunch\",\"gigadrain\",\"dragonpulse\",\"recover\"],\"baseAbility\":\"stickyhold\",\"item\":\"eviolite\",\"pokeball\":\"pokeball\",\"ability\":\"stickyhold\",\"commanding\":false,\"reviving\":false,\"teraType\":\"Steel\",\"terastallized\":\"\"}]},\"rqid\":63}\n|inactive|Time left: 300 sec this turn | 300 sec total\n|\n|t:|1783390617\n|move|p1a: Gogoat|Milk Drink|p1a: Gogoat\n|-heal|p1a: Gogoat|100/100\n|move|p2a: Magcargo|Fire Blast|p1a: Gogoat\n|-damage|p1a: Gogoat|62/100\n|\n|-heal|p1a: Gogoat|68/100|[from] item: Leftovers\n|upkeep\n|turn|30\n|request|{\"active\":[{\"moves\":[{\"move\":\"Earth Power\",\"id\":\"earthpower\",\"pp\":16,\"maxpp\":16,\"target\":\"normal\",\"disabled\":false},{\"move\":\"Fire Blast\",\"id\":\"fireblast\",\"pp\":6,\"maxpp\":8,\"target\":\"normal\",\"disabled\":false},{\"move\":\"Shell Smash\",\"id\":\"shellsmash\",\"pp\":24,\"maxpp\":24,\"target\":\"self\",\"disabled\":false},{\"move\":\"Power Gem\",\"id\":\"powergem\",\"pp\":32,\"maxpp\":32,\"target\":\"normal\",\"disabled\":false}]}],\"side\":{\"name\":\"p0y001a265\",\"id\":\"p2\",\"pokemon\":[{\"ident\":\"p2: Magcargo\",\"details\":\"Magcargo, L95, F\",\"condition\":\"268/268\",\"active\":true,\"stats\":{\"atk\":100,\"def\":282,\"spa\":225,\"spd\":206,\"spe\":111},\"moves\":[\"earthpower\",\"fireblast\",\"shellsmash\",\"powergem\"],\"baseAbility\":\"weakarmor\",\"item\":\"heavydutyboots\",\"pokeball\":\"pokeball\",\"ability\":\"weakarmor\",\"commanding\":false,\"reviving\":false,\"teraType\":\"Dragon\",\"terastallized\":\"Dragon\"},{\"ident\":\"p2: Brambleghast\",\"details\":\"Brambleghast, L88, F\",\"condition\":\"240/240\",\"active\":false,\"stats\":{\"atk\":253,\"def\":173,\"spa\":191,\"spd\":173,\"spe\":209},\"moves\":[\"poltergeist\",\"strengthsap\",\"rapidspin\",\"powerwhip\"],\"baseAbility\":\"windrider\",\"item\":\"heavydutyboots\",\"pokeball\":\"pokeball\",\"ability\":\"windrider\",\"commanding\":false,\"reviving\":false,\"teraType\":\"Water\",\"terastallized\":\"\"},{\"ident\":\"p2: Ting-Lu\",\"details\":\"Ting-Lu, L78\",\"condition\":\"370/370\",\"active\":false,\"stats\":{\"atk\":217,\"def\":240,\"spa\":131,\"spd\":170,\"spe\":115},\"moves\":[\"stealthrock\",\"earthquake\",\"payback\",\"heavyslam\"],\"baseAbility\":\"vesselofruin\",\"item\":\"leftovers\",\"pokeball\":\"pokeball\",\"ability\":\"vesselofruin\",\"commanding\":false,\"reviving\":false,\"teraType\":\"Ghost\",\"terastallized\":\"\"},{\"ident\":\"p2: Araquanid\",\"details\":\"Araquanid, L82, F\",\"condition\":\"78/246\",\"active\":false,\"stats\":{\"atk\":162,\"def\":198,\"spa\":129,\"spd\":264,\"spe\":116},\"moves\":[\"leechlife\",\"stickyweb\",\"hydropump\",\"liquidation\"],\"baseAbility\":\"waterbubble\",\"item\":\"heavydutyboots\",\"pokeball\":\"pokeball\",\"ability\":\"waterbubble\",\"commanding\":false,\"reviving\":false,\"teraType\":\"Water\",\"terastallized\":\"\"},{\"ident\":\"p2: Forretress\",\"details\":\"Forretress, L84, M\",\"condition\":\"0 fnt\",\"active\":false,\"stats\":{\"atk\":199,\"def\":283,\"spa\":149,\"spd\":149,\"spe\":115},\"moves\":[\"ironhead\",\"bodypress\",\"spikes\",\"rapidspin\"],\"baseAbility\":\"sturdy\",\"item\":\"leftovers\",\"pokeball\":\"pokeball\",\"ability\":\"sturdy\",\"commanding\":false,\"reviving\":false,\"teraType\":\"Fighting\",\"terastallized\":\"\"},{\"ident\":\"p2: Dipplin\",\"details\":\"Dipplin, L88, F\",\"condition\":\"0 fnt\",\"active\":false,\"stats\":{\"atk\":191,\"def\":244,\"spa\":217,\"spd\":191,\"spe\":121},\"moves\":[\"suckerpunch\",\"gigadrain\",\"dragonpulse\",\"recover\"],\"baseAbility\":\"stickyhold\",\"item\":\"eviolite\",\"pokeball\":\"pokeball\",\"ability\":\"stickyhold\",\"commanding\":false,\"reviving\":false,\"teraType\":\"Steel\",\"terastallized\":\"\"}]},\"rqid\":65}\n|inactive|Time left: 300 sec this turn | 300 sec total\n|\n|t:|1783390617\n|move|p1a: Gogoat|Horn Leech|p2a: Magcargo\n|-resisted|p2a: Magcargo\n|-damage|p2a: Magcargo|178/268\n|-heal|p1a: Gogoat|81/100|[from] drain|[of] p2a: Magcargo\n|-ability|p2a: Magcargo|Weak Armor|boost\n|-unboost|p2a: Magcargo|def|1\n|-boost|p2a: Magcargo|spe|2\n|move|p2a: Magcargo|Fire Blast|p1a: Gogoat\n|-damage|p1a: Gogoat|44/100\n|\n|-heal|p1a: Gogoat|50/100|[from] item: Leftovers\n|upkeep\n|turn|31\n|request|{\"active\":[{\"moves\":[{\"move\":\"Earth Power\",\"id\":\"earthpower\",\"pp\":16,\"maxpp\":16,\"target\":\"normal\",\"disabled\":false},{\"move\":\"Fire Blast\",\"id\":\"fireblast\",\"pp\":5,\"maxpp\":8,\"target\":\"normal\",\"disabled\":false},{\"move\":\"Shell Smash\",\"id\":\"shellsmash\",\"pp\":24,\"maxpp\":24,\"target\":\"self\",\"disabled\":false},{\"move\":\"Power Gem\",\"id\":\"powergem\",\"pp\":32,\"maxpp\":32,\"target\":\"normal\",\"disabled\":false}]}],\"side\":{\"name\":\"p0y001a265\",\"id\":\"p2\",\"pokemon\":[{\"ident\":\"p2: Magcargo\",\"details\":\"Magcargo, L95, F\",\"condition\":\"178/268\",\"active\":true,\"stats\":{\"atk\":100,\"def\":282,\"spa\":225,\"spd\":206,\"spe\":111},\"moves\":[\"earthpower\",\"fireblast\",\"shellsmash\",\"powergem\"],\"baseAbility\":\"weakarmor\",\"item\":\"heavydutyboots\",\"pokeball\":\"pokeball\",\"ability\":\"weakarmor\",\"commanding\":false,\"reviving\":false,\"teraType\":\"Dragon\",\"terastallized\":\"Dragon\"},{\"ident\":\"p2: Brambleghast\",\"details\":\"Brambleghast, L88, F\",\"condition\":\"240/240\",\"active\":false,\"stats\":{\"atk\":253,\"def\":173,\"spa\":191,\"spd\":173,\"spe\":209},\"moves\":[\"poltergeist\",\"strengthsap\",\"rapidspin\",\"powerwhip\"],\"baseAbility\":\"windrider\",\"item\":\"heavydutyboots\",\"pokeball\":\"pokeball\",\"ability\":\"windrider\",\"commanding\":false,\"reviving\":false,\"teraType\":\"Water\",\"terastallized\":\"\"},{\"ident\":\"p2: Ting-Lu\",\"details\":\"Ting-Lu, L78\",\"condition\":\"370/370\",\"active\":false,\"stats\":{\"atk\":217,\"def\":240,\"spa\":131,\"spd\":170,\"spe\":115},\"moves\":[\"stealthrock\",\"earthquake\",\"payback\",\"heavyslam\"],\"baseAbility\":\"vesselofruin\",\"item\":\"leftovers\",\"pokeball\":\"pokeball\",\"ability\":\"vesselofruin\",\"commanding\":false,\"reviving\":false,\"teraType\":\"Ghost\",\"terastallized\":\"\"},{\"ident\":\"p2: Araquanid\",\"details\":\"Araquanid, L82, F\",\"condition\":\"78/246\",\"active\":false,\"stats\":{\"atk\":162,\"def\":198,\"spa\":129,\"spd\":264,\"spe\":116},\"moves\":[\"leechlife\",\"stickyweb\",\"hydropump\",\"liquidation\"],\"baseAbility\":\"waterbubble\",\"item\":\"heavydutyboots\",\"pokeball\":\"pokeball\",\"ability\":\"waterbubble\",\"commanding\":false,\"reviving\":false,\"teraType\":\"Water\",\"terastallized\":\"\"},{\"ident\":\"p2: Forretress\",\"details\":\"Forretress, L84, M\",\"condition\":\"0 fnt\",\"active\":false,\"stats\":{\"atk\":199,\"def\":283,\"spa\":149,\"spd\":149,\"spe\":115},\"moves\":[\"ironhead\",\"bodypress\",\"spikes\",\"rapidspin\"],\"baseAbility\":\"sturdy\",\"item\":\"leftovers\",\"pokeball\":\"pokeball\",\"ability\":\"sturdy\",\"commanding\":false,\"reviving\":false,\"teraType\":\"Fighting\",\"terastallized\":\"\"},{\"ident\":\"p2: Dipplin\",\"details\":\"Dipplin, L88, F\",\"condition\":\"0 fnt\",\"active\":false,\"stats\":{\"atk\":191,\"def\":244,\"spa\":217,\"spd\":191,\"spe\":121},\"moves\":[\"suckerpunch\",\"gigadrain\",\"dragonpulse\",\"recover\"],\"baseAbility\":\"stickyhold\",\"item\":\"eviolite\",\"pokeball\":\"pokeball\",\"ability\":\"stickyhold\",\"commanding\":false,\"reviving\":false,\"teraType\":\"Steel\",\"terastallized\":\"\"}]},\"rqid\":67}\n|inactive|Time left: 300 sec this turn | 300 sec total\n|\n|t:|1783390617\n|move|p2a: Magcargo|Fire Blast|p1a: Gogoat\n|-damage|p1a: Gogoat|13/100\n|move|p1a: Gogoat|Milk Drink|p1a: Gogoat\n|-heal|p1a: Gogoat|63/100\n|\n|-heal|p1a: Gogoat|69/100|[from] item: Leftovers\n|upkeep\n|turn|32\n|request|{\"active\":[{\"moves\":[{\"move\":\"Earth Power\",\"id\":\"earthpower\",\"pp\":16,\"maxpp\":16,\"target\":\"normal\",\"disabled\":false},{\"move\":\"Fire Blast\",\"id\":\"fireblast\",\"pp\":4,\"maxpp\":8,\"target\":\"normal\",\"disabled\":false},{\"move\":\"Shell Smash\",\"id\":\"shellsmash\",\"pp\":24,\"maxpp\":24,\"target\":\"self\",\"disabled\":false},{\"move\":\"Power Gem\",\"id\":\"powergem\",\"pp\":32,\"maxpp\":32,\"target\":\"normal\",\"disabled\":false}]}],\"side\":{\"name\":\"p0y001a265\",\"id\":\"p2\",\"pokemon\":[{\"ident\":\"p2: Magcargo\",\"details\":\"Magcargo, L95, F\",\"condition\":\"178/268\",\"active\":true,\"stats\":{\"atk\":100,\"def\":282,\"spa\":225,\"spd\":206,\"spe\":111},\"moves\":[\"earthpower\",\"fireblast\",\"shellsmash\",\"powergem\"],\"baseAbility\":\"weakarmor\",\"item\":\"heavydutyboots\",\"pokeball\":\"pokeball\",\"ability\":\"weakarmor\",\"commanding\":false,\"reviving\":false,\"teraType\":\"Dragon\",\"terastallized\":\"Dragon\"},{\"ident\":\"p2: Brambleghast\",\"details\":\"Brambleghast, L88, F\",\"condition\":\"240/240\",\"active\":false,\"stats\":{\"atk\":253,\"def\":173,\"spa\":191,\"spd\":173,\"spe\":209},\"moves\":[\"poltergeist\",\"strengthsap\",\"rapidspin\",\"powerwhip\"],\"baseAbility\":\"windrider\",\"item\":\"heavydutyboots\",\"pokeball\":\"pokeball\",\"ability\":\"windrider\",\"commanding\":false,\"reviving\":false,\"teraType\":\"Water\",\"terastallized\":\"\"},{\"ident\":\"p2: Ting-Lu\",\"details\":\"Ting-Lu, L78\",\"condition\":\"370/370\",\"active\":false,\"stats\":{\"atk\":217,\"def\":240,\"spa\":131,\"spd\":170,\"spe\":115},\"moves\":[\"stealthrock\",\"earthquake\",\"payback\",\"heavyslam\"],\"baseAbility\":\"vesselofruin\",\"item\":\"leftovers\",\"pokeball\":\"pokeball\",\"ability\":\"vesselofruin\",\"commanding\":false,\"reviving\":false,\"teraType\":\"Ghost\",\"terastallized\":\"\"},{\"ident\":\"p2: Araquanid\",\"details\":\"Araquanid, L82, F\",\"condition\":\"78/246\",\"active\":false,\"stats\":{\"atk\":162,\"def\":198,\"spa\":129,\"spd\":264,\"spe\":116},\"moves\":[\"leechlife\",\"stickyweb\",\"hydropump\",\"liquidation\"],\"baseAbility\":\"waterbubble\",\"item\":\"heavydutyboots\",\"pokeball\":\"pokeball\",\"ability\":\"waterbubble\",\"commanding\":false,\"reviving\":false,\"teraType\":\"Water\",\"terastallized\":\"\"},{\"ident\":\"p2: Forretress\",\"details\":\"Forretress, L84, M\",\"condition\":\"0 fnt\",\"active\":false,\"stats\":{\"atk\":199,\"def\":283,\"spa\":149,\"spd\":149,\"spe\":115},\"moves\":[\"ironhead\",\"bodypress\",\"spikes\",\"rapidspin\"],\"baseAbility\":\"sturdy\",\"item\":\"leftovers\",\"pokeball\":\"pokeball\",\"ability\":\"sturdy\",\"commanding\":false,\"reviving\":false,\"teraType\":\"Fighting\",\"terastallized\":\"\"},{\"ident\":\"p2: Dipplin\",\"details\":\"Dipplin, L88, F\",\"condition\":\"0 fnt\",\"active\":false,\"stats\":{\"atk\":191,\"def\":244,\"spa\":217,\"spd\":191,\"spe\":121},\"moves\":[\"suckerpunch\",\"gigadrain\",\"dragonpulse\",\"recover\"],\"baseAbility\":\"stickyhold\",\"item\":\"eviolite\",\"pokeball\":\"pokeball\",\"ability\":\"stickyhold\",\"commanding\":false,\"reviving\":false,\"teraType\":\"Steel\",\"terastallized\":\"\"}]},\"rqid\":69}\n|inactive|Time left: 300 sec this turn | 300 sec total\n|\n|t:|1783390618\n|move|p2a: Magcargo|Fire Blast|p1a: Gogoat|[miss]\n|-miss|p2a: Magcargo|p1a: Gogoat\n|move|p1a: Gogoat|Earthquake|p2a: Magcargo\n|-damage|p2a: Magcargo|0 fnt\n|faint|p2a: Magcargo\n|\n|-heal|p1a: Gogoat|75/100|[from] item: Leftovers\n|upkeep\n|request|{\"forceSwitch\":[true],\"side\":{\"name\":\"p0y001a265\",\"id\":\"p2\",\"pokemon\":[{\"ident\":\"p2: Magcargo\",\"details\":\"Magcargo, L95, F\",\"condition\":\"0 fnt\",\"active\":true,\"stats\":{\"atk\":100,\"def\":282,\"spa\":225,\"spd\":206,\"spe\":111},\"moves\":[\"earthpower\",\"fireblast\",\"shellsmash\",\"powergem\"],\"baseAbility\":\"weakarmor\",\"item\":\"heavydutyboots\",\"pokeball\":\"pokeball\",\"ability\":\"weakarmor\",\"commanding\":false,\"reviving\":false,\"teraType\":\"Dragon\",\"terastallized\":\"\"},{\"ident\":\"p2: Brambleghast\",\"details\":\"Brambleghast, L88, F\",\"condition\":\"240/240\",\"active\":false,\"stats\":{\"atk\":253,\"def\":173,\"spa\":191,\"spd\":173,\"spe\":209},\"moves\":[\"poltergeist\",\"strengthsap\",\"rapidspin\",\"powerwhip\"],\"baseAbility\":\"windrider\",\"item\":\"heavydutyboots\",\"pokeball\":\"pokeball\",\"ability\":\"windrider\",\"commanding\":false,\"reviving\":false,\"teraType\":\"Water\",\"terastallized\":\"\"},{\"ident\":\"p2: Ting-Lu\",\"details\":\"Ting-Lu, L78\",\"condition\":\"370/370\",\"active\":false,\"stats\":{\"atk\":217,\"def\":240,\"spa\":131,\"spd\":170,\"spe\":115},\"moves\":[\"stealthrock\",\"earthquake\",\"payback\",\"heavyslam\"],\"baseAbility\":\"vesselofruin\",\"item\":\"leftovers\",\"pokeball\":\"pokeball\",\"ability\":\"vesselofruin\",\"commanding\":false,\"reviving\":false,\"teraType\":\"Ghost\",\"terastallized\":\"\"},{\"ident\":\"p2: Araquanid\",\"details\":\"Araquanid, L82, F\",\"condition\":\"78/246\",\"active\":false,\"stats\":{\"atk\":162,\"def\":198,\"spa\":129,\"spd\":264,\"spe\":116},\"moves\":[\"leechlife\",\"stickyweb\",\"hydropump\",\"liquidation\"],\"baseAbility\":\"waterbubble\",\"item\":\"heavydutyboots\",\"pokeball\":\"pokeball\",\"ability\":\"waterbubble\",\"commanding\":false,\"reviving\":false,\"teraType\":\"Water\",\"terastallized\":\"\"},{\"ident\":\"p2: Forretress\",\"details\":\"Forretress, L84, M\",\"condition\":\"0 fnt\",\"active\":false,\"stats\":{\"atk\":199,\"def\":283,\"spa\":149,\"spd\":149,\"spe\":115},\"moves\":[\"ironhead\",\"bodypress\",\"spikes\",\"rapidspin\"],\"baseAbility\":\"sturdy\",\"item\":\"leftovers\",\"pokeball\":\"pokeball\",\"ability\":\"sturdy\",\"commanding\":false,\"reviving\":false,\"teraType\":\"Fighting\",\"terastallized\":\"\"},{\"ident\":\"p2: Dipplin\",\"details\":\"Dipplin, L88, F\",\"condition\":\"0 fnt\",\"active\":false,\"stats\":{\"atk\":191,\"def\":244,\"spa\":217,\"spd\":191,\"spe\":121},\"moves\":[\"suckerpunch\",\"gigadrain\",\"dragonpulse\",\"recover\"],\"baseAbility\":\"stickyhold\",\"item\":\"eviolite\",\"pokeball\":\"pokeball\",\"ability\":\"stickyhold\",\"commanding\":false,\"reviving\":false,\"teraType\":\"Steel\",\"terastallized\":\"\"}]},\"noCancel\":true,\"rqid\":71}\n|inactive|Time left: 300 sec this turn | 300 sec total | 5 sec grace\n|\n|t:|1783390618\n|switch|p2a: Araquanid|Araquanid, L82, F|78/246\n|turn|33\n|request|{\"active\":[{\"moves\":[{\"move\":\"Leech Life\",\"id\":\"leechlife\",\"pp\":16,\"maxpp\":16,\"target\":\"normal\",\"disabled\":false},{\"move\":\"Sticky Web\",\"id\":\"stickyweb\",\"pp\":31,\"maxpp\":32,\"target\":\"foeSide\",\"disabled\":false},{\"move\":\"Hydro Pump\",\"id\":\"hydropump\",\"pp\":8,\"maxpp\":8,\"target\":\"normal\",\"disabled\":false},{\"move\":\"Liquidation\",\"id\":\"liquidation\",\"pp\":16,\"maxpp\":16,\"target\":\"normal\",\"disabled\":false}]}],\"side\":{\"name\":\"p0y001a265\",\"id\":\"p2\",\"pokemon\":[{\"ident\":\"p2: Araquanid\",\"details\":\"Araquanid, L82, F\",\"condition\":\"78/246\",\"active\":true,\"stats\":{\"atk\":162,\"def\":198,\"spa\":129,\"spd\":264,\"spe\":116},\"moves\":[\"leechlife\",\"stickyweb\",\"hydropump\",\"liquidation\"],\"baseAbility\":\"waterbubble\",\"item\":\"heavydutyboots\",\"pokeball\":\"pokeball\",\"ability\":\"waterbubble\",\"commanding\":false,\"reviving\":false,\"teraType\":\"Water\",\"terastallized\":\"\"},{\"ident\":\"p2: Brambleghast\",\"details\":\"Brambleghast, L88, F\",\"condition\":\"240/240\",\"active\":false,\"stats\":{\"atk\":253,\"def\":173,\"spa\":191,\"spd\":173,\"spe\":209},\"moves\":[\"poltergeist\",\"strengthsap\",\"rapidspin\",\"powerwhip\"],\"baseAbility\":\"windrider\",\"item\":\"heavydutyboots\",\"pokeball\":\"pokeball\",\"ability\":\"windrider\",\"commanding\":false,\"reviving\":false,\"teraType\":\"Water\",\"terastallized\":\"\"},{\"ident\":\"p2: Ting-Lu\",\"details\":\"Ting-Lu, L78\",\"condition\":\"370/370\",\"active\":false,\"stats\":{\"atk\":217,\"def\":240,\"spa\":131,\"spd\":170,\"spe\":115},\"moves\":[\"stealthrock\",\"earthquake\",\"payback\",\"heavyslam\"],\"baseAbility\":\"vesselofruin\",\"item\":\"leftovers\",\"pokeball\":\"pokeball\",\"ability\":\"vesselofruin\",\"commanding\":false,\"reviving\":false,\"teraType\":\"Ghost\",\"terastallized\":\"\"},{\"ident\":\"p2: Magcargo\",\"details\":\"Magcargo, L95, F\",\"condition\":\"0 fnt\",\"active\":false,\"stats\":{\"atk\":100,\"def\":282,\"spa\":225,\"spd\":206,\"spe\":111},\"moves\":[\"earthpower\",\"fireblast\",\"shellsmash\",\"powergem\"],\"baseAbility\":\"weakarmor\",\"item\":\"heavydutyboots\",\"pokeball\":\"pokeball\",\"ability\":\"weakarmor\",\"commanding\":false,\"reviving\":false,\"teraType\":\"Dragon\",\"terastallized\":\"\"},{\"ident\":\"p2: Forretress\",\"details\":\"Forretress, L84, M\",\"condition\":\"0 fnt\",\"active\":false,\"stats\":{\"atk\":199,\"def\":283,\"spa\":149,\"spd\":149,\"spe\":115},\"moves\":[\"ironhead\",\"bodypress\",\"spikes\",\"rapidspin\"],\"baseAbility\":\"sturdy\",\"item\":\"leftovers\",\"pokeball\":\"pokeball\",\"ability\":\"sturdy\",\"commanding\":false,\"reviving\":false,\"teraType\":\"Fighting\",\"terastallized\":\"\"},{\"ident\":\"p2: Dipplin\",\"details\":\"Dipplin, L88, F\",\"condition\":\"0 fnt\",\"active\":false,\"stats\":{\"atk\":191,\"def\":244,\"spa\":217,\"spd\":191,\"spe\":121},\"moves\":[\"suckerpunch\",\"gigadrain\",\"dragonpulse\",\"recover\"],\"baseAbility\":\"stickyhold\",\"item\":\"eviolite\",\"pokeball\":\"pokeball\",\"ability\":\"stickyhold\",\"commanding\":false,\"reviving\":false,\"teraType\":\"Steel\",\"terastallized\":\"\"}]},\"rqid\":73}\n|inactive|Time left: 300 sec this turn | 300 sec total\n|\n|t:|1783390618\n|move|p1a: Gogoat|Horn Leech|p2a: Araquanid\n|-damage|p2a: Araquanid|0 fnt\n|-heal|p1a: Gogoat|86/100|[from] drain|[of] p2a: Araquanid\n|faint|p2a: Araquanid\n|\n|-heal|p1a: Gogoat|92/100|[from] item: Leftovers\n|upkeep\n|request|{\"forceSwitch\":[true],\"side\":{\"name\":\"p0y001a265\",\"id\":\"p2\",\"pokemon\":[{\"ident\":\"p2: Araquanid\",\"details\":\"Araquanid, L82, F\",\"condition\":\"0 fnt\",\"active\":true,\"stats\":{\"atk\":162,\"def\":198,\"spa\":129,\"spd\":264,\"spe\":116},\"moves\":[\"leechlife\",\"stickyweb\",\"hydropump\",\"liquidation\"],\"baseAbility\":\"waterbubble\",\"item\":\"heavydutyboots\",\"pokeball\":\"pokeball\",\"ability\":\"waterbubble\",\"commanding\":false,\"reviving\":false,\"teraType\":\"Water\",\"terastallized\":\"\"},{\"ident\":\"p2: Brambleghast\",\"details\":\"Brambleghast, L88, F\",\"condition\":\"240/240\",\"active\":false,\"stats\":{\"atk\":253,\"def\":173,\"spa\":191,\"spd\":173,\"spe\":209},\"moves\":[\"poltergeist\",\"strengthsap\",\"rapidspin\",\"powerwhip\"],\"baseAbility\":\"windrider\",\"item\":\"heavydutyboots\",\"pokeball\":\"pokeball\",\"ability\":\"windrider\",\"commanding\":false,\"reviving\":false,\"teraType\":\"Water\",\"terastallized\":\"\"},{\"ident\":\"p2: Ting-Lu\",\"details\":\"Ting-Lu, L78\",\"condition\":\"370/370\",\"active\":false,\"stats\":{\"atk\":217,\"def\":240,\"spa\":131,\"spd\":170,\"spe\":115},\"moves\":[\"stealthrock\",\"earthquake\",\"payback\",\"heavyslam\"],\"baseAbility\":\"vesselofruin\",\"item\":\"leftovers\",\"pokeball\":\"pokeball\",\"ability\":\"vesselofruin\",\"commanding\":false,\"reviving\":false,\"teraType\":\"Ghost\",\"terastallized\":\"\"},{\"ident\":\"p2: Magcargo\",\"details\":\"Magcargo, L95, F\",\"condition\":\"0 fnt\",\"active\":false,\"stats\":{\"atk\":100,\"def\":282,\"spa\":225,\"spd\":206,\"spe\":111},\"moves\":[\"earthpower\",\"fireblast\",\"shellsmash\",\"powergem\"],\"baseAbility\":\"weakarmor\",\"item\":\"heavydutyboots\",\"pokeball\":\"pokeball\",\"ability\":\"weakarmor\",\"commanding\":false,\"reviving\":false,\"teraType\":\"Dragon\",\"terastallized\":\"\"},{\"ident\":\"p2: Forretress\",\"details\":\"Forretress, L84, M\",\"condition\":\"0 fnt\",\"active\":false,\"stats\":{\"atk\":199,\"def\":283,\"spa\":149,\"spd\":149,\"spe\":115},\"moves\":[\"ironhead\",\"bodypress\",\"spikes\",\"rapidspin\"],\"baseAbility\":\"sturdy\",\"item\":\"leftovers\",\"pokeball\":\"pokeball\",\"ability\":\"sturdy\",\"commanding\":false,\"reviving\":false,\"teraType\":\"Fighting\",\"terastallized\":\"\"},{\"ident\":\"p2: Dipplin\",\"details\":\"Dipplin, L88, F\",\"condition\":\"0 fnt\",\"active\":false,\"stats\":{\"atk\":191,\"def\":244,\"spa\":217,\"spd\":191,\"spe\":121},\"moves\":[\"suckerpunch\",\"gigadrain\",\"dragonpulse\",\"recover\"],\"baseAbility\":\"stickyhold\",\"item\":\"eviolite\",\"pokeball\":\"pokeball\",\"ability\":\"stickyhold\",\"commanding\":false,\"reviving\":false,\"teraType\":\"Steel\",\"terastallized\":\"\"}]},\"noCancel\":true,\"rqid\":75}\n|inactive|Time left: 300 sec this turn | 300 sec total | 5 sec grace\n|\n|t:|1783390618\n|switch|p2a: Brambleghast|Brambleghast, L88, F|240/240\n|turn|34\n|request|{\"active\":[{\"moves\":[{\"move\":\"Poltergeist\",\"id\":\"poltergeist\",\"pp\":8,\"maxpp\":8,\"target\":\"normal\",\"disabled\":false},{\"move\":\"Strength Sap\",\"id\":\"strengthsap\",\"pp\":16,\"maxpp\":16,\"target\":\"normal\",\"disabled\":false},{\"move\":\"Rapid Spin\",\"id\":\"rapidspin\",\"pp\":64,\"maxpp\":64,\"target\":\"normal\",\"disabled\":false},{\"move\":\"Power Whip\",\"id\":\"powerwhip\",\"pp\":16,\"maxpp\":16,\"target\":\"normal\",\"disabled\":false}]}],\"side\":{\"name\":\"p0y001a265\",\"id\":\"p2\",\"pokemon\":[{\"ident\":\"p2: Brambleghast\",\"details\":\"Brambleghast, L88, F\",\"condition\":\"240/240\",\"active\":true,\"stats\":{\"atk\":253,\"def\":173,\"spa\":191,\"spd\":173,\"spe\":209},\"moves\":[\"poltergeist\",\"strengthsap\",\"rapidspin\",\"powerwhip\"],\"baseAbility\":\"windrider\",\"item\":\"heavydutyboots\",\"pokeball\":\"pokeball\",\"ability\":\"windrider\",\"commanding\":false,\"reviving\":false,\"teraType\":\"Water\",\"terastallized\":\"\"},{\"ident\":\"p2: Araquanid\",\"details\":\"Araquanid, L82, F\",\"condition\":\"0 fnt\",\"active\":false,\"stats\":{\"atk\":162,\"def\":198,\"spa\":129,\"spd\":264,\"spe\":116},\"moves\":[\"leechlife\",\"stickyweb\",\"hydropump\",\"liquidation\"],\"baseAbility\":\"waterbubble\",\"item\":\"heavydutyboots\",\"pokeball\":\"pokeball\",\"ability\":\"waterbubble\",\"commanding\":false,\"reviving\":false,\"teraType\":\"Water\",\"terastallized\":\"\"},{\"ident\":\"p2: Ting-Lu\",\"details\":\"Ting-Lu, L78\",\"condition\":\"370/370\",\"active\":false,\"stats\":{\"atk\":217,\"def\":240,\"spa\":131,\"spd\":170,\"spe\":115},\"moves\":[\"stealthrock\",\"earthquake\",\"payback\",\"heavyslam\"],\"baseAbility\":\"vesselofruin\",\"item\":\"leftovers\",\"pokeball\":\"pokeball\",\"ability\":\"vesselofruin\",\"commanding\":false,\"reviving\":false,\"teraType\":\"Ghost\",\"terastallized\":\"\"},{\"ident\":\"p2: Magcargo\",\"details\":\"Magcargo, L95, F\",\"condition\":\"0 fnt\",\"active\":false,\"stats\":{\"atk\":100,\"def\":282,\"spa\":225,\"spd\":206,\"spe\":111},\"moves\":[\"earthpower\",\"fireblast\",\"shellsmash\",\"powergem\"],\"baseAbility\":\"weakarmor\",\"item\":\"heavydutyboots\",\"pokeball\":\"pokeball\",\"ability\":\"weakarmor\",\"commanding\":false,\"reviving\":false,\"teraType\":\"Dragon\",\"terastallized\":\"\"},{\"ident\":\"p2: Forretress\",\"details\":\"Forretress, L84, M\",\"condition\":\"0 fnt\",\"active\":false,\"stats\":{\"atk\":199,\"def\":283,\"spa\":149,\"spd\":149,\"spe\":115},\"moves\":[\"ironhead\",\"bodypress\",\"spikes\",\"rapidspin\"],\"baseAbility\":\"sturdy\",\"item\":\"leftovers\",\"pokeball\":\"pokeball\",\"ability\":\"sturdy\",\"commanding\":false,\"reviving\":false,\"teraType\":\"Fighting\",\"terastallized\":\"\"},{\"ident\":\"p2: Dipplin\",\"details\":\"Dipplin, L88, F\",\"condition\":\"0 fnt\",\"active\":false,\"stats\":{\"atk\":191,\"def\":244,\"spa\":217,\"spd\":191,\"spe\":121},\"moves\":[\"suckerpunch\",\"gigadrain\",\"dragonpulse\",\"recover\"],\"baseAbility\":\"stickyhold\",\"item\":\"eviolite\",\"pokeball\":\"pokeball\",\"ability\":\"stickyhold\",\"commanding\":false,\"reviving\":false,\"teraType\":\"Steel\",\"terastallized\":\"\"}]},\"rqid\":77}\n|inactive|Time left: 300 sec this turn | 300 sec total\n|\n|t:|1783390619\n|move|p2a: Brambleghast|Rapid Spin|p1a: Gogoat\n|-damage|p1a: Gogoat|87/100\n|-boost|p2a: Brambleghast|spe|1\n|move|p1a: Gogoat|Horn Leech|p2a: Brambleghast\n|-resisted|p2a: Brambleghast\n|-damage|p2a: Brambleghast|83/240\n|-heal|p1a: Gogoat|100/100|[from] drain|[of] p2a: Brambleghast\n|\n|upkeep\n|turn|35\n|request|{\"active\":[{\"moves\":[{\"move\":\"Poltergeist\",\"id\":\"poltergeist\",\"pp\":8,\"maxpp\":8,\"target\":\"normal\",\"disabled\":false},{\"move\":\"Strength Sap\",\"id\":\"strengthsap\",\"pp\":16,\"maxpp\":16,\"target\":\"normal\",\"disabled\":false},{\"move\":\"Rapid Spin\",\"id\":\"rapidspin\",\"pp\":63,\"maxpp\":64,\"target\":\"normal\",\"disabled\":false},{\"move\":\"Power Whip\",\"id\":\"powerwhip\",\"pp\":16,\"maxpp\":16,\"target\":\"normal\",\"disabled\":false}]}],\"side\":{\"name\":\"p0y001a265\",\"id\":\"p2\",\"pokemon\":[{\"ident\":\"p2: Brambleghast\",\"details\":\"Brambleghast, L88, F\",\"condition\":\"83/240\",\"active\":true,\"stats\":{\"atk\":253,\"def\":173,\"spa\":191,\"spd\":173,\"spe\":209},\"moves\":[\"poltergeist\",\"strengthsap\",\"rapidspin\",\"powerwhip\"],\"baseAbility\":\"windrider\",\"item\":\"heavydutyboots\",\"pokeball\":\"pokeball\",\"ability\":\"windrider\",\"commanding\":false,\"reviving\":false,\"teraType\":\"Water\",\"terastallized\":\"\"},{\"ident\":\"p2: Araquanid\",\"details\":\"Araquanid, L82, F\",\"condition\":\"0 fnt\",\"active\":false,\"stats\":{\"atk\":162,\"def\":198,\"spa\":129,\"spd\":264,\"spe\":116},\"moves\":[\"leechlife\",\"stickyweb\",\"hydropump\",\"liquidation\"],\"baseAbility\":\"waterbubble\",\"item\":\"heavydutyboots\",\"pokeball\":\"pokeball\",\"ability\":\"waterbubble\",\"commanding\":false,\"reviving\":false,\"teraType\":\"Water\",\"terastallized\":\"\"},{\"ident\":\"p2: Ting-Lu\",\"details\":\"Ting-Lu, L78\",\"condition\":\"370/370\",\"active\":false,\"stats\":{\"atk\":217,\"def\":240,\"spa\":131,\"spd\":170,\"spe\":115},\"moves\":[\"stealthrock\",\"earthquake\",\"payback\",\"heavyslam\"],\"baseAbility\":\"vesselofruin\",\"item\":\"leftovers\",\"pokeball\":\"pokeball\",\"ability\":\"vesselofruin\",\"commanding\":false,\"reviving\":false,\"teraType\":\"Ghost\",\"terastallized\":\"\"},{\"ident\":\"p2: Magcargo\",\"details\":\"Magcargo, L95, F\",\"condition\":\"0 fnt\",\"active\":false,\"stats\":{\"atk\":100,\"def\":282,\"spa\":225,\"spd\":206,\"spe\":111},\"moves\":[\"earthpower\",\"fireblast\",\"shellsmash\",\"powergem\"],\"baseAbility\":\"weakarmor\",\"item\":\"heavydutyboots\",\"pokeball\":\"pokeball\",\"ability\":\"weakarmor\",\"commanding\":false,\"reviving\":false,\"teraType\":\"Dragon\",\"terastallized\":\"\"},{\"ident\":\"p2: Forretress\",\"details\":\"Forretress, L84, M\",\"condition\":\"0 fnt\",\"active\":false,\"stats\":{\"atk\":199,\"def\":283,\"spa\":149,\"spd\":149,\"spe\":115},\"moves\":[\"ironhead\",\"bodypress\",\"spikes\",\"rapidspin\"],\"baseAbility\":\"sturdy\",\"item\":\"leftovers\",\"pokeball\":\"pokeball\",\"ability\":\"sturdy\",\"commanding\":false,\"reviving\":false,\"teraType\":\"Fighting\",\"terastallized\":\"\"},{\"ident\":\"p2: Dipplin\",\"details\":\"Dipplin, L88, F\",\"condition\":\"0 fnt\",\"active\":false,\"stats\":{\"atk\":191,\"def\":244,\"spa\":217,\"spd\":191,\"spe\":121},\"moves\":[\"suckerpunch\",\"gigadrain\",\"dragonpulse\",\"recover\"],\"baseAbility\":\"stickyhold\",\"item\":\"eviolite\",\"pokeball\":\"pokeball\",\"ability\":\"stickyhold\",\"commanding\":false,\"reviving\":false,\"teraType\":\"Steel\",\"terastallized\":\"\"}]},\"rqid\":79}\n|inactive|Time left: 300 sec this turn | 300 sec total\n|\n|t:|1783390619\n|move|p2a: Brambleghast|Rapid Spin|p1a: Gogoat\n|-damage|p1a: Gogoat|95/100\n|-boost|p2a: Brambleghast|spe|1\n|move|p1a: Gogoat|Horn Leech|p2a: Brambleghast\n|-resisted|p2a: Brambleghast\n|-damage|p2a: Brambleghast|0 fnt\n|-heal|p1a: Gogoat|100/100|[from] drain|[of] p2a: Brambleghast\n|faint|p2a: Brambleghast\n|\n|upkeep\n|request|{\"forceSwitch\":[true],\"side\":{\"name\":\"p0y001a265\",\"id\":\"p2\",\"pokemon\":[{\"ident\":\"p2: Brambleghast\",\"details\":\"Brambleghast, L88, F\",\"condition\":\"0 fnt\",\"active\":true,\"stats\":{\"atk\":253,\"def\":173,\"spa\":191,\"spd\":173,\"spe\":209},\"moves\":[\"poltergeist\",\"strengthsap\",\"rapidspin\",\"powerwhip\"],\"baseAbility\":\"windrider\",\"item\":\"heavydutyboots\",\"pokeball\":\"pokeball\",\"ability\":\"windrider\",\"commanding\":false,\"reviving\":false,\"teraType\":\"Water\",\"terastallized\":\"\"},{\"ident\":\"p2: Araquanid\",\"details\":\"Araquanid, L82, F\",\"condition\":\"0 fnt\",\"active\":false,\"stats\":{\"atk\":162,\"def\":198,\"spa\":129,\"spd\":264,\"spe\":116},\"moves\":[\"leechlife\",\"stickyweb\",\"hydropump\",\"liquidation\"],\"baseAbility\":\"waterbubble\",\"item\":\"heavydutyboots\",\"pokeball\":\"pokeball\",\"ability\":\"waterbubble\",\"commanding\":false,\"reviving\":false,\"teraType\":\"Water\",\"terastallized\":\"\"},{\"ident\":\"p2: Ting-Lu\",\"details\":\"Ting-Lu, L78\",\"condition\":\"370/370\",\"active\":false,\"stats\":{\"atk\":217,\"def\":240,\"spa\":131,\"spd\":170,\"spe\":115},\"moves\":[\"stealthrock\",\"earthquake\",\"payback\",\"heavyslam\"],\"baseAbility\":\"vesselofruin\",\"item\":\"leftovers\",\"pokeball\":\"pokeball\",\"ability\":\"vesselofruin\",\"commanding\":false,\"reviving\":false,\"teraType\":\"Ghost\",\"terastallized\":\"\"},{\"ident\":\"p2: Magcargo\",\"details\":\"Magcargo, L95, F\",\"condition\":\"0 fnt\",\"active\":false,\"stats\":{\"atk\":100,\"def\":282,\"spa\":225,\"spd\":206,\"spe\":111},\"moves\":[\"earthpower\",\"fireblast\",\"shellsmash\",\"powergem\"],\"baseAbility\":\"weakarmor\",\"item\":\"heavydutyboots\",\"pokeball\":\"pokeball\",\"ability\":\"weakarmor\",\"commanding\":false,\"reviving\":false,\"teraType\":\"Dragon\",\"terastallized\":\"\"},{\"ident\":\"p2: Forretress\",\"details\":\"Forretress, L84, M\",\"condition\":\"0 fnt\",\"active\":false,\"stats\":{\"atk\":199,\"def\":283,\"spa\":149,\"spd\":149,\"spe\":115},\"moves\":[\"ironhead\",\"bodypress\",\"spikes\",\"rapidspin\"],\"baseAbility\":\"sturdy\",\"item\":\"leftovers\",\"pokeball\":\"pokeball\",\"ability\":\"sturdy\",\"commanding\":false,\"reviving\":false,\"teraType\":\"Fighting\",\"terastallized\":\"\"},{\"ident\":\"p2: Dipplin\",\"details\":\"Dipplin, L88, F\",\"condition\":\"0 fnt\",\"active\":false,\", "uploadtime": 1783390619, "views": 0, "rating": 0, "private": 0, "password": null, "_winner": "p0x001a446", "_our_name": "p0x001a446"}\"],\"baseAbility\":\"stickyhold\",\"item\":\"eviolite\",\"pokeball\":\"pokeball\",\"ability\":\"stickyhold\",\"commanding\":false,\"reviving\":false,\"teraType\":\"Steel\",\"terastallized\":\"\"}]},\"noCancel\":true,\"rqid\":81}\n|inactive|Time left: 300 sec this turn | 300 sec total | 5 sec grace\n|\n|t:|1783390619\n|switch|p2a: Ting-Lu|Ting-Lu, L78|370/370\n|-ability|p2a: Ting-Lu|Vessel of Ruin\n|turn|36\n|request|{\"active\":[{\"moves\":[{\"move\":\"Stealth Rock\",\"id\":\"stealthrock\",\"pp\":31,\"maxpp\":32,\"target\":\"foeSide\",\"disabled\":false},{\"move\":\"Earthquake\",\"id\":\"earthquake\",\"pp\":16,\"maxpp\":16,\"target\":\"allAdjacent\",\"disabled\":false},{\"move\":\"Payback\",\"id\":\"payback\",\"pp\":16,\"maxpp\":16,\"target\":\"normal\",\"disabled\":false},{\"move\":\"Heavy Slam\",\"id\":\"heavyslam\",\"pp\":16,\"maxpp\":16,\"target\":\"normal\",\"disabled\":false}]}],\"side\":{\"name\":\"p0y001a265\",\"id\":\"p2\",\"pokemon\":[{\"ident\":\"p2: Ting-Lu\",\"details\":\"Ting-Lu, L78\",\"condition\":\"370/370\",\"active\":true,\"stats\":{\"atk\":217,\"def\":240,\"spa\":131,\"spd\":170,\"spe\":115},\"moves\":[\"stealthrock\",\"earthquake\",\"payback\",\"heavyslam\"],\"baseAbility\":\"vesselofruin\",\"item\":\"leftovers\",\"pokeball\":\"pokeball\",\"ability\":\"vesselofruin\",\"commanding\":false,\"reviving\":false,\"teraType\":\"Ghost\",\"terastallized\":\"\"},{\"ident\":\"p2: Araquanid\",\"details\":\"Araquanid, L82, F\",\"condition\":\"0 fnt\",\"active\":false,\"stats\":{\"atk\":162,\"def\":198,\"spa\":129,\"spd\":264,\"spe\":116},\"moves\":[\"leechlife\",\"stickyweb\",\"hydropump\",\"liquidation\"],\"baseAbility\":\"waterbubble\",\"item\":\"heavydutyboots\",\"pokeball\":\"pokeball\",\"ability\":\"waterbubble\",\"commanding\":false,\"reviving\":false,\"teraType\":\"Water\",\"terastallized\":\"\"},{\"ident\":\"p2: Brambleghast\",\"details\":\"Brambleghast, L88, F\",\"condition\":\"0 fnt\",\"active\":false,\"stats\":{\"atk\":253,\"def\":173,\"spa\":191,\"spd\":173,\"spe\":209},\"moves\":[\"poltergeist\",\"strengthsap\",\"rapidspin\",\"powerwhip\"],\"baseAbility\":\"windrider\",\"item\":\"heavydutyboots\",\"pokeball\":\"pokeball\",\"ability\":\"windrider\",\"commanding\":false,\"reviving\":false,\"teraType\":\"Water\",\"terastallized\":\"\"},{\"ident\":\"p2: Magcargo\",\"details\":\"Magcargo, L95, F\",\"condition\":\"0 fnt\",\"active\":false,\"stats\":{\"atk\":100,\"def\":282,\"spa\":225,\"spd\":206,\"spe\":111},\"moves\":[\"earthpower\",\"fireblast\",\"shellsmash\",\"powergem\"],\"baseAbility\":\"weakarmor\",\"item\":\"heavydutyboots\",\"pokeball\":\"pokeball\",\"ability\":\"weakarmor\",\"commanding\":false,\"reviving\":false,\"teraType\":\"Dragon\",\"terastallized\":\"\"},{\"ident\":\"p2: Forretress\",\"details\":\"Forretress, L84, M\",\"condition\":\"0 fnt\",\"active\":false,\"stats\":{\"atk\":199,\"def\":283,\"spa\":149,\"spd\":149,\"spe\":115},\"moves\":[\"ironhead\",\"bodypress\",\"spikes\",\"rapidspin\"],\"baseAbility\":\"sturdy\",\"item\":\"leftovers\",\"pokeball\":\"pokeball\",\"ability\":\"sturdy\",\"commanding\":false,\"reviving\":false,\"teraType\":\"Fighting\",\"terastallized\":\"\"},{\"ident\":\"p2: Dipplin\",\"details\":\"Dipplin, L88, F\",\"condition\":\"0 fnt\",\"active\":false,\"stats\":{\"atk\":191,\"def\":244,\"spa\":217,\"spd\":191,\"spe\":121},\"moves\":[\"suckerpunch\",\"gigadrain\",\"dragonpulse\",\"recover\"],\"baseAbility\":\"stickyhold\",\"item\":\"eviolite\",\"pokeball\":\"pokeball\",\"ability\":\"stickyhold\",\"commanding\":false,\"reviving\":false,\"teraType\":\"Steel\",\"terastallized\":\"\"}]},\"rqid\":83}\n|inactive|Time left: 300 sec this turn | 300 sec total\n|\n|t:|1783390619\n|move|p1a: Gogoat|Horn Leech|p2a: Ting-Lu\n|-supereffective|p2a: Ting-Lu\n|-damage|p2a: Ting-Lu|0 fnt\n|faint|p2a: Ting-Lu\n|\n|win|p0x001a446", "uploadtime": 1783390619, "views": 0, "rating": 0, "private": 0, "password": null, "_winner": "p0x001a446", "_our_name": "p0y001a265"}