{"id": "battle-gen9randombattle-265", "formatid": "gen9randombattle", "format": "[Gen 9] Random Battle", "players": ["p0x063a5af", "p0y063b3ab"], "log": "|init|battle\n|title|p0x063a5af vs. p0y063b3ab\n|j|\u2606p0x063a5af\n|j|\u2606p0y063b3ab\n|t:|1783391907\n|gametype|singles\n|player|p1|p0x063a5af|1|\n|player|p2|p0y063b3ab|266|\n|gen|9\n|tier|[Gen 9] Random Battle\n|rule|Species Clause: Limit one of each Pok\u00e9mon\n|rule|HP Percentage Mod: HP is shown in percentages\n|rule|Sleep Clause Mod: Limit one foe put to sleep\n|rule|Illusion Level Mod: Illusion disguises the Pok\u00e9mon's true level\n|\n|t:|1783391907\n|teamsize|p1|6\n|teamsize|p2|6\n|start\n|switch|p1a: Arbok|Arbok, L87, F|100/100\n|switch|p2a: Slither Wing|Slither Wing, L81|270/270\n|-ability|p1a: Arbok|Intimidate|boost\n|-unboost|p2a: Slither Wing|atk|1\n|turn|1\n|request|{\"active\":[{\"moves\":[{\"move\":\"Close Combat\",\"id\":\"closecombat\",\"pp\":8,\"maxpp\":8,\"target\":\"normal\",\"disabled\":false},{\"move\":\"Will-O-Wisp\",\"id\":\"willowisp\",\"pp\":24,\"maxpp\":24,\"target\":\"normal\",\"disabled\":false},{\"move\":\"Morning Sun\",\"id\":\"morningsun\",\"pp\":8,\"maxpp\":8,\"target\":\"self\",\"disabled\":false},{\"move\":\"U-turn\",\"id\":\"uturn\",\"pp\":32,\"maxpp\":32,\"target\":\"normal\",\"disabled\":false}],\"canTerastallize\":\"Fire\"}],\"side\":{\"name\":\"p0y063b3ab\",\"id\":\"p2\",\"pokemon\":[{\"ident\":\"p2: Slither Wing\",\"details\":\"Slither Wing, L81\",\"condition\":\"270/270\",\"active\":true,\"stats\":{\"atk\":265,\"def\":175,\"spa\":184,\"spd\":217,\"spe\":178},\"moves\":[\"closecombat\",\"willowisp\",\"morningsun\",\"uturn\"],\"baseAbility\":\"protosynthesis\",\"item\":\"heavydutyboots\",\"pokeball\":\"pokeball\",\"ability\":\"protosynthesis\",\"commanding\":false,\"reviving\":false,\"teraType\":\"Fire\",\"terastallized\":\"\"},{\"ident\":\"p2: Tsareena\",\"details\":\"Tsareena, L87, F\",\"condition\":\"267/267\",\"active\":false,\"stats\":{\"atk\":259,\"def\":220,\"spa\":137,\"spd\":220,\"spe\":175},\"moves\":[\"tripleaxel\",\"knockoff\",\"powerwhip\",\"synthesis\"],\"baseAbility\":\"queenlymajesty\",\"item\":\"lifeorb\",\"pokeball\":\"pokeball\",\"ability\":\"queenlymajesty\",\"commanding\":false,\"reviving\":false,\"teraType\":\"Steel\",\"terastallized\":\"\"},{\"ident\":\"p2: Klawf\",\"details\":\"Klawf, L90, M\",\"condition\":\"272/272\",\"active\":false,\"stats\":{\"atk\":231,\"def\":258,\"spa\":114,\"spd\":150,\"spe\":186},\"moves\":[\"highhorsepower\",\"swordsdance\",\"knockoff\",\"stoneedge\"],\"baseAbility\":\"angershell\",\"item\":\"scopelens\",\"pokeball\":\"pokeball\",\"ability\":\"angershell\",\"commanding\":false,\"reviving\":false,\"teraType\":\"Dark\",\"terastallized\":\"\"},{\"ident\":\"p2: Dondozo\",\"details\":\"Dondozo, L78, F\",\"condition\":\"362/362\",\"active\":false,\"stats\":{\"atk\":201,\"def\":224,\"spa\":146,\"spd\":146,\"spe\":100},\"moves\":[\"sleeptalk\",\"rest\",\"curse\",\"wavecrash\"],\"baseAbility\":\"unaware\",\"item\":\"leftovers\",\"pokeball\":\"pokeball\",\"ability\":\"unaware\",\"commanding\":false,\"reviving\":false,\"teraType\":\"Fairy\",\"terastallized\":\"\"},{\"ident\":\"p2: Dewgong\",\"details\":\"Dewgong, L94, F\",\"condition\":\"322/322\",\"active\":false,\"stats\":{\"atk\":185,\"def\":204,\"spa\":185,\"spd\":232,\"spe\":185},\"moves\":[\"flipturn\",\"tripleaxel\",\"knockoff\",\"surf\"],\"baseAbility\":\"thickfat\",\"item\":\"assaultvest\",\"pokeball\":\"pokeball\",\"ability\":\"thickfat\",\"commanding\":false,\"reviving\":false,\"teraType\":\"Grass\",\"terastallized\":\"\"},{\"ident\":\"p2: Perrserker\",\"details\":\"Perrserker, L89, M\",\"condition\":\"269/269\",\"active\":false,\"stats\":{\"atk\":247,\"def\":229,\"spa\":140,\"spd\":158,\"spe\":140},\"moves\":[\"closecombat\",\"knockoff\",\"ironhead\",\"uturn\"],\"baseAbility\":\"toughclaws\",\"item\":\"choiceband\",\"pokeball\":\"pokeball\",\"ability\":\"toughclaws\",\"commanding\":false,\"reviving\":false,\"teraType\":\"Fighting\",\"terastallized\":\"\"}]},\"rqid\":3}\n|inactive|Battle timer is ON: inactive players will automatically lose when time's up. (requested by p0x063a5af)\n|inactive|Time left: 300 sec this turn | 300 sec total | 60 sec grace\n|html|<div class=\"message-error\">You must be registered to chat in temporary rooms (like battles).</div>You may register in the <button name=\"openOptions\"><i class=\"fa fa-cog\"></i> Options</button> menu.\n|inactive|p0y063b3ab also wants the timer to be on.\n|\n|t:|1783391907\n|move|p1a: Arbok|Coil|p1a: Arbok\n|-boost|p1a: Arbok|atk|1\n|-boost|p1a: Arbok|def|1\n|-boost|p1a: Arbok|accuracy|1\n|move|p2a: Slither Wing|Will-O-Wisp|p1a: Arbok\n|-status|p1a: Arbok|brn\n|\n|-damage|p1a: Arbok|94/100 brn|[from] brn\n|upkeep\n|turn|2\n|request|{\"active\":[{\"moves\":[{\"move\":\"Close Combat\",\"id\":\"closecombat\",\"pp\":8,\"maxpp\":8,\"target\":\"normal\",\"disabled\":false},{\"move\":\"Will-O-Wisp\",\"id\":\"willowisp\",\"pp\":23,\"maxpp\":24,\"target\":\"normal\",\"disabled\":false},{\"move\":\"Morning Sun\",\"id\":\"morningsun\",\"pp\":8,\"maxpp\":8,\"target\":\"self\",\"disabled\":false},{\"move\":\"U-turn\",\"id\":\"uturn\",\"pp\":32,\"maxpp\":32,\"target\":\"normal\",\"disabled\":false}],\"canTerastallize\":\"Fire\"}],\"side\":{\"name\":\"p0y063b3ab\",\"id\":\"p2\",\"pokemon\":[{\"ident\":\"p2: Slither Wing\",\"details\":\"Slither Wing, L81\",\"condition\":\"270/270\",\"active\":true,\"stats\":{\"atk\":265,\"def\":175,\"spa\":184,\"spd\":217,\"spe\":178},\"moves\":[\"closecombat\",\"willowisp\",\"morningsun\",\"uturn\"],\"baseAbility\":\"protosynthesis\",\"item\":\"heavydutyboots\",\"pokeball\":\"pokeball\",\"ability\":\"protosynthesis\",\"commanding\":false,\"reviving\":false,\"teraType\":\"Fire\",\"terastallized\":\"\"},{\"ident\":\"p2: Tsareena\",\"details\":\"Tsareena, L87, F\",\"condition\":\"267/267\",\"active\":false,\"stats\":{\"atk\":259,\"def\":220,\"spa\":137,\"spd\":220,\"spe\":175},\"moves\":[\"tripleaxel\",\"knockoff\",\"powerwhip\",\"synthesis\"],\"baseAbility\":\"queenlymajesty\",\"item\":\"lifeorb\",\"pokeball\":\"pokeball\",\"ability\":\"queenlymajesty\",\"commanding\":false,\"reviving\":false,\"teraType\":\"Steel\",\"terastallized\":\"\"},{\"ident\":\"p2: Klawf\",\"details\":\"Klawf, L90, M\",\"condition\":\"272/272\",\"active\":false,\"stats\":{\"atk\":231,\"def\":258,\"spa\":114,\"spd\":150,\"spe\":186},\"moves\":[\"highhorsepower\",\"swordsdance\",\"knockoff\",\"stoneedge\"],\"baseAbility\":\"angershell\",\"item\":\"scopelens\",\"pokeball\":\"pokeball\",\"ability\":\"angershell\",\"commanding\":false,\"reviving\":false,\"teraType\":\"Dark\",\"terastallized\":\"\"},{\"ident\":\"p2: Dondozo\",\"details\":\"Dondozo, L78, F\",\"condition\":\"362/362\",\"active\":false,\"stats\":{\"atk\":201,\"def\":224,\"spa\":146,\"spd\":146,\"spe\":100},\"moves\":[\"sleeptalk\",\"rest\",\"curse\",\"wavecrash\"],\"baseAbility\":\"unaware\",\"item\":\"leftovers\",\"pokeball\":\"pokeball\",\"ability\":\"unaware\",\"commanding\":false,\"reviving\":false,\"teraType\":\"Fairy\",\"terastallized\":\"\"},{\"ident\":\"p2: Dewgong\",\"details\":\"Dewgong, L94, F\",\"condition\":\"322/322\",\"active\":false,\"stats\":{\"atk\":185,\"def\":204,\"spa\":185,\"spd\":232,\"spe\":185},\"moves\":[\"flipturn\",\"tripleaxel\",\"knockoff\",\"surf\"],\"baseAbility\":\"thickfat\",\"item\":\"assaultvest\",\"pokeball\":\"pokeball\",\"ability\":\"thickfat\",\"commanding\":false,\"reviving\":false,\"teraType\":\"Grass\",\"terastallized\":\"\"},{\"ident\":\"p2: Perrserker\",\"details\":\"Perrserker, L89, M\",\"condition\":\"269/269\",\"active\":false,\"stats\":{\"atk\":247,\"def\":229,\"spa\":140,\"spd\":158,\"spe\":140},\"moves\":[\"closecombat\",\"knockoff\",\"ironhead\",\"uturn\"],\"baseAbility\":\"toughclaws\",\"item\":\"choiceband\",\"pokeball\":\"pokeball\",\"ability\":\"toughclaws\",\"commanding\":false,\"reviving\":false,\"teraType\":\"Fighting\",\"terastallized\":\"\"}]},\"rqid\":5}\n|inactive|Time left: 300 sec this turn | 300 sec total\n|\n|t:|1783391908\n|-end|p2a: Slither Wing|Protosynthesis|[silent]\n|switch|p2a: Perrserker|Perrserker, L89, M|269/269\n|move|p1a: Arbok|Coil|p1a: Arbok\n|-boost|p1a: Arbok|atk|1\n|-boost|p1a: Arbok|def|1\n|-boost|p1a: Arbok|accuracy|1\n|\n|-heal|p1a: Arbok|100/100 brn|[from] item: Leftovers\n|-damage|p1a: Arbok|94/100 brn|[from] brn\n|upkeep\n|turn|3\n|request|{\"active\":[{\"moves\":[{\"move\":\"Close Combat\",\"id\":\"closecombat\",\"pp\":8,\"maxpp\":8,\"target\":\"normal\",\"disabled\":false},{\"move\":\"Knock Off\",\"id\":\"knockoff\",\"pp\":32,\"maxpp\":32,\"target\":\"normal\",\"disabled\":false},{\"move\":\"Iron Head\",\"id\":\"ironhead\",\"pp\":24,\"maxpp\":24,\"target\":\"normal\",\"disabled\":false},{\"move\":\"U-turn\",\"id\":\"uturn\",\"pp\":32,\"maxpp\":32,\"target\":\"normal\",\"disabled\":false}],\"canTerastallize\":\"Fighting\"}],\"side\":{\"name\":\"p0y063b3ab\",\"id\":\"p2\",\"pokemon\":[{\"ident\":\"p2: Perrserker\",\"details\":\"Perrserker, L89, M\",\"condition\":\"269/269\",\"active\":true,\"stats\":{\"atk\":247,\"def\":229,\"spa\":140,\"spd\":158,\"spe\":140},\"moves\":[\"closecombat\",\"knockoff\",\"ironhead\",\"uturn\"],\"baseAbility\":\"toughclaws\",\"item\":\"choiceband\",\"pokeball\":\"pokeball\",\"ability\":\"toughclaws\",\"commanding\":false,\"reviving\":false,\"teraType\":\"Fighting\",\"terastallized\":\"\"},{\"ident\":\"p2: Tsareena\",\"details\":\"Tsareena, L87, F\",\"condition\":\"267/267\",\"active\":false,\"stats\":{\"atk\":259,\"def\":220,\"spa\":137,\"spd\":220,\"spe\":175},\"moves\":[\"tripleaxel\",\"knockoff\",\"powerwhip\",\"synthesis\"],\"baseAbility\":\"queenlymajesty\",\"item\":\"lifeorb\",\"pokeball\":\"pokeball\",\"ability\":\"queenlymajesty\",\"commanding\":false,\"reviving\":false,\"teraType\":\"Steel\",\"terastallized\":\"\"},{\"ident\":\"p2: Klawf\",\"details\":\"Klawf, L90, M\",\"condition\":\"272/272\",\"active\":false,\"stats\":{\"atk\":231,\"def\":258,\"spa\":114,\"spd\":150,\"spe\":186},\"moves\":[\"highhorsepower\",\"swordsdance\",\"knockoff\",\"stoneedge\"],\"baseAbility\":\"angershell\",\"item\":\"scopelens\",\"pokeball\":\"pokeball\",\"ability\":\"angershell\",\"commanding\":false,\"reviving\":false,\"teraType\":\"Dark\",\"terastallized\":\"\"},{\"ident\":\"p2: Dondozo\",\"details\":\"Dondozo, L78, F\",\"condition\":\"362/362\",\"active\":false,\"stats\":{\"atk\":201,\"def\":224,\"spa\":146,\"spd\":146,\"spe\":100},\"moves\":[\"sleeptalk\",\"rest\",\"curse\",\"wavecrash\"],\"baseAbility\":\"unaware\",\"item\":\"leftovers\",\"pokeball\":\"pokeball\",\"ability\":\"unaware\",\"commanding\":false,\"reviving\":false,\"teraType\":\"Fairy\",\"terastallized\":\"\"},{\"ident\":\"p2: Dewgong\",\"details\":\"Dewgong, L94, F\",\"condition\":\"322/322\",\"active\":false,\"stats\":{\"atk\":185,\"def\":204,\"spa\":185,\"spd\":232,\"spe\":185},\"moves\":[\"flipturn\",\"tripleaxel\",\"knockoff\",\"surf\"],\"baseAbility\":\"thickfat\",\"item\":\"assaultvest\",\"pokeball\":\"pokeball\",\"ability\":\"thickfat\",\"commanding\":false,\"reviving\":false,\"teraType\":\"Grass\",\"terastallized\":\"\"},{\"ident\":\"p2: Slither Wing\",\"details\":\"Slither Wing, L81\",\"condition\":\"270/270\",\"active\":false,\"stats\":{\"atk\":265,\"def\":175,\"spa\":184,\"spd\":217,\"spe\":178},\"moves\":[\"closecombat\",\"willowisp\",\"morningsun\",\"uturn\"],\"baseAbility\":\"protosynthesis\",\"item\":\"heavydutyboots\",\"pokeball\":\"pokeball\",\"ability\":\"protosynthesis\",\"commanding\":false,\"reviving\":false,\"teraType\":\"Fire\",\"terastallized\":\"\"}]},\"rqid\":7}\n|inactive|Time left: 300 sec this turn | 300 sec total\n|\n|t:|1783391908\n|move|p1a: Arbok|Earthquake|p2a: Perrserker\n|-supereffective|p2a: Perrserker\n|-crit|p2a: Perrserker\n|-damage|p2a: Perrserker|71/269\n|move|p2a: Perrserker|Iron Head|p1a: Arbok\n|-damage|p1a: Arbok|46/100 brn\n|\n|-heal|p1a: Arbok|52/100 brn|[from] item: Leftovers\n|-damage|p1a: Arbok|46/100 brn|[from] brn\n|upkeep\n|turn|4\n|request|{\"active\":[{\"moves\":[{\"move\":\"Close Combat\",\"id\":\"closecombat\",\"pp\":8,\"maxpp\":8,\"target\":\"normal\",\"disabled\":true},{\"move\":\"Knock Off\",\"id\":\"knockoff\",\"pp\":32,\"maxpp\":32,\"target\":\"normal\",\"disabled\":true},{\"move\":\"Iron Head\",\"id\":\"ironhead\",\"pp\":23,\"maxpp\":24,\"target\":\"normal\",\"disabled\":false},{\"move\":\"U-turn\",\"id\":\"uturn\",\"pp\":32,\"maxpp\":32,\"target\":\"normal\",\"disabled\":true}],\"canTerastallize\":\"Fighting\"}],\"side\":{\"name\":\"p0y063b3ab\",\"id\":\"p2\",\"pokemon\":[{\"ident\":\"p2: Perrserker\",\"details\":\"Perrserker, L89, M\",\"condition\":\"71/269\",\"active\":true,\"stats\":{\"atk\":247,\"def\":229,\"spa\":140,\"spd\":158,\"spe\":140},\"moves\":[\"closecombat\",\"knockoff\",\"ironhead\",\"uturn\"],\"baseAbility\":\"toughclaws\",\"item\":\"choiceband\",\"pokeball\":\"pokeball\",\"ability\":\"toughclaws\",\"commanding\":false,\"reviving\":false,\"teraType\":\"Fighting\",\"terastallized\":\"\"},{\"ident\":\"p2: Tsareena\",\"details\":\"Tsareena, L87, F\",\"condition\":\"267/267\",\"active\":false,\"stats\":{\"atk\":259,\"def\":220,\"spa\":137,\"spd\":220,\"spe\":175},\"moves\":[\"tripleaxel\",\"knockoff\",\"powerwhip\",\"synthesis\"],\"baseAbility\":\"queenlymajesty\",\"item\":\"lifeorb\",\"pokeball\":\"pokeball\",\"ability\":\"queenlymajesty\",\"commanding\":false,\"reviving\":false,\"teraType\":\"Steel\",\"terastallized\":\"\"},{\"ident\":\"p2: Klawf\",\"details\":\"Klawf, L90, M\",\"condition\":\"272/272\",\"active\":false,\"stats\":{\"atk\":231,\"def\":258,\"spa\":114,\"spd\":150,\"spe\":186},\"moves\":[\"highhorsepower\",\"swordsdance\",\"knockoff\",\"stoneedge\"],\"baseAbility\":\"angershell\",\"item\":\"scopelens\",\"pokeball\":\"pokeball\",\"ability\":\"angershell\",\"commanding\":false,\"reviving\":false,\"teraType\":\"Dark\",\"terastallized\":\"\"},{\"ident\":\"p2: Dondozo\",\"details\":\"Dondozo, L78, F\",\"condition\":\"362/362\",\"active\":false,\"stats\":{\"atk\":201,\"def\":224,\"spa\":146,\"spd\":146,\"spe\":100},\"moves\":[\"sleeptalk\",\"rest\",\"curse\",\"wavecrash\"],\"baseAbility\":\"unaware\",\"item\":\"leftovers\",\"pokeball\":\"pokeball\",\"ability\":\"unaware\",\"commanding\":false,\"reviving\":false,\"teraType\":\"Fairy\",\"terastallized\":\"\"},{\"ident\":\"p2: Dewgong\",\"details\":\"Dewgong, L94, F\",\"condition\":\"322/322\",\"active\":false,\"stats\":{\"atk\":185,\"def\":204,\"spa\":185,\"spd\":232,\"spe\":185},\"moves\":[\"flipturn\",\"tripleaxel\",\"knockoff\",\"surf\"],\"baseAbility\":\"thickfat\",\"item\":\"assaultvest\",\"pokeball\":\"pokeball\",\"ability\":\"thickfat\",\"commanding\":false,\"reviving\":false,\"teraType\":\"Grass\",\"terastallized\":\"\"},{\"ident\":\"p2: Slither Wing\",\"details\":\"Slither Wing, L81\",\"condition\":\"270/270\",\"active\":false,\"stats\":{\"atk\":265,\"def\":175,\"spa\":184,\"spd\":217,\"spe\":178},\"moves\":[\"closecombat\",\"willowisp\",\"morningsun\",\"uturn\"],\"baseAbility\":\"protosynthesis\",\"item\":\"heavydutyboots\",\"pokeball\":\"pokeball\",\"ability\":\"protosynthesis\",\"commanding\":false,\"reviving\":false,\"teraType\":\"Fire\",\"terastallized\":\"\"}]},\"rqid\":9}\n|inactive|Time left: 300 sec this turn | 300 sec total\n|\n|t:|1783391908\n|switch|p2a: Dondozo|Dondozo, L78, F|362/362\n|move|p1a: Arbok|Earthquake|p2a: Dondozo\n|-damage|p2a: Dondozo|328/362\n|\n|-heal|p1a: Arbok|52/100 brn|[from] item: Leftovers\n|-heal|p2a: Dondozo|350/362|[from] item: Leftovers\n|-damage|p1a: Arbok|46/100 brn|[from] brn\n|upkeep\n|turn|5\n|request|{\"active\":[{\"moves\":[{\"move\":\"Sleep Talk\",\"id\":\"sleeptalk\",\"pp\":16,\"maxpp\":16,\"target\":\"self\",\"disabled\":false},{\"move\":\"Rest\",\"id\":\"rest\",\"pp\":8,\"maxpp\":8,\"target\":\"self\",\"disabled\":false},{\"move\":\"Curse\",\"id\":\"curse\",\"pp\":16,\"maxpp\":16,\"target\":\"self\",\"disabled\":false},{\"move\":\"Wave Crash\",\"id\":\"wavecrash\",\"pp\":16,\"maxpp\":16,\"target\":\"normal\",\"disabled\":false}],\"canTerastallize\":\"Fairy\"}],\"side\":{\"name\":\"p0y063b3ab\",\"id\":\"p2\",\"pokemon\":[{\"ident\":\"p2: Dondozo\",\"details\":\"Dondozo, L78, F\",\"condition\":\"350/362\",\"active\":true,\"stats\":{\"atk\":201,\"def\":224,\"spa\":146,\"spd\":146,\"spe\":100},\"moves\":[\"sleeptalk\",\"rest\",\"curse\",\"wavecrash\"],\"baseAbility\":\"unaware\",\"item\":\"leftovers\",\"pokeball\":\"pokeball\",\"ability\":\"unaware\",\"commanding\":false,\"reviving\":false,\"teraType\":\"Fairy\",\"terastallized\":\"\"},{\"ident\":\"p2: Tsareena\",\"details\":\"Tsareena, L87, F\",\"condition\":\"267/267\",\"active\":false,\"stats\":{\"atk\":259,\"def\":220,\"spa\":137,\"spd\":220,\"spe\":175},\"moves\":[\"tripleaxel\",\"knockoff\",\"powerwhip\",\"synthesis\"],\"baseAbility\":\"queenlymajesty\",\"item\":\"lifeorb\",\"pokeball\":\"pokeball\",\"ability\":\"queenlymajesty\",\"commanding\":false,\"reviving\":false,\"teraType\":\"Steel\",\"terastallized\":\"\"},{\"ident\":\"p2: Klawf\",\"details\":\"Klawf, L90, M\",\"condition\":\"272/272\",\"active\":false,\"stats\":{\"atk\":231,\"def\":258,\"spa\":114,\"spd\":150,\"spe\":186},\"moves\":[\"highhorsepower\",\"swordsdance\",\"knockoff\",\"stoneedge\"],\"baseAbility\":\"angershell\",\"item\":\"scopelens\",\"pokeball\":\"pokeball\",\"ability\":\"angershell\",\"commanding\":false,\"reviving\":false,\"teraType\":\"Dark\",\"terastallized\":\"\"},{\"ident\":\"p2: Perrserker\",\"details\":\"Perrserker, L89, M\",\"condition\":\"71/269\",\"active\":false,\"stats\":{\"atk\":247,\"def\":229,\"spa\":140,\"spd\":158,\"spe\":140},\"moves\":[\"closecombat\",\"knockoff\",\"ironhead\",\"uturn\"],\"baseAbility\":\"toughclaws\",\"item\":\"choiceband\",\"pokeball\":\"pokeball\",\"ability\":\"toughclaws\",\"commanding\":false,\"reviving\":false,\"teraType\":\"Fighting\",\"terastallized\":\"\"},{\"ident\":\"p2: Dewgong\",\"details\":\"Dewgong, L94, F\",\"condition\":\"322/322\",\"active\":false,\"stats\":{\"atk\":185,\"def\":204,\"spa\":185,\"spd\":232,\"spe\":185},\"moves\":[\"flipturn\",\"tripleaxel\",\"knockoff\",\"surf\"],\"baseAbility\":\"thickfat\",\"item\":\"assaultvest\",\"pokeball\":\"pokeball\",\"ability\":\"thickfat\",\"commanding\":false,\"reviving\":false,\"teraType\":\"Grass\",\"terastallized\":\"\"},{\"ident\":\"p2: Slither Wing\",\"details\":\"Slither Wing, L81\",\"condition\":\"270/270\",\"active\":false,\"stats\":{\"atk\":265,\"def\":175,\"spa\":184,\"spd\":217,\"spe\":178},\"moves\":[\"closecombat\",\"willowisp\",\"morningsun\",\"uturn\"],\"baseAbility\":\"protosynthesis\",\"item\":\"heavydutyboots\",\"pokeball\":\"pokeball\",\"ability\":\"protosynthesis\",\"commanding\":false,\"reviving\":false,\"teraType\":\"Fire\",\"terastallized\":\"\"}]},\"rqid\":11}\n|inactive|Time left: 300 sec this turn | 300 sec total\n|\n|t:|1783391908\n|move|p1a: Arbok|Gunk Shot|p2a: Dondozo\n|-crit|p2a: Dondozo\n|-damage|p2a: Dondozo|259/362\n|move|p2a: Dondozo|Wave Crash|p1a: Arbok\n|-crit|p1a: Arbok\n|-damage|p1a: Arbok|0 fnt\n|faint|p1a: Arbok\n|-damage|p2a: Dondozo|222/362|[from] Recoil\n|\n|-heal|p2a: Dondozo|244/362|[from] item: Leftovers\n|upkeep\n|request|{\"wait\":true,\"side\":{\"name\":\"p0y063b3ab\",\"id\":\"p2\",\"pokemon\":[{\"ident\":\"p2: Dondozo\",\"details\":\"Dondozo, L78, F\",\"condition\":\"244/362\",\"active\":true,\"stats\":{\"atk\":201,\"def\":224,\"spa\":146,\"spd\":146,\"spe\":100},\"moves\":[\"sleeptalk\",\"rest\",\"curse\",\"wavecrash\"],\"baseAbility\":\"unaware\",\"item\":\"leftovers\",\"pokeball\":\"pokeball\",\"ability\":\"unaware\",\"commanding\":false,\"reviving\":false,\"teraType\":\"Fairy\",\"terastallized\":\"\"},{\"ident\":\"p2: Tsareena\",\"details\":\"Tsareena, L87, F\",\"condition\":\"267/267\",\"active\":false,\"stats\":{\"atk\":259,\"def\":220,\"spa\":137,\"spd\":220,\"spe\":175},\"moves\":[\"tripleaxel\",\"knockoff\",\"powerwhip\",\"synthesis\"],\"baseAbility\":\"queenlymajesty\",\"item\":\"lifeorb\",\"pokeball\":\"pokeball\",\"ability\":\"queenlymajesty\",\"commanding\":false,\"reviving\":false,\"teraType\":\"Steel\",\"terastallized\":\"\"},{\"ident\":\"p2: Klawf\",\"details\":\"Klawf, L90, M\",\"condition\":\"272/272\",\"active\":false,\"stats\":{\"atk\":231,\"def\":258,\"spa\":114,\"spd\":150,\"spe\":186},\"moves\":[\"highhorsepower\",\"swordsdance\",\"knockoff\",\"stoneedge\"],\"baseAbility\":\"angershell\",\"item\":\"scopelens\",\"pokeball\":\"pokeball\",\"ability\":\"angershell\",\"commanding\":false,\"reviving\":false,\"teraType\":\"Dark\",\"terastallized\":\"\"},{\"ident\":\"p2: Perrserker\",\"details\":\"Perrserker, L89, M\",\"condition\":\"71/269\",\"active\":false,\"stats\":{\"atk\":247,\"def\":229,\"spa\":140,\"spd\":158,\"spe\":140},\"moves\":[\"closecombat\",\"knockoff\",\"ironhead\",\"uturn\"],\"baseAbility\":\"toughclaws\",\"item\":\"choiceband\",\"pokeball\":\"pokeball\",\"ability\":\"toughclaws\",\"commanding\":false,\"reviving\":false,\"teraType\":\"Fighting\",\"terastallized\":\"\"},{\"ident\":\"p2: Dewgong\",\"details\":\"Dewgong, L94, F\",\"condition\":\"322/322\",\"active\":false,\"stats\":{\"atk\":185,\"def\":204,\"spa\":185,\"spd\":232,\"spe\":185},\"moves\":[\"flipturn\",\"tripleaxel\",\"knockoff\",\"surf\"],\"baseAbility\":\"thickfat\",\"item\":\"assaultvest\",\"pokeball\":\"pokeball\",\"ability\":\"thickfat\",\"commanding\":false,\"reviving\":false,\"teraType\":\"Grass\",\"terastallized\":\"\"},{\"ident\":\"p2: Slither Wing\",\"details\":\"Slither Wing, L81\",\"condition\":\"270/270\",\"active\":false,\"stats\":{\"atk\":265,\"def\":175,\"spa\":184,\"spd\":217,\"spe\":178},\"moves\":[\"closecombat\",\"willowisp\",\"morningsun\",\"uturn\"],\"baseAbility\":\"protosynthesis\",\"item\":\"heavydutyboots\",\"pokeball\":\"pokeball\",\"ability\":\"protosynthesis\",\"commanding\":false,\"reviving\":false,\"teraType\":\"Fire\",\"terastallized\":\"\"}]},\"rqid\":13}\n|\n|t:|1783391909\n|switch|p1a: Smeargle|Smeargle, L95, M|100/100\n|turn|6\n|request|{\"active\":[{\"moves\":[{\"move\":\"Sleep Talk\",\"id\":\"sleeptalk\",\"pp\":16,\"maxpp\":16,\"target\":\"self\",\"disabled\":false},{\"move\":\"Rest\",\"id\":\"rest\",\"pp\":8,\"maxpp\":8,\"target\":\"self\",\"disabled\":false},{\"move\":\"Curse\",\"id\":\"curse\",\"pp\":16,\"maxpp\":16,\"target\":\"self\",\"disabled\":false},{\"move\":\"Wave Crash\",\"id\":\"wavecrash\",\"pp\":15,\"maxpp\":16,\"target\":\"normal\",\"disabled\":false}],\"canTerastallize\":\"Fairy\"}],\"side\":{\"name\":\"p0y063b3ab\",\"id\":\"p2\",\"pokemon\":[{\"ident\":\"p2: Dondozo\",\"details\":\"Dondozo, L78, F\",\"condition\":\"244/362\",\"active\":true,\"stats\":{\"atk\":201,\"def\":224,\"spa\":146,\"spd\":146,\"spe\":100},\"moves\":[\"sleeptalk\",\"rest\",\"curse\",\"wavecrash\"],\"baseAbility\":\"unaware\",\"item\":\"leftovers\",\"pokeball\":\"pokeball\",\"ability\":\"unaware\",\"commanding\":false,\"reviving\":false,\"teraType\":\"Fairy\",\"terastallized\":\"\"},{\"ident\":\"p2: Tsareena\",\"details\":\"Tsareena, L87, F\",\"condition\":\"267/267\",\"active\":false,\"stats\":{\"atk\":259,\"def\":220,\"spa\":137,\"spd\":220,\"spe\":175},\"moves\":[\"tripleaxel\",\"knockoff\",\"powerwhip\",\"synthesis\"],\"baseAbility\":\"queenlymajesty\",\"item\":\"lifeorb\",\"pokeball\":\"pokeball\",\"ability\":\"queenlymajesty\",\"commanding\":false,\"reviving\":false,\"teraType\":\"Steel\",\"terastallized\":\"\"},{\"ident\":\"p2: Klawf\",\"details\":\"Klawf, L90, M\",\"condition\":\"272/272\",\"active\":false,\"stats\":{\"atk\":231,\"def\":258,\"spa\":114,\"spd\":150,\"spe\":186},\"moves\":[\"highhorsepower\",\"swordsdance\",\"knockoff\",\"stoneedge\"],\"baseAbility\":\"angershell\",\"item\":\"scopelens\",\"pokeball\":\"pokeball\",\"ability\":\"angershell\",\"commanding\":false,\"reviving\":false,\"teraType\":\"Dark\",\"terastallized\":\"\"},{\"ident\":\"p2: Perrserker\",\"details\":\"Perrserker, L89, M\",\"condition\":\"71/269\",\"active\":false,\"stats\":{\"atk\":247,\"def\":229,\"spa\":140,\"spd\":158,\"spe\":140},\"moves\":[\"closecombat\",\"knockoff\",\"ironhead\",\"uturn\"],\"baseAbility\":\"toughclaws\",\"item\":\"choiceband\",\"pokeball\":\"pokeball\",\"ability\":\"toughclaws\",\"commanding\":false,\"reviving\":false,\"teraType\":\"Fighting\",\"terastallized\":\"\"},{\"ident\":\"p2: Dewgong\",\"details\":\"Dewgong, L94, F\",\"condition\":\"322/322\",\"active\":false,\"stats\":{\"atk\":185,\"def\":204,\"spa\":185,\"spd\":232,\"spe\":185},\"moves\":[\"flipturn\",\"tripleaxel\",\"knockoff\",\"surf\"],\"baseAbility\":\"thickfat\",\"item\":\"assaultvest\",\"pokeball\":\"pokeball\",\"ability\":\"thickfat\",\"commanding\":false,\"reviving\":false,\"teraType\":\"Grass\",\"terastallized\":\"\"},{\"ident\":\"p2: Slither Wing\",\"details\":\"Slither Wing, L81\",\"condition\":\"270/270\",\"active\":false,\"stats\":{\"atk\":265,\"def\":175,\"spa\":184,\"spd\":217,\"spe\":178},\"moves\":[\"closecombat\",\"willowisp\",\"morningsun\",\"uturn\"],\"baseAbility\":\"protosynthesis\",\"item\":\"heavydutyboots\",\"pokeball\":\"pokeball\",\"ability\":\"protosynthesis\",\"commanding\":false,\"reviving\":false,\"teraType\":\"Fire\",\"terastallized\":\"\"}]},\"rqid\":15}\n|inactive|Time left: 300 sec this turn | 300 sec total\n|\n|t:|1783391909\n|move|p1a: Smeargle|Spore|p2a: Dondozo\n|-status|p2a: Dondozo|slp|[from] move: Spore\n|cant|p2a: Dondozo|slp\n|\n|-heal|p2a: Dondozo|266/362 slp|[from] item: Leftovers\n|upkeep\n|turn|7\n|request|{\"active\":[{\"moves\":[{\"move\":\"Sleep Talk\",\"id\":\"sleeptalk\",\"pp\":16,\"maxpp\":16,\"target\":\"self\",\"disabled\":false},{\"move\":\"Rest\",\"id\":\"rest\",\"pp\":8,\"maxpp\":8,\"target\":\"self\",\"disabled\":false},{\"move\":\"Curse\",\"id\":\"curse\",\"pp\":16,\"maxpp\":16,\"target\":\"self\",\"disabled\":false},{\"move\":\"Wave Crash\",\"id\":\"wavecrash\",\"pp\":15,\"maxpp\":16,\"target\":\"normal\",\"disabled\":false}],\"canTerastallize\":\"Fairy\"}],\"side\":{\"name\":\"p0y063b3ab\",\"id\":\"p2\",\"pokemon\":[{\"ident\":\"p2: Dondozo\",\"details\":\"Dondozo, L78, F\",\"condition\":\"266/362 slp\",\"active\":true,\"stats\":{\"atk\":201,\"def\":224,\"spa\":146,\"spd\":146,\"spe\":100},\"moves\":[\"sleeptalk\",\"rest\",\"curse\",\"wavecrash\"],\"baseAbility\":\"unaware\",\"item\":\"leftovers\",\"pokeball\":\"pokeball\",\"ability\":\"unaware\",\"commanding\":false,\"reviving\":false,\"teraType\":\"Fairy\",\"terastallized\":\"\"},{\"ident\":\"p2: Tsareena\",\"details\":\"Tsareena, L87, F\",\"condition\":\"267/267\",\"active\":false,\"stats\":{\"atk\":259,\"def\":220,\"spa\":137,\"spd\":220,\"spe\":175},\"moves\":[\"tripleaxel\",\"knockoff\",\"powerwhip\",\"synthesis\"],\"baseAbility\":\"queenlymajesty\",\"item\":\"lifeorb\",\"pokeball\":\"pokeball\",\"ability\":\"queenlymajesty\",\"commanding\":false,\"reviving\":false,\"teraType\":\"Steel\",\"terastallized\":\"\"},{\"ident\":\"p2: Klawf\",\"details\":\"Klawf, L90, M\",\"condition\":\"272/272\",\"active\":false,\"stats\":{\"atk\":231,\"def\":258,\"spa\":114,\"spd\":150,\"spe\":186},\"moves\":[\"highhorsepower\",\"swordsdance\",\"knockoff\",\"stoneedge\"],\"baseAbility\":\"angershell\",\"item\":\"scopelens\",\"pokeball\":\"pokeball\",\"ability\":\"angershell\",\"commanding\":false,\"reviving\":false,\"teraType\":\"Dark\",\"terastallized\":\"\"},{\"ident\":\"p2: Perrserker\",\"details\":\"Perrserker, L89, M\",\"condition\":\"71/269\",\"active\":false,\"stats\":{\"atk\":247,\"def\":229,\"spa\":140,\"spd\":158,\"spe\":140},\"moves\":[\"closecombat\",\"knockoff\",\"ironhead\",\"uturn\"],\"baseAbility\":\"toughclaws\",\"item\":\"choiceband\",\"pokeball\":\"pokeball\",\"ability\":\"toughclaws\",\"commanding\":false,\"reviving\":false,\"teraType\":\"Fighting\",\"terastallized\":\"\"},{\"ident\":\"p2: Dewgong\",\"details\":\"Dewgong, L94, F\",\"condition\":\"322/322\",\"active\":false,\"stats\":{\"atk\":185,\"def\":204,\"spa\":185,\"spd\":232,\"spe\":185},\"moves\":[\"flipturn\",\"tripleaxel\",\"knockoff\",\"surf\"],\"baseAbility\":\"thickfat\",\"item\":\"assaultvest\",\"pokeball\":\"pokeball\",\"ability\":\"thickfat\",\"commanding\":false,\"reviving\":false,\"teraType\":\"Grass\",\"terastallized\":\"\"},{\"ident\":\"p2: Slither Wing\",\"details\":\"Slither Wing, L81\",\"condition\":\"270/270\",\"active\":false,\"stats\":{\"atk\":265,\"def\":175,\"spa\":184,\"spd\":217,\"spe\":178},\"moves\":[\"closecombat\",\"willowisp\",\"morningsun\",\"uturn\"],\"baseAbility\":\"protosynthesis\",\"item\":\"heavydutyboots\",\"pokeball\":\"pokeball\",\"ability\":\"protosynthesis\",\"commanding\":false,\"reviving\":false,\"teraType\":\"Fire\",\"terastallized\":\"\"}]},\"rqid\":17}\n|inactive|Time left: 300 sec this turn | 300 sec total\n|\n|t:|1783391909\n|switch|p2a: Klawf|Klawf, L90, M|272/272\n|move|p1a: Smeargle|Shell Smash|p1a: Smeargle\n|-unboost|p1a: Smeargle|def|1\n|-unboost|p1a: Smeargle|spd|1\n|-boost|p1a: Smeargle|atk|2\n|-boost|p1a: Smeargle|spa|2\n|-boost|p1a: Smeargle|spe|2\n|\n|upkeep\n|turn|8\n|request|{\"active\":[{\"moves\":[{\"move\":\"High Horsepower\",\"id\":\"highhorsepower\",\"pp\":16,\"maxpp\":16,\"target\":\"normal\",\"disabled\":false},{\"move\":\"Swords Dance\",\"id\":\"swordsdance\",\"pp\":32,\"maxpp\":32,\"target\":\"self\",\"disabled\":false},{\"move\":\"Knock Off\",\"id\":\"knockoff\",\"pp\":32,\"maxpp\":32,\"target\":\"normal\",\"disabled\":false},{\"move\":\"Stone Edge\",\"id\":\"stoneedge\",\"pp\":8,\"maxpp\":8,\"target\":\"normal\",\"disabled\":false}],\"canTerastallize\":\"Dark\"}],\"side\":{\"name\":\"p0y063b3ab\",\"id\":\"p2\",\"pokemon\":[{\"ident\":\"p2: Klawf\",\"details\":\"Klawf, L90, M\",\"condition\":\"272/272\",\"active\":true,\"stats\":{\"atk\":231,\"def\":258,\"spa\":114,\"spd\":150,\"spe\":186},\"moves\":[\"highhorsepower\",\"swordsdance\",\"knockoff\",\"stoneedge\"],\"baseAbility\":\"angershell\",\"item\":\"scopelens\",\"pokeball\":\"pokeball\",\"ability\":\"angershell\",\"commanding\":false,\"reviving\":false,\"teraType\":\"Dark\",\"terastallized\":\"\"},{\"ident\":\"p2: Tsareena\",\"details\":\"Tsareena, L87, F\",\"condition\":\"267/267\",\"active\":false,\"stats\":{\"atk\":259,\"def\":220,\"spa\":137,\"spd\":220,\"spe\":175},\"moves\":[\"tripleaxel\",\"knockoff\",\"powerwhip\",\"synthesis\"],\"baseAbility\":\"queenlymajesty\",\"item\":\"lifeorb\",\"pokeball\":\"pokeball\",\"ability\":\"queenlymajesty\",\"commanding\":false,\"reviving\":false,\"teraType\":\"Steel\",\"terastallized\":\"\"},{\"ident\":\"p2: Dondozo\",\"details\":\"Dondozo, L78, F\",\"condition\":\"266/362 slp\",\"active\":false,\"stats\":{\"atk\":201,\"def\":224,\"spa\":146,\"spd\":146,\"spe\":100},\"moves\":[\"sleeptalk\",\"rest\",\"curse\",\"wavecrash\"],\"baseAbility\":\"unaware\",\"item\":\"leftovers\",\"pokeball\":\"pokeball\",\"ability\":\"unaware\",\"commanding\":false,\"reviving\":false,\"teraType\":\"Fairy\",\"terastallized\":\"\"},{\"ident\":\"p2: Perrserker\",\"details\":\"Perrserker, L89, M\",\"condition\":\"71/269\",\"active\":false,\"stats\":{\"atk\":247,\"def\":229,\"spa\":140,\"spd\":158,\"spe\":140},\"moves\":[\"closecombat\",\"knockoff\",\"ironhead\",\"uturn\"],\"baseAbility\":\"toughclaws\",\"item\":\"choiceband\",\"pokeball\":\"pokeball\",\"ability\":\"toughclaws\",\"commanding\":false,\"reviving\":false,\"teraType\":\"Fighting\",\"terastallized\":\"\"},{\"ident\":\"p2: Dewgong\",\"details\":\"Dewgong, L94, F\",\"condition\":\"322/322\",\"active\":false,\"stats\":{\"atk\":185,\"def\":204,\"spa\":185,\"spd\":232,\"spe\":185},\"moves\":[\"flipturn\",\"tripleaxel\",\"knockoff\",\"surf\"],\"baseAbility\":\"thickfat\",\"item\":\"assaultvest\",\"pokeball\":\"pokeball\",\"ability\":\"thickfat\",\"commanding\":false,\"reviving\":false,\"teraType\":\"Grass\",\"terastallized\":\"\"},{\"ident\":\"p2: Slither Wing\",\"details\":\"Slither Wing, L81\",\"condition\":\"270/270\",\"active\":false,\"stats\":{\"atk\":265,\"def\":175,\"spa\":184,\"spd\":217,\"spe\":178},\"moves\":[\"closecombat\",\"willowisp\",\"morningsun\",\"uturn\"],\"baseAbility\":\"protosynthesis\",\"item\":\"heavydutyboots\",\"pokeball\":\"pokeball\",\"ability\":\"protosynthesis\",\"commanding\":false,\"reviving\":false,\"teraType\":\"Fire\",\"terastallized\":\"\"}]},\"rqid\":19}\n|inactive|Time left: 300 sec this turn | 300 sec total\n|\n|t:|1783391909\n|switch|p1a: Vaporeon|Vaporeon, L86, M|100/100\n|move|p2a: Klawf|Stone Edge|p1a: Vaporeon\n|-crit|p1a: Vaporeon\n|-damage|p1a: Vaporeon|29/100\n|\n|-heal|p1a: Vaporeon|35/100|[from] item: Leftovers\n|upkeep\n|turn|9\n|request|{\"active\":[{\"moves\":[{\"move\":\"High Horsepower\",\"id\":\"highhorsepower\",\"pp\":16,\"maxpp\":16,\"target\":\"normal\",\"disabled\":false},{\"move\":\"Swords Dance\",\"id\":\"swordsdance\",\"pp\":32,\"maxpp\":32,\"target\":\"self\",\"disabled\":false},{\"move\":\"Knock Off\",\"id\":\"knockoff\",\"pp\":32,\"maxpp\":32,\"target\":\"normal\",\"disabled\":false},{\"move\":\"Stone Edge\",\"id\":\"stoneedge\",\"pp\":7,\"maxpp\":8,\"target\":\"normal\",\"disabled\":false}],\"canTerastallize\":\"Dark\"}],\"side\":{\"name\":\"p0y063b3ab\",\"id\":\"p2\",\"pokemon\":[{\"ident\":\"p2: Klawf\",\"details\":\"Klawf, L90, M\",\"condition\":\"272/272\",\"active\":true,\"stats\":{\"atk\":231,\"def\":258,\"spa\":114,\"spd\":150,\"spe\":186},\"moves\":[\"highhorsepower\",\"swordsdance\",\"knockoff\",\"stoneedge\"],\"baseAbility\":\"angershell\",\"item\":\"scopelens\",\"pokeball\":\"pokeball\",\"ability\":\"angershell\",\"commanding\":false,\"reviving\":false,\"teraType\":\"Dark\",\"terastallized\":\"\"},{\"ident\":\"p2: Tsareena\",\"details\":\"Tsareena, L87, F\",\"condition\":\"267/267\",\"active\":false,\"stats\":{\"atk\":259,\"def\":220,\"spa\":137,\"spd\":220,\"spe\":175},\"moves\":[\"tripleaxel\",\"knockoff\",\"powerwhip\",\"synthesis\"],\"baseAbility\":\"queenlymajesty\",\"item\":\"lifeorb\",\"pokeball\":\"pokeball\",\"ability\":\"queenlymajesty\",\"commanding\":false,\"reviving\":false,\"teraType\":\"Steel\",\"terastallized\":\"\"},{\"ident\":\"p2: Dondozo\",\"details\":\"Dondozo, L78, F\",\"condition\":\"266/362 slp\",\"active\":false,\"stats\":{\"atk\":201,\"def\":224,\"spa\":146,\"spd\":146,\"spe\":100},\"moves\":[\"sleeptalk\",\"rest\",\"curse\",\"wavecrash\"],\"baseAbility\":\"unaware\",\"item\":\"leftovers\",\"pokeball\":\"pokeball\",\"ability\":\"unaware\",\"commanding\":false,\"reviving\":false,\"teraType\":\"Fairy\",\"terastallized\":\"\"},{\"ident\":\"p2: Perrserker\",\"details\":\"Perrserker, L89, M\",\"condition\":\"71/269\",\"active\":false,\"stats\":{\"atk\":247,\"def\":229,\"spa\":140,\"spd\":158,\"spe\":140},\"moves\":[\"closecombat\",\"knockoff\",\"ironhead\",\"uturn\"],\"baseAbility\":\"toughclaws\",\"item\":\"choiceband\",\"pokeball\":\"pokeball\",\"ability\":\"toughclaws\",\"commanding\":false,\"reviving\":false,\"teraType\":\"Fighting\",\"terastallized\":\"\"},{\"ident\":\"p2: Dewgong\",\"details\":\"Dewgong, L94, F\",\"condition\":\"322/322\",\"active\":false,\"stats\":{\"atk\":185,\"def\":204,\"spa\":185,\"spd\":232,\"spe\":185},\"moves\":[\"flipturn\",\"tripleaxel\",\"knockoff\",\"surf\"],\"baseAbility\":\"thickfat\",\"item\":\"assaultvest\",\"pokeball\":\"pokeball\",\"ability\":\"thickfat\",\"commanding\":false,\"reviving\":false,\"teraType\":\"Grass\",\"terastallized\":\"\"},{\"ident\":\"p2: Slither Wing\",\"details\":\"Slither Wing, L81\",\"condition\":\"270/270\",\"active\":false,\"stats\":{\"atk\":265,\"def\":175,\"spa\":184,\"spd\":217,\"spe\":178},\"moves\":[\"closecombat\",\"willowisp\",\"morningsun\",\"uturn\"],\"baseAbility\":\"protosynthesis\",\"item\":\"heavydutyboots\",\"pokeball\":\"pokeball\",\"ability\":\"protosynthesis\",\"commanding\":false,\"reviving\":false,\"teraType\":\"Fire\",\"terastallized\":\"\"}]},\"rqid\":21}\n|inactive|Time left: 300 sec this turn | 300 sec total\n|\n|t:|1783391910\n|move|p2a: Klawf|Stone Edge|p1a: Vaporeon\n|-damage|p1a: Vaporeon|0 fnt\n|faint|p1a: Vaporeon\n|\n|upkeep\n|request|{\"wait\":true,\"side\":{\"name\":\"p0y063b3ab\",\"id\":\"p2\",\"pokemon\":[{\"ident\":\"p2: Klawf\",\"details\":\"Klawf, L90, M\",\"condition\":\"272/272\",\"active\":true,\"stats\":{\"atk\":231,\"def\":258,\"spa\":114,\"spd\":150,\"spe\":186},\"moves\":[\"highhorsepower\",\"swordsdance\",\"knockoff\",\"stoneedge\"],\"baseAbility\":\"angershell\",\"item\":\"scopelens\",\"pokeball\":\"pokeball\",\"ability\":\"angershell\",\"commanding\":false,\"reviving\":false,\"teraType\":\"Dark\",\"terastallized\":\"\"},{\"ident\":\"p2: Tsareena\",\"details\":\"Tsareena, L87, F\",\"condition\":\"267/267\",\"active\":false,\"stats\":{\"atk\":259,\"def\":220,\"spa\":137,\"spd\":220,\"spe\":175},\"moves\":[\"tripleaxel\",\"knockoff\",\"powerwhip\",\"synthesis\"],\"baseAbility\":\"queenlymajesty\",\"item\":\"lifeorb\",\"pokeball\":\"pokeball\",\"ability\":\"queenlymajesty\",\"commanding\":false,\"reviving\":false,\"teraType\":\"Steel\",\"terastallized\":\"\"},{\"ident\":\"p2: Dondozo\",\"details\":\"Dondozo, L78, F\",\"condition\":\"266/362 slp\",\"active\":false,\"stats\":{\"atk\":201,\"def\":224,\"spa\":146,\"spd\":146,\"spe\":100},\"moves\":[\"sleeptalk\",\"rest\",\"curse\",\"wavecrash\"],\"baseAbility\":\"unaware\",\"item\":\"leftovers\",\"pokeball\":\"pokeball\",\"ability\":\"unaware\",\"commanding\":false,\"reviving\":false,\"teraType\":\"Fairy\",\"terastallized\":\"\"},{\"ident\":\"p2: Perrserker\",\"details\":\"Perrserker, L89, M\",\"condition\":\"71/269\",\"active\":false,\"stats\":{\"atk\":247,\"def\":229,\"spa\":140,\"spd\":158,\"spe\":140},\"moves\":[\"closecombat\",\"knockoff\",\"ironhead\",\"uturn\"],\"baseAbility\":\"toughclaws\",\"item\":\"choiceband\",\"pokeball\":\"pokeball\",\"ability\":\"toughclaws\",\"commanding\":false,\"reviving\":false,\"teraType\":\"Fighting\",\"terastallized\":\"\"},{\"ident\":\"p2: Dewgong\",\"details\":\"Dewgong, L94, F\",\"condition\":\"322/322\",\"active\":false,\"stats\":{\"atk\":185,\"def\":204,\"spa\":185,\"spd\":232,\"spe\":185},\"moves\":[\"flipturn\",\"tripleaxel\",\"knockoff\",\"surf\"],\"baseAbility\":\"thickfat\",\"item\":\"assaultvest\",\"pokeball\":\"pokeball\",\"ability\":\"thickfat\",\"commanding\":false,\"reviving\":false,\"teraType\":\"Grass\",\"terastallized\":\"\"},{\"ident\":\"p2: Slither Wing\",\"details\":\"Slither Wing, L81\",\"condition\":\"270/270\",\"active\":false,\"stats\":{\"atk\":265,\"def\":175,\"spa\":184,\"spd\":217,\"spe\":178},\"moves\":[\"closecombat\",\"willowisp\",\"morningsun\",\"uturn\"],\"baseAbility\":\"protosynthesis\",\"item\":\"heavydutyboots\",\"pokeball\":\"pokeball\",\"ability\":\"protosynthesis\",\"commanding\":false,\"reviving\":false,\"teraType\":\"Fire\",\"terastallized\":\"\"}]},\"rqid\":23}\n|\n|t:|1783391910\n|switch|p1a: Ogerpon|Ogerpon, L80, F|100/100\n|turn|10\n|request|{\"active\":[{\"moves\":[{\"move\":\"High Horsepower\",\"id\":\"highhorsepower\",\"pp\":16,\"maxpp\":16,\"target\":\"normal\",\"disabled\":false},{\"move\":\"Swords Dance\",\"id\":\"swordsdance\",\"pp\":32,\"maxpp\":32,\"target\":\"self\",\"disabled\":false},{\"move\":\"Knock Off\",\"id\":\"knockoff\",\"pp\":32,\"maxpp\":32,\"target\":\"normal\",\"disabled\":false},{\"move\":\"Stone Edge\",\"id\":\"stoneedge\",\"pp\":6,\"maxpp\":8,\"target\":\"normal\",\"disabled\":false}],\"canTerastallize\":\"Dark\"}],\"side\":{\"name\":\"p0y063b3ab\",\"id\":\"p2\",\"pokemon\":[{\"ident\":\"p2: Klawf\",\"details\":\"Klawf, L90, M\",\"condition\":\"272/272\",\"active\":true,\"stats\":{\"atk\":231,\"def\":258,\"spa\":114,\"spd\":150,\"spe\":186},\"moves\":[\"highhorsepower\",\"swordsdance\",\"knockoff\",\"stoneedge\"],\"baseAbility\":\"angershell\",\"item\":\"scopelens\",\"pokeball\":\"pokeball\",\"ability\":\"angershell\",\"commanding\":false,\"reviving\":false,\"teraType\":\"Dark\",\"terastallized\":\"\"},{\"ident\":\"p2: Tsareena\",\"details\":\"Tsareena, L87, F\",\"condition\":\"267/267\",\"active\":false,\"stats\":{\"atk\":259,\"def\":220,\"spa\":137,\"spd\":220,\"spe\":175},\"moves\":[\"tripleaxel\",\"knockoff\",\"powerwhip\",\"synthesis\"],\"baseAbility\":\"queenlymajesty\",\"item\":\"lifeorb\",\"pokeball\":\"pokeball\",\"ability\":\"queenlymajesty\",\"commanding\":false,\"reviving\":false,\"teraType\":\"Steel\",\"terastallized\":\"\"},{\"ident\":\"p2: Dondozo\",\"details\":\"Dondozo, L78, F\",\"condition\":\"266/362 slp\",\"active\":false,\"stats\":{\"atk\":201,\"def\":224,\"spa\":146,\"spd\":146,\"spe\":100},\"moves\":[\"sleeptalk\",\"rest\",\"curse\",\"wavecrash\"],\"baseAbility\":\"unaware\",\"item\":\"leftovers\",\"pokeball\":\"pokeball\",\"ability\":\"unaware\",\"commanding\":false,\"reviving\":false,\"teraType\":\"Fairy\",\"terastallized\":\"\"},{\"ident\":\"p2: Perrserker\",\"details\":\"Perrserker, L89, M\",\"condition\":\"71/269\",\"active\":false,\"stats\":{\"atk\":247,\"def\":229,\"spa\":140,\"spd\":158,\"spe\":140},\"moves\":[\"closecombat\",\"knockoff\",\"ironhead\",\"uturn\"],\"baseAbility\":\"toughclaws\",\"item\":\"choiceband\",\"pokeball\":\"pokeball\",\"ability\":\"toughclaws\",\"commanding\":false,\"reviving\":false,\"teraType\":\"Fighting\",\"terastallized\":\"\"},{\"ident\":\"p2: Dewgong\",\"details\":\"Dewgong, L94, F\",\"condition\":\"322/322\",\"active\":false,\"stats\":{\"atk\":185,\"def\":204,\"spa\":185,\"spd\":232,\"spe\":185},\"moves\":[\"flipturn\",\"tripleaxel\",\"knockoff\",\"surf\"],\"baseAbility\":\"thickfat\",\"item\":\"assaultvest\",\"pokeball\":\"pokeball\",\"ability\":\"thickfat\",\"commanding\":false,\"reviving\":false,\"teraType\":\"Grass\",\"terastallized\":\"\"},{\"ident\":\"p2: Slither Wing\",\"details\":\"Slither Wing, L81\",\"condition\":\"270/270\",\"active\":false,\"stats\":{\"atk\":265,\"def\":175,\"spa\":184,\"spd\":217,\"spe\":178},\"moves\":[\"closecombat\",\"willowisp\",\"morningsun\",\"uturn\"],\"baseAbility\":\"protosynthesis\",\"item\":\"heavydutyboots\",\"pokeball\":\"pokeball\",\"ability\":\"protosynthesis\",\"commanding\":false,\"reviving\":false,\"teraType\":\"Fire\",\"terastallized\":\"\"}]},\"rqid\":25}\n|inactive|Time left: 300 sec this turn | 300 sec total\n|\n|t:|1783391910\n|switch|p2a: Tsareena|Tsareena, L87, F|267/267\n|move|p1a: Ogerpon|Swords Dance|p1a: Ogerpon\n|-boost|p1a: Ogerpon|atk|2\n|\n|upkeep\n|turn|11\n|request|{\"active\":[{\"moves\":[{\"move\":\"Triple Axel\",\"id\":\"tripleaxel\",\"pp\":16,\"maxpp\":16,\"target\":\"normal\",\"disabled\":false},{\"move\":\"Knock Off\",\"id\":\"knockoff\",\"pp\":32,\"maxpp\":32,\"target\":\"normal\",\"disabled\":false},{\"move\":\"Power Whip\",\"id\":\"powerwhip\",\"pp\":16,\"maxpp\":16,\"target\":\"normal\",\"disabled\":false},{\"move\":\"Synthesis\",\"id\":\"synthesis\",\"pp\":8,\"maxpp\":8,\"target\":\"self\",\"disabled\":false}],\"canTerastallize\":\"Steel\"}],\"side\":{\"name\":\"p0y063b3ab\",\"id\":\"p2\",\"pokemon\":[{\"ident\":\"p2: Tsareena\",\"details\":\"Tsareena, L87, F\",\"condition\":\"267/267\",\"active\":true,\"stats\":{\"atk\":259,\"def\":220,\"spa\":137,\"spd\":220,\"spe\":175},\"moves\":[\"tripleaxel\",\"knockoff\",\"powerwhip\",\"synthesis\"],\"baseAbility\":\"queenlymajesty\",\"item\":\"lifeorb\",\"pokeball\":\"pokeball\",\"ability\":\"queenlymajesty\",\"commanding\":false,\"reviving\":false,\"teraType\":\"Steel\",\"terastallized\":\"\"},{\"ident\":\"p2: Klawf\",\"details\":\"Klawf, L90, M\",\"condition\":\"272/272\",\"active\":false,\"stats\":{\"atk\":231,\"def\":258,\"spa\":114,\"spd\":150,\"spe\":186},\"moves\":[\"highhorsepower\",\"swordsdance\",\"knockoff\",\"stoneedge\"],\"baseAbility\":\"angershell\",\"item\":\"scopelens\",\"pokeball\":\"pokeball\",\"ability\":\"angershell\",\"commanding\":false,\"reviving\":false,\"teraType\":\"Dark\",\"terastallized\":\"\"},{\"ident\":\"p2: Dondozo\",\"details\":\"Dondozo, L78, F\",\"condition\":\"266/362 slp\",\"active\":false,\"stats\":{\"atk\":201,\"def\":224,\"spa\":146,\"spd\":146,\"spe\":100},\"moves\":[\"sleeptalk\",\"rest\",\"curse\",\"wavecrash\"],\"baseAbility\":\"unaware\",\"item\":\"leftovers\",\"pokeball\":\"pokeball\",\"ability\":\"unaware\",\"commanding\":false,\"reviving\":false,\"teraType\":\"Fairy\",\"terastallized\":\"\"},{\"ident\":\"p2: Perrserker\",\"details\":\"Perrserker, L89, M\",\"condition\":\"71/269\",\"active\":false,\"stats\":{\"atk\":247,\"def\":229,\"spa\":140,\"spd\":158,\"spe\":140},\"moves\":[\"closecombat\",\"knockoff\",\"ironhead\",\"uturn\"],\"baseAbility\":\"toughclaws\",\"item\":\"choiceband\",\"pokeball\":\"pokeball\",\"ability\":\"toughclaws\",\"commanding\":false,\"reviving\":false,\"teraType\":\"Fighting\",\"terastallized\":\"\"},{\"ident\":\"p2: Dewgong\",\"details\":\"Dewgong, L94, F\",\"condition\":\"322/322\",\"active\":false,\"stats\":{\"atk\":185,\"def\":204,\"spa\":185,\"spd\":232,\"spe\":185},\"moves\":[\"flipturn\",\"tripleaxel\",\"knockoff\",\"surf\"],\"baseAbility\":\"thickfat\",\"item\":\"assaultvest\",\"pokeball\":\"pokeball\",\"ability\":\"thickfat\",\"commanding\":false,\"reviving\":false,\"teraType\":\"Grass\",\"terastallized\":\"\"},{\"ident\":\"p2: Slither Wing\",\"details\":\"Slither Wing, L81\",\"condition\":\"270/270\",\"active\":false,\"stats\":{\"atk\":265,\"def\":175,\"spa\":184,\"spd\":217,\"spe\":178},\"moves\":[\"closecombat\",\"willowisp\",\"morningsun\",\"uturn\"],\"baseAbility\":\"protosynthesis\",\"item\":\"heavydutyboots\",\"pokeball\":\"pokeball\",\"ability\":\"protosynthesis\",\"commanding\":false,\"reviving\":false,\"teraType\":\"Fire\",\"terastallized\":\"\"}]},\"rqid\":27}\n|inactive|Time left: 300 sec this turn | 300 sec total\n|\n|t:|1783391910\n|move|p1a: Ogerpon|Knock Off|p2a: Tsareena\n|-damage|p2a: Tsareena|95/267\n|-enditem|p2a: Tsareena|Life Orb|[from] move: Knock Off|[of] p1a: Ogerpon\n|-damage|p1a: Ogerpon|91/100|[from] item: Life Orb\n|move|p2a: Tsareena|Triple Axel|p1a: Ogerpon\n|-supereffective|p1a: Ogerpon\n|-damage|p1a: Ogerpon|75/100\n|-supereffective|p1a: Ogerpon\n|-damage|p1a: Ogerpon|43/100\n|-supereffective|p1a: Ogerpon\n|-damage|p1a: Ogerpon|0 fnt\n|faint|p1a: Ogerpon\n|-hitcount|p1: Ogerpon|3\n|\n|upkeep\n|request|{\"wait\":true,\"side\":{\"name\":\"p0y063b3ab\",\"id\":\"p2\",\"pokemon\":[{\"ident\":\"p2: Tsareena\",\"details\":\"Tsareena, L87, F\",\"condition\":\"95/267\",\"active\":true,\"stats\":{\"atk\":259,\"def\":220,\"spa\":137,\"spd\":220,\"spe\":175},\"moves\":[\"tripleaxel\",\"knockoff\",\"powerwhip\",\"synthesis\"],\"baseAbility\":\"queenlymajesty\",\"item\":\"\",\"pokeball\":\"pokeball\",\"ability\":\"queenlymajesty\",\"commanding\":false,\"reviving\":false,\"teraType\":\"Steel\",\"terastallized\":\"\"},{\"ident\":\"p2: Klawf\",\"details\":\"Klawf, L90, M\",\"condition\":\"272/272\",\"active\":false,\"stats\":{\"atk\":231,\"def\":258,\"spa\":114,\"spd\":150,\"spe\":186},\"moves\":[\"highhorsepower\",\"swordsdance\",\"knockoff\",\"stoneedge\"],\"baseAbility\":\"angershell\",\"item\":\"scopelens\",\"pokeball\":\"pokeball\",\"ability\":\"angershell\",\"commanding\":false,\"reviving\":false,\"teraType\":\"Dark\",\"terastallized\":\"\"},{\"ident\":\"p2: Dondozo\",\"details\":\"Dondozo, L78, F\",\"condition\":\"266/362 slp\",\"active\":false,\"stats\":{\"atk\":201,\"def\":224,\"spa\":146,\"spd\":146,\"spe\":100},\"moves\":[\"sleeptalk\",\"rest\",\"curse\",\"wavecrash\"],\"baseAbility\":\"unaware\",\"item\":\"leftovers\",\"pokeball\":\"pokeball\",\"ability\":\"unaware\",\"commanding\":false,\"reviving\":false,\"teraType\":\"Fairy\",\"terastallized\":\"\"},{\"ident\":\"p2: Perrserker\",\"details\":\"Perrserker, L89, M\",\"condition\":\"71/269\",\"active\":false,\"stats\":{\"atk\":247,\"def\":229,\"spa\":140,\"spd\":158,\"spe\":140},\"moves\":[\"closecombat\",\"knockoff\",\"ironhead\",\"uturn\"],\"baseAbility\":\"toughclaws\",\"item\":\"choiceband\",\"pokeball\":\"pokeball\",\"ability\":\"toughclaws\",\"commanding\":false,\"reviving\":false,\"teraType\":\"Fighting\",\"terastallized\":\"\"},{\"ident\":\"p2: Dewgong\",\"details\":\"Dewgong, L94, F\",\"condition\":\"322/322\",\"active\":false,\"stats\":{\"atk\":185,\"def\":204,\"spa\":185,\"spd\":232,\"spe\":185},\"moves\":[\"flipturn\",\"tripleaxel\",\"knockoff\",\"surf\"],\"baseAbility\":\"thickfat\",\"item\":\"assaultvest\",\"pokeball\":\"pokeball\",\"ability\":\"thickfat\",\"commanding\":false,\"reviving\":false,\"teraType\":\"Grass\",\"terastallized\":\"\"},{\"ident\":\"p2: Slither Wing\",\"details\":\"Slither Wing, L81\",\"condition\":\"270/270\",\"active\":false,\"stats\":{\"atk\":265,\"def\":175,\"spa\":184,\"spd\":217,\"spe\":178},\"moves\":[\"closecombat\",\"willowisp\",\"morningsun\",\"uturn\"],\"baseAbility\":\"protosynthesis\",\"item\":\"heavydutyboots\",\"pokeball\":\"pokeball\",\"ability\":\"protosynthesis\",\"commanding\":false,\"reviving\":false,\"teraType\":\"Fire\",\"terastallized\":\"\"}]},\"rqid\":29}\n|\n|t:|1783391911\n|switch|p1a: Smeargle|Smeargle, L95, M|100/100\n|turn|12\n|request|{\"active\":[{\"moves\":[{\"move\":\"Triple Axel\",\"id\":\"tripleaxel\",\"pp\":15,\"maxpp\":16,\"target\":\"normal\",\"disabled\":false},{\"move\":\"Knock Off\",\"id\":\"knockoff\",\"pp\":32,\"maxpp\":32,\"target\":\"normal\",\"disabled\":false},{\"move\":\"Power Whip\",\"id\":\"powerwhip\",\"pp\":16,\"maxpp\":16,\"target\":\"normal\",\"disabled\":false},{\"move\":\"Synthesis\",\"id\":\"synthesis\",\"pp\":8,\"maxpp\":8,\"target\":\"self\",\"disabled\":false}],\"canTerastallize\":\"Steel\"}],\"side\":{\"name\":\"p0y063b3ab\",\"id\":\"p2\",\"pokemon\":[{\"ident\":\"p2: Tsareena\",\"details\":\"Tsareena, L87, F\",\"condition\":\"95/267\",\"active\":true,\"stats\":{\"atk\":259,\"def\":220,\"spa\":137,\"spd\":220,\"spe\":175},\"moves\":[\"tripleaxel\",\"knockoff\",\"powerwhip\",\"synthesis\"],\"baseAbility\":\"queenlymajesty\",\"item\":\"\",\"pokeball\":\"pokeball\",\"ability\":\"queenlymajesty\",\"commanding\":false,\"reviving\":false,\"teraType\":\"Steel\",\"terastallized\":\"\"},{\"ident\":\"p2: Klawf\",\"details\":\"Klawf, L90, M\",\"condition\":\"272/272\",\"active\":false,\"stats\":{\"atk\":231,\"def\":258,\"spa\":114,\"spd\":150,\"spe\":186},\"moves\":[\"highhorsepower\",\"swordsdance\",\"knockoff\",\"stoneedge\"],\"baseAbility\":\"angershell\",\"item\":\"scopelens\",\"pokeball\":\"pokeball\",\"ability\":\"angershell\",\"commanding\":false,\"reviving\":false,\"teraType\":\"Dark\",\"terastallized\":\"\"},{\"ident\":\"p2: Dondozo\",\"details\":\"Dondozo, L78, F\",\"condition\":\"266/362 slp\",\"active\":false,\"stats\":{\"atk\":201,\"def\":224,\"spa\":146,\"spd\":146,\"spe\":100},\"moves\":[\"sleeptalk\",\"rest\",\"curse\",\"wavecrash\"],\"baseAbility\":\"unaware\",\"item\":\"leftovers\",\"pokeball\":\"pokeball\",\"ability\":\"unaware\",\"commanding\":false,\"reviving\":false,\"teraType\":\"Fairy\",\"terastallized\":\"\"},{\"ident\":\"p2: Perrserker\",\"details\":\"Perrserker, L89, M\",\"condition\":\"71/269\",\"active\":false,\"stats\":{\"atk\":247,\"def\":229,\"spa\":140,\"spd\":158,\"spe\":140},\"moves\":[\"closecombat\",\"knockoff\",\"ironhead\",\"uturn\"],\"baseAbility\":\"toughclaws\",\"item\":\"choiceband\",\"pokeball\":\"pokeball\",\"ability\":\"toughclaws\",\"commanding\":false,\"reviving\":false,\"teraType\":\"Fighting\",\"terastallized\":\"\"},{\"ident\":\"p2: Dewgong\",\"details\":\"Dewgong, L94, F\",\"condition\":\"322/322\",\"active\":false,\"stats\":{\"atk\":185,\"def\":204,\"spa\":185,\"spd\":232,\"spe\":185},\"moves\":[\"flipturn\",\"tripleaxel\",\"knockoff\",\"surf\"],\"baseAbility\":\"thickfat\",\"item\":\"assaultvest\",\"pokeball\":\"pokeball\",\"ability\":\"thickfat\",\"commanding\":false,\"reviving\":false,\"teraType\":\"Grass\",\"terastallized\":\"\"},{\"ident\":\"p2: Slither Wing\",\"details\":\"Slither Wing, L81\",\"condition\":\"270/270\",\"active\":false,\"stats\":{\"atk\":265,\"def\":175,\"spa\":184,\"spd\":217,\"spe\":178},\"moves\":[\"closecombat\",\"willowisp\",\"morningsun\",\"uturn\"],\"baseAbility\":\"protosynthesis\",\"item\":\"heavydutyboots\",\"pokeball\":\"pokeball\",\"ability\":\"protosynthesis\",\"commanding\":false,\"reviving\":false,\"teraType\":\"Fire\",\"terastallized\":\"\"}]},\"rqid\":31}\n|inactive|Time left: 300 sec this turn | 300 sec total\n|\n|t:|1783391911\n|move|p1a: Smeargle|Population Bomb|p2a: Tsareena\n|-damage|p2a: Tsareena|79/267\n|-damage|p2a: Tsareena|64/267\n|-damage|p2a: Tsareena|49/267\n|-damage|p2a: Tsareena|34/267\n|-damage|p2a: Tsareena|18/267\n|-damage|p2a: Tsareena|2/267\n|-damage|p2a: Tsareena|0 fnt\n|faint|p2a: Tsareena\n|-hitcount|p2: Tsareena|7\n|\n|upkeep\n|request|{\"forceSwitch\":[true],\"side\":{\"name\":\"p0y063b3ab\",\"id\":\"p2\",\"pokemon\":[{\"ident\":\"p2: Tsareena\",\"details\":\"Tsareena, L87, F\",\"condition\":\"0 fnt\",\"active\":true,\"stats\":{\"atk\":259,\"def\":220,\"spa\":137,\"spd\":220,\"spe\":175},\"moves\":[\"tripleaxel\",\"knockoff\",\"powerwhip\",\"synthesis\"],\"baseAbility\":\"queenlymajesty\",\"item\":\"\",\"pokeball\":\"pokeball\",\"ability\":\"queenlymajesty\",\"commanding\":false,\"reviving\":false,\"teraType\":\"Steel\",\"terastallized\":\"\"},{\"ident\":\"p2: Klawf\",\"details\":\"Klawf, L90, M\",\"condition\":\"272/272\",\"active\":false,\"stats\":{\"atk\":231,\"def\":258,\"spa\":114,\"spd\":150,\"spe\":186},\"moves\":[\"highhorsepower\",\"swordsdance\",\"knockoff\",\"stoneedge\"],\"baseAbility\":\"angershell\",\"item\":\"scopelens\",\"pokeball\":\"pokeball\",\"ability\":\"angershell\",\"commanding\":false,\"reviving\":false,\"teraType\":\"Dark\",\"terastallized\":\"\"},{\"ident\":\"p2: Dondozo\",\"details\":\"Dondozo, L78, F\",\"condition\":\"266/362 slp\",\"active\":false,\"stats\":{\"atk\":201,\"def\":224,\"spa\":146,\"spd\":146,\"spe\":100},\"moves\":[\"sleeptalk\",\"rest\",\"curse\",\"wavecrash\"],\"baseAbility\":\"unaware\",\"item\":\"leftovers\",\"pokeball\":\"pokeball\",\"ability\":\"unaware\",\"commanding\":false,\"reviving\":false,\"teraType\":\"Fairy\",\"terastallized\":\"\"},{\"ident\":\"p2: Perrserker\",\"details\":\"Perrserker, L89, M\",\"condition\":\"71/269\",\"active\":false,\"stats\":{\"atk\":247,\"def\":229,\"spa\":140,\"spd\":158,\"spe\":140},\"moves\":[\"closecombat\",\"knockoff\",\"ironhead\",\"uturn\"],\"baseAbility\":\"toughclaws\",\"item\":\"choiceband\",\"pokeball\":\"pokeball\",\"ability\":\"toughclaws\",\"commanding\":false,\"reviving\":false,\"teraType\":\"Fighting\",\"terastallized\":\"\"},{\"ident\":\"p2: Dewgong\",\"details\":\"Dewgong, L94, F\",\"condition\":\"322/322\",\"active\":false,\"stats\":{\"atk\":185,\"def\":204,\"spa\":185,\"spd\":232,\"spe\":185},\"moves\":[\"flipturn\",\"tripleaxel\",\"knockoff\",\"surf\"],\"baseAbility\":\"thickfat\",\"item\":\"assaultvest\",\"pokeball\":\"pokeball\",\"ability\":\"thickfat\",\"commanding\":false,\"reviving\":false,\"teraType\":\"Grass\",\"terastallized\":\"\"},{\"ident\":\"p2: Slither Wing\",\"details\":\"Slither Wing, L81\",\"condition\":\"270/270\",\"active\":false,\"stats\":{\"atk\":265,\"def\":175,\"spa\":184,\"spd\":217,\"spe\":178},\"moves\":[\"closecombat\",\"willowisp\",\"morningsun\",\"uturn\"],\"baseAbility\":\"protosynthesis\",\"item\":\"heavydutyboots\",\"pokeball\":\"pokeball\",\"ability\":\"protosynthesis\",\"commanding\":false,\"reviving\":false,\"teraType\":\"Fire\",\"terastallized\":\"\"}]},\"noCancel\":true,\"rqid\":33}\n|inactive|Time left: 300 sec this turn | 300 sec total | 5 sec grace\n|\n|t:|1783391911\n|switch|p2a: Klawf|Klawf, L90, M|272/272\n|turn|13\n|request|{\"active\":[{\"moves\":[{\"move\":\"High Horsepower\",\"id\":\"highhorsepower\",\"pp\":16,\"maxpp\":16,\"target\":\"normal\",\"disabled\":false},{\"move\":\"Swords Dance\",\"id\":\"swordsdance\",\"pp\":32,\"maxpp\":32,\"target\":\"self\",\"disabled\":false},{\"move\":\"Knock Off\",\"id\":\"knockoff\",\"pp\":32,\"maxpp\":32,\"target\":\"normal\",\"disabled\":false},{\"move\":\"Stone Edge\",\"id\":\"stoneedge\",\"pp\":6,\"maxpp\":8,\"target\":\"normal\",\"disabled\":false}],\"canTerastallize\":\"Dark\"}],\"side\":{\"name\":\"p0y063b3ab\",\"id\":\"p2\",\"pokemon\":[{\"ident\":\"p2: Klawf\",\"details\":\"Klawf, L90, M\",\"condition\":\"272/272\",\"active\":true,\"stats\":{\"atk\":231,\"def\":258,\"spa\":114,\"spd\":150,\"spe\":186},\"moves\":[\"highhorsepower\",\"swordsdance\",\"knockoff\",\"stoneedge\"],\"baseAbility\":\"angershell\",\"item\":\"scopelens\",\"pokeball\":\"pokeball\",\"ability\":\"angershell\",\"commanding\":false,\"reviving\":false,\"teraType\":\"Dark\",\"terastallized\":\"\"},{\"ident\":\"p2: Tsareena\",\"details\":\"Tsareena, L87, F\",\"condition\":\"0 fnt\",\"active\":false,\"stats\":{\"atk\":259,\"def\":220,\"spa\":137,\"spd\":220,\"spe\":175},\"moves\":[\"tripleaxel\",\"knockoff\",\"powerwhip\",\"synthesis\"],\"baseAbility\":\"queenlymajesty\",\"item\":\"\",\"pokeball\":\"pokeball\",\"ability\":\"queenlymajesty\",\"commanding\":false,\"reviving\":false,\"teraType\":\"Steel\",\"terastallized\":\"\"},{\"ident\":\"p2: Dondozo\",\"details\":\"Dondozo, L78, F\",\"condition\":\"266/362 slp\",\"active\":false,\"stats\":{\"atk\":201,\"def\":224,\"spa\":146,\"spd\":146,\"spe\":100},\"moves\":[\"sleeptalk\",\"rest\",\"curse\",\"wavecrash\"],\"baseAbility\":\"unaware\",\"item\":\"leftovers\",\"pokeball\":\"pokeball\",\"ability\":\"unaware\",\"commanding\":false,\"reviving\":false,\"teraType\":\"Fairy\",\"terastallized\":\"\"},{\"ident\":\"p2: Perrserker\",\"details\":\"Perrserker, L89, M\",\"condition\":\"71/269\",\"active\":false,\"stats\":{\"atk\":247,\"def\":229,\"spa\":140,\"spd\":158,\"spe\":140},\"moves\":[\"closecombat\",\"knockoff\",\"ironhead\",\"uturn\"],\"baseAbility\":\"toughclaws\",\"item\":\"choiceband\",\"pokeball\":\"pokeball\",\"ability\":\"toughclaws\",\"commanding\":false,\"reviving\":false,\"teraType\":\"Fighting\",\"terastallized\":\"\"},{\"ident\":\"p2: Dewgong\",\"details\":\"Dewgong, L94, F\",\"condition\":\"322/322\",\"active\":false,\"stats\":{\"atk\":185,\"def\":204,\"spa\":185,\"spd\":232,\"spe\":185},\"moves\":[\"flipturn\",\"tripleaxel\",\"knockoff\",\"surf\"],\"baseAbility\":\"thickfat\",\"item\":\"assaultvest\",\"pokeball\":\"pokeball\",\"ability\":\"thickfat\",\"commanding\":false,\"reviving\":false,\"teraType\":\"Grass\",\"terastallized\":\"\"},{\"ident\":\"p2: Slither Wing\",\"details\":\"Slither Wing, L81\",\"condition\":\"270/270\",\"active\":false,\"stats\":{\"atk\":265,\"def\":175,\"spa\":184,\"spd\":217,\"spe\":178},\"moves\":[\"closecombat\",\"willowisp\",\"morningsun\",\"uturn\"],\"baseAbility\":\"protosynthesis\",\"item\":\"heavydutyboots\",\"pokeball\":\"pokeball\",\"ability\":\"protosynthesis\",\"commanding\":false,\"reviving\":false,\"teraType\":\"Fire\",\"terastallized\":\"\"}]},\"rqid\":35}\n|inactive|Time left: 300 sec this turn | 300 sec total\n|\n|t:|1783391911\n|switch|p1a: Decidueye|Decidueye, L88, M|100/100\n|move|p2a: Klawf|Swords Dance|p2a: Klawf\n|-boost|p2a: Klawf|atk|2\n|\n|upkeep\n|turn|14\n|request|{\"active\":[{\"moves\":[{\"move\":\"High Horsepower\",\"id\":\"highhorsepower\",\"pp\":16,\"maxpp\":16,\"target\":\"normal\",\"disabled\":false},{\"move\":\"Swords Dance\",\"id\":\"swordsdance\",\"pp\":31,\"maxpp\":32,\"target\":\"self\",\"disabled\":false},{\"move\":\"Knock Off\",\"id\":\"knockoff\",\"pp\":32,\"maxpp\":32,\"target\":\"normal\",\"disabled\":false},{\"move\":\"Stone Edge\",\"id\":\"stoneedge\",\"pp\":6,\"maxpp\":8,\"target\":\"normal\",\"disabled\":false}],\"canTerastallize\":\"Dark\"}],\"side\":{\"name\":\"p0y063b3ab\",\"id\":\"p2\",\"pokemon\":[{\"ident\":\"p2: Klawf\",\"details\":\"Klawf, L90, M\",\"condition\":\"272/272\",\"active\":true,\"stats\":{\"atk\":231,\"def\":258,\"spa\":114,\"spd\":150,\"spe\":186},\"moves\":[\"highhorsepower\",\"swordsdance\",\"knockoff\",\"stoneedge\"],\"baseAbility\":\"angershell\",\"item\":\"scopelens\",\"pokeball\":\"pokeball\",\"ability\":\"angershell\",\"commanding\":false,\"reviving\":false,\"teraType\":\"Dark\",\"terastallized\":\"\"},{\"ident\":\"p2: Tsareena\",\"details\":\"Tsareena, L87, F\",\"condition\":\"0 fnt\",\"active\":false,\"stats\":{\"atk\":259,\"def\":220,\"spa\":137,\"spd\":220,\"spe\":175},\"moves\":[\"tripleaxel\",\"knockoff\",\"powerwhip\",\"synthesis\"],\"baseAbility\":\"queenlymajesty\",\"item\":\"\",\"pokeball\":\"pokeball\",\"ability\":\"queenlymajesty\",\"commanding\":false,\"reviving\":false,\"teraType\":\"Steel\",\"terastallized\":\"\"},{\"ident\":\"p2: Dondozo\",\"details\":\"Dondozo, L78, F\",\"condition\":\"266/362 slp\",\"active\":false,\"stats\":{\"atk\":201,\"def\":224,\"spa\":146,\"spd\":146,\"spe\":100},\"moves\":[\"sleeptalk\",\"rest\",\"curse\",\"wavecrash\"],\"baseAbility\":\"unaware\",\"item\":\"leftovers\",\"pokeball\":\"pokeball\",\"ability\":\"unaware\",\"commanding\":false,\"reviving\":false,\"teraType\":\"Fairy\",\"terastallized\":\"\"},{\"ident\":\"p2: Perrserker\",\"details\":\"Perrserker, L89, M\",\"condition\":\"71/269\",\"active\":false,\"stats\":{\"atk\":247,\"def\":229,\"spa\":140,\"spd\":158,\"spe\":140},\"moves\":[\"closecombat\",\"knockoff\",\"ironhead\",\"uturn\"],\"baseAbility\":\"toughclaws\",\"item\":\"choiceband\",\"pokeball\":\"pokeball\",\"ability\":\"toughclaws\",\"commanding\":false,\"reviving\":false,\"teraType\":\"Fighting\",\"terastallized\":\"\"},{\"ident\":\"p2: Dewgong\",\"details\":\"Dewgong, L94, F\",\"condition\":\"322/322\",\"active\":false,\"stats\":{\"atk\":185,\"def\":204,\"spa\":185,\"spd\":232,\"spe\":185},\"moves\":[\"flipturn\",\"tripleaxel\",\"knockoff\",\"surf\"],\"baseAbility\":\"thickfat\",\"item\":\"assaultvest\",\"pokeball\":\"pokeball\",\"ability\":\"thickfat\",\"commanding\":false,\"reviving\":false,\"teraType\":\"Grass\",\"terastallized\":\"\"},{\"ident\":\"p2: Slither Wing\",\"details\":\"Slither Wing, L81\",\"condition\":\"270/270\",\"active\":false,\"stats\":{\"atk\":265,\"def\":175,\"spa\":184,\"spd\":217,\"spe\":178},\"moves\":[\"closecombat\",\"willowisp\",\"morningsun\",\"uturn\"],\"baseAbility\":\"protosynthesis\",\"item\":\"heavydutyboots\",\"pokeball\":\"pokeball\",\"ability\":\"protosynthesis\",\"commanding\":false,\"reviving\":false,\"teraType\":\"Fire\",\"terastallized\":\"\"}]},\"rqid\":37}\n|inactive|Time left: 300 sec this turn | 300 sec total\n|\n|t:|1783391912\n|move|p2a: Klawf|Knock Off|p1a: Decidueye\n|-supereffective|p1a: Decidueye\n|-damage|p1a: Decidueye|0 fnt\n|-enditem|p1a: Decidueye|Heavy-Duty Boots|[from] move: Knock Off|[of] p2a: Klawf\n|faint|p1a: Decidueye\n|\n|upkeep\n|request|{\"wait\":true,\"side\":{\"name\":\"p0y063b3ab\",\"id\":\"p2\",\"pokemon\":[{\"ident\":\"p2: Klawf\",\"details\":\"Klawf, L90, M\",\"condition\":\"272/272\",\"active\":true,\"stats\":{\"atk\":231,\"def\":258,\"spa\":114,\"spd\":150,\"spe\":186},\"moves\":[\"highhorsepower\",\"swordsdance\",\"knockoff\",\"stoneedge\"],\"baseAbility\":\"angershell\",\"item\":\"scopelens\",\"pokeball\":\"pokeball\",\"ability\":\"angershell\",\"commanding\":false,\"reviving\":false,\"teraType\":\"Dark\",\"terastallized\":\"\"},{\"ident\":\"p2: Tsareena\",\"details\":\"Tsareena, L87, F\",\"condition\":\"0 fnt\",\"active\":false,\"stats\":{\"atk\":259,\"def\":220,\"spa\":137,\"spd\":220,\"spe\":175},\"moves\":[\"tripleaxel\",\"knockoff\",\"powerwhip\",\"synthesis\"],\"baseAbility\":\"queenlymajesty\",\"item\":\"\",\"pokeball\":\"pokeball\",\"ability\":\"queenlymajesty\",\"commanding\":false,\"reviving\":false,\"teraType\":\"Steel\",\"terastallized\":\"\"},{\"ident\":\"p2: Dondozo\",\"details\":\"Dondozo, L78, F\",\"condition\":\"266/362 slp\",\"active\":false,\"stats\":{\"atk\":201,\"def\":224,\"spa\":146,\"spd\":146,\"spe\":100},\"moves\":[\"sleeptalk\",\"rest\",\"curse\",\"wavecrash\"],\"baseAbility\":\"unaware\",\"item\":\"leftovers\",\"pokeball\":\"pokeball\",\"ability\":\"unaware\",\"commanding\":false,\"reviving\":false,\"teraType\":\"Fairy\",\"terastallized\":\"\"},{\"ident\":\"p2: Perrserker\",\"details\":\"Perrserker, L89, M\",\"condition\":\"71/269\",\"active\":false,\"stats\":{\"atk\":247,\"def\":229,\"spa\":140,\"spd\":158,\"spe\":140},\"moves\":[\"closecombat\",\"knockoff\",\"ironhead\",\"uturn\"],\"baseAbility\":\"toughclaws\",\"item\":\"choiceband\",\"pokeball\":\"pokeball\",\"ability\":\"toughclaws\",\"commanding\":false,\"reviving\":false,\"teraType\":\"Fighting\",\"terastallized\":\"\"},{\"ident\":\"p2: Dewgong\",\"details\":\"Dewgong, L94, F\",\"condition\":\"322/322\",\"active\":false,\"stats\":{\"atk\":185,\"def\":204,\"spa\":185,\"spd\":232,\"spe\":185},\"moves\":[\"flipturn\",\"tripleaxel\",\"knockoff\",\"surf\"],\"baseAbility\":\"thickfat\",\"item\":\"assaultvest\",\"pokeball\":\"pokeball\",\"ability\":\"thickfat\",\"commanding\":false,\"reviving\":false,\"teraType\":\"Grass\",\"terastallized\":\"\"},{\"ident\":\"p2: Slither Wing\",\"details\":\"Slither Wing, L81\",\"condition\":\"270/270\",\"active\":false,\"stats\":{\"atk\":265,\"def\":175,\"spa\":184,\"spd\":217,\"spe\":178},\"moves\":[\"closecombat\",\"willowisp\",\"morningsun\",\"uturn\"],\"baseAbility\":\"protosynthesis\",\"item\":\"heavydutyboots\",\"pokeball\":\"pokeball\",\"ability\":\"protosynthesis\",\"commanding\":false,\"reviving\":false,\"teraType\":\"Fire\",\"terastallized\":\"\"}]},\"rqid\":39}\n|\n|t:|1783391912\n|switch|p1a: Smeargle|Smeargle, L95, M|100/100\n|turn|15\n|request|{\"active\":[{\"moves\":[{\"move\":\"High Horsepower\",\"id\":\"highhorsepower\",\"pp\":16,\"maxpp\":16,\"target\":\"normal\",\"disabled\":false},{\"move\":\"Swords Dance\",\"id\":\"swordsdance\",\"pp\":31,\"maxpp\":32,\"target\":\"self\",\"disabled\":false},{\"move\":\"Knock Off\",\"id\":\"knockoff\",\"pp\":31,\"maxpp\":32,\"target\":\"normal\",\"disabled\":false},{\"move\":\"Stone Edge\",\"id\":\"stoneedge\",\"pp\":6,\"maxpp\":8,\"target\":\"normal\",\"disabled\":false}],\"canTerastallize\":\"Dark\"}],\"side\":{\"name\":\"p0y063b3ab\",\"id\":\"p2\",\"pokemon\":[{\"ident\":\"p2: Klawf\",\"details\":\"Klawf, L90, M\",\"condition\":\"272/272\",\"active\":true,\"stats\":{\"atk\":231,\"def\":258,\"spa\":114,\"spd\":150,\"spe\":186},\"moves\":[\"highhorsepower\",\"swordsdance\",\"knockoff\",\"stoneedge\"],\"baseAbility\":\"angershell\",\"item\":\"scopelens\",\"pokeball\":\"pokeball\",\"ability\":\"angershell\",\"commanding\":false,\"reviving\":false,\"teraType\":\"Dark\",\"terastallized\":\"\"},{\"ident\":\"p2: Tsareena\",\"details\":\"Tsareena, L87, F\",\"condition\":\"0 fnt\",\"active\":false,\"stats\":{\"atk\":259,\"def\":220,\"spa\":137,\"spd\":220,\"spe\":175},\"moves\":[\"tripleaxel\",\"knockoff\",\"powerwhip\",\"synthesis\"],\"baseAbility\":\"queenlymajesty\",\"item\":\"\",\"pokeball\":\"pokeball\",\"ability\":\"queenlymajesty\",\"commanding\":false,\"reviving\":false,\"teraType\":\"Steel\",\"terastallized\":\"\"},{\"ident\":\"p2: Dondozo\",\"details\":\"Dondozo, L78, F\",\"condition\":\"266/362 slp\",\"active\":false,\"stats\":{\"atk\":201,\"def\":224,\"spa\":146,\"spd\":146,\"spe\":100},\"moves\":[\"sleeptalk\",\"rest\",\"curse\",\"wavecrash\"],\"baseAbility\":\"unaware\",\"item\":\"leftovers\",\"pokeball\":\"pokeball\",\"ability\":\"unaware\",\"commanding\":false,\"reviving\":false,\"teraType\":\"Fairy\",\"terastallized\":\"\"},{\"ident\":\"p2: Perrserker\",\"details\":\"Perrserker, L89, M\",\"condition\":\"71/269\",\"active\":false,\"stats\":{\"atk\":247,\"def\":229,\"spa\":140,\"spd\":158,\"spe\":140},\"moves\":[\"closecombat\",\"knockoff\",\"ironhead\",\"uturn\"],\"baseAbility\":\"toughclaws\",\"item\":\"choiceband\",\"pokeball\":\"pokeball\",\"ability\":\"toughclaws\",\"commanding\":false,\"reviving\":false,\"teraType\":\"Fighting\",\"terastallized\":\"\"},{\"ident\":\"p2: Dewgong\",\"details\":\"Dewgong, L94, F\",\"condition\":\"322/322\",\"active\":false,\"stats\":{\"atk\":185,\"def\":204,\"spa\":185,\"spd\":232,\"spe\":185},\"moves\":[\"flipturn\",\"tripleaxel\",\"knockoff\",\"surf\"],\"baseAbility\":\"thickfat\",\"item\":\"assaultvest\",\"pokeball\":\"pokeball\",\"ability\":\"thickfat\",\"commanding\":false,\"reviving\":false,\"teraType\":\"Grass\",\"terastallized\":\"\"},{\"ident\":\"p2: Slither Wing\",\"details\":\"Slither Wing, L81\",\"condition\":\"270/270\",\"active\":false,\"stats\":{\"atk\":265,\"def\":175,\"spa\":184,\"spd\":217,\"spe\":178},\"moves\":[\"closecombat\",\"willowisp\",\"morningsun\",\"uturn\"],\"baseAbility\":\"protosynthesis\",\"item\":\"heavydutyboots\",\"pokeball\":\"pokeball\",\"ability\":\"protosynthesis\",\"commanding\":false,\"reviving\":false,\"teraType\":\"Fire\",\"terastallized\":\"\"}]},\"rqid\":41}\n|inactive|Time left: 300 sec this turn | 300 sec total\n|\n|t:|1783391912\n|-terastallize|p2a: Klawf|Dark\n|move|p1a: Smeargle|Population Bomb|p2a: Klawf\n|-damage|p2a: Klawf|260/272\n|-damage|p2a: Klawf|248/272\n|-damage|p2a: Klawf|236/272\n|-damage|p2a: Klawf|223/272\n|-damage|p2a: Klawf|210/272\n|-damage|p2a: Klawf|197/272\n|-damage|p2a: Klawf|184/272\n|-damage|p2a: Klawf|171/272\n|-damage|p2a: Klawf|158/272\n|-damage|p2a: Klawf|145/272\n|-hitcount|p2a: Klawf|10\n|move|p2a: Klawf|Knock Off|p1a: Smeargle\n|-damage|p1a: Smeargle|0 fnt\n|-enditem|p1a: Smeargle|Wide Lens|[from] move: Knock Off|[of] p2a: Klawf\n|faint|p1a: Smeargle\n|\n|upkeep\n|request|{\"wait\":true,\"side\":{\"name\":\"p0y063b3ab\",\"id\":\"p2\",\"pokemon\":[{\"ident\":\"p2: Klawf\",\"details\":\"Klawf, L90, M\",\"condition\":\"145/272\",\"active\":true,\"stats\":{\"atk\":231,\"def\":258,\"spa\":114,\"spd\":150,\"spe\":186},\"moves\":[\"highhorsepower\",\"swordsdance\",\"knockoff\",\"stoneedge\"],\"baseAbility\":\"angershell\",\"item\":\"scopelens\",\"pokeball\":\"pokeball\",\"ability\":\"angershell\",\"commanding\":false,\"reviving\":false,\"teraType\":\"Dark\",\"terastallized\":\"Dark\"},{\"ident\":\"p2: Tsareena\",\"details\":\"Tsareena, L87, F\",\"condition\":\"0 fnt\",\"active\":false,\"stats\":{\"atk\":259,\"def\":220,\"spa\":137,\"spd\":220,\"spe\":175},\"moves\":[\"tripleaxel\",\"knockoff\",\"powerwhip\",\"synthesis\"],\"baseAbility\":\"queenlymajesty\",\"item\":\"\",\"pokeball\":\"pokeball\",\"ability\":\"queenlymajesty\",\"commanding\":false,\"reviving\":false,\"teraType\":\"Steel\",\"terastallized\":\"\"},{\"ident\":\"p2: Dondozo\",\"details\":\"Dondozo, L78, F\",\"condition\":\"266/362 slp\",\"active\":false,\"stats\":{\"atk\":201,\"def\":224,\"spa\":146,\"spd\":146,\"spe\":100},\"moves\":[\"sleeptalk\",\"rest\",\"curse\",\"wavecrash\"],\"baseAbility\":\"unaware\",\"item\":\"leftovers\",\"pokeball\":\"pokeball\",\"ability\":\"unaware\",\"commanding\":false,\"reviving\":false,\"teraType\":\"Fairy\",\"terastallized\":\"\"},{\"ident\":\"p2: Perrserker\",\"details\":\"Perrserker, L89, M\",\"condition\":\"71/269\",\"active\":false,\"stats\":{\"atk\":247,\"def\":229,\"spa\":140,\"spd\":158,\"spe\":140},\"moves\":[\"closecombat\",\"knockoff\",\"ironhead\",\"uturn\"],\"baseAbility\":\"toughclaws\",\"item\":\"choiceband\",\"pokeball\":\"pokeball\",\"ability\":\"toughclaws\",\"commanding\":false,\"reviving\":false,\"teraType\":\"Fighting\",\"terastallized\":\"\"},{\"ident\":\"p2: Dewgong\",\"details\":\"Dewgong, L94, F\",\"condition\":\"322/322\",\"active\":false,\"stats\":{\"atk\":185,\"def\":204,\"spa\":185,\"spd\":232,\"spe\":185},\"moves\":[\"flipturn\",\"tripleaxel\",\"knockoff\",\"surf\"],\"baseAbility\":\"thickfat\",\"item\":\"assaultvest\",\"pokeball\":\"pokeball\",\"ability\":\"thickfat\",\"commanding\":false,\"reviving\":false,\"teraType\":\"Grass\",\"terastallized\":\"\"},{\"ident\":\"p2: Slither Wing\",\"details\":\"Slither Wing, L81\",\"condition\":\"270/270\",\"active\":false,\"stats\":{\"atk\":265,\"def\":175,\"spa\":184,\"spd\":217,\"spe\":178},\"moves\":[\"closecombat\",\"willowisp\",\"morningsun\",\"uturn\"],\"baseAbility\":\"protosynthesis\",\"item\":\"heavydutyboots\",\"pokeball\":\"pokeball\",\"ability\":\"protosynthesis\",\"commanding\":false,\"reviving\":false,\"teraType\":\"Fire\",\"terastallized\":\"\"}]},\"rqid\":43}\n|\n|t:|1783391912\n|switch|p1a: Lokix|Lokix, L82, F|100/100\n|turn|16\n|request|{\"active\":[{\"moves\":[{\"move\":\"High Horsepower\",\"id\":\"highhorsepower\",\"pp\":16,\"maxpp\":16,\"target\":\"normal\",\"disabled\":false},{\"move\":\"Swords Dance\",\"id\":\"swordsdance\",\"pp\":31,\"maxpp\":32,\"target\":\"self\",\"disabled\":false},{\"move\":\"Knock Off\",\"id\":\"knockoff\",\"pp\":30,\"maxpp\":32,\"target\":\"normal\",\"disabled\":false},{\"move\":\"Stone Edge\",\"id\":\"stoneedge\",\"pp\":6,\"maxpp\":8,\"target\":\"normal\",\"disabled\":false}]}],\"side\":{\"name\":\"p0y063b3ab\",\"id\":\"p2\",\"pokemon\":[{\"ident\":\"p2: Klawf\",\"details\":\"Klawf, L90, M\",\"condition\":\"145/272\",\"active\":true,\"stats\":{\"atk\":231,\"def\":258,\"spa\":114,\"spd\":150,\"spe\":186},\"moves\":[\"highhorsepower\",\"swordsdance\",\"knockoff\",\"stoneedge\"],\"baseAbility\":\"angershell\",\"item\":\"scopelens\",\"pokeball\":\"pokeball\",\"ability\":\"angershell\",\"commanding\":false,\"reviving\":false,\"teraType\":\"Dark\",\"terastallized\":\"Dark\"},{\"ident\":\"p2: Tsareena\",\"details\":\"Tsareena, L87, F\",\"condition\":\"0 fnt\",\"active\":false,\"stats\":{\"atk\":259,\"def\":220,\"spa\":137,\"spd\":220,\"spe\":175},\"moves\":[\"tripleaxel\",\"knockoff\",\"powerwhip\",\"synthesis\"],\"baseAbility\":\"queenlymajesty\",\"item\":\"\",\"pokeball\":\"pokeball\",\"ability\":\"queenlymajesty\",\"commanding\":false,\"reviving\":false,\"teraType\":\"Steel\",\"terastallized\":\"\"},{\"ident\":\"p2: Dondozo\",\"details\":\"Dondozo, L78, F\",\"condition\":\"266/362 slp\",\"active\":false,\"stats\":{\"atk\":201,\"def\":224,\"spa\":146,\"spd\":146,\"spe\":100},\"moves\":[\"sleeptalk\",\"rest\",\"curse\",\"wavecrash\"],\"baseAbility\":\"unaware\",\"item\":\"leftovers\",\"pokeball\":\"pokeball\",\"ability\":\"unaware\",\"commanding\":false,\"reviving\":false,\"teraType\":\"Fairy\",\"terastallized\":\"\"},{\"ident\":\"p2: Perrserker\",\"details\":\"Perrserker, L89, M\",\"condition\":\"71/269\",\"active\":false,\"stats\":{\"atk\":247,\"def\":229,\"spa\":140,\"spd\":158,\"spe\":140},\"moves\":[\"closecombat\",\"knockoff\",\"ironhead\",\"uturn\"],\"baseAbility\":\"toughclaws\",\"item\":\"choiceband\",\"pokeball\":\"pokeball\",\"ability\":\"toughclaws\",\"commanding\":false,\"reviving\":false,\"teraType\":\"Fighting\",\"terastallized\":\"\"},{\"ident\":\"p2: Dewgong\",\"details\":\"Dewgong, L94, F\",\"condition\":\"322/322\",\"active\":false,\"stats\":{\"atk\":185,\"def\":204,\"spa\":185,\"spd\":232,\"spe\":185},\"moves\":[\"flipturn\",\"tripleaxel\",\"knockoff\",\"surf\"],\"baseAbility\":\"thickfat\",\"item\":\"assaultvest\",\"pokeball\":\"pokeball\",\"ability\":\"thickfat\",\"commanding\":false,\"reviving\":false,\"teraType\":\"Grass\",\"terastallized\":\"\"},{\"ident\":\"p2: Slither Wing\",\"details\":\"Slither Wing, L81\",\"condition\":\"270/270\",\"active\":false,\"stats\":{\"atk\":265,\"def\":175,\"spa\":184,\"spd\":217,\"spe\":178},\"moves\":[\"closecombat\",\"willowisp\",\"morningsun\",\"uturn\"],\"baseAbility\":\"protosynthesis\",\"item\":\"heavydutyboots\",\"pokeball\":\"pokeball\",\"ability\":\"protosynthesis\",\"commanding\":false,\"reviving\":false,\"teraType\":\"Fire\",\"terastallized\":\"\"}]},\"rqid\":45}\n|inactive|Time left: 300 sec this turn | 300 sec total\n|\n|t:|1783391912\n|move|p1a: Lokix|Knock Off|p2a: Klawf\n|-resisted|p2a: Klawf\n|-crit|p2a: Klawf\n|-damage|p2a: Klawf|0 fnt\n|-enditem|p2a: Klawf|Scope Lens|[from] move: Knock Off|[of] p1a: Lokix\n|faint|p2a: Klawf\n|-damage|p1a: Lokix|91/100|[from] item: Life Orb\n|\n|upkeep\n|request|{\"forceSwitch\":[true],\"side\":{\"name\":\"p0y063b3ab\",\"id\":\"p2\",\"pokemon\":[{\"ident\":\"p2: Klawf\",\"details\":\"Klawf, L90, M\",\"condition\":\"0 fnt\",\"active\":true,\"stats\":{\"atk\":231,\"def\":258,\"spa\":114,\"spd\":150,\"spe\":186},\"moves\":[\"highhorsepower\",\"swordsdance\",\"knockoff\",\"stoneedge\"],\"baseAbility\":\"angershell\",\"item\":\"\",\"pokeball\":\"pokeball\",\"ability\":\"angershell\",\"commanding\":false,\"reviving\":false,\"teraType\":\"Dark\",\"terastallized\":\"\"},{\"ident\":\"p2: Tsareena\",\"details\":\"Tsareena, L87, F\",\"condition\":\"0 fnt\",\"active\":false,\"stats\":{\"atk\":259,\"def\":220,\"spa\":137,\"spd\":220,\"spe\":175},\"moves\":[\"tripleaxel\",\"knockoff\",\"powerwhip\",\"synthesis\"],\"baseAbility\":\"queenlymajesty\",\"item\":\"\",\"pokeball\":\"pokeball\",\"ability\":\"queenlymajesty\",\"commanding\":false,\"reviving\":false,\"teraType\":\"Steel\",\"terastallized\":\"\"},{\"ident\":\"p2: Dondozo\",\"details\":\"Dondozo, L78, F\",\"condition\":\"266/362 slp\",\"active\":false,\"stats\":{\"atk\":201,\"def\":224,\"spa\":146,\"spd\":146,\"spe\":100},\"moves\":[\"sleeptalk\",\"rest\",\"curse\",\"wavecrash\"],\"baseAbility\":\"unaware\",\"item\":\"leftovers\",\"pokeball\":\"pokeball\",\"ability\":\"unaware\",\"commanding\":false,\"reviving\":false,\"teraType\":\"Fairy\",\"terastallized\":\"\"},{\"ident\":\"p2: Perrserker\",\"details\":\"Perrserker, L89, M\",\"condition\":\"71/269\",\"active\":false,\"stats\":{\"atk\":247,\"def\":229,\"spa\":140,\"spd\":158,\"spe\":140},\"moves\":[\"closecombat\",\"knockoff\",\"ironhead\",\"uturn\"],\"baseAbility\":\"toughclaws\",\"item\":\"choiceband\",\"pokeball\":\"pokeball\",\"ability\":\"toughclaws\",\"commanding\":false,\"reviving\":false,\"teraType\":\"Fighting\",\"terastallized\":\"\"},{\"ident\":\"p2: Dewgong\",\"details\":\"Dewgong, L94, F\",\"condition\":\"322/322\",\"active\":false,\"stats\":{\"atk\":185,\"def\":204,\"spa\":185,\"spd\":232,\"spe\":185},\"moves\":[\"flipturn\",\"tripleaxel\",\"knockoff\",\"surf\"],\"baseAbility\":\"thickfat\",\"item\":\"assaultvest\",\"pokeball\":\"pokeball\",\"ability\":\"thickfat\",\"commanding\":false,\"reviving\":false,\"teraType\":\"Grass\",\"terastallized\":\"\"},{\"ident\":\"p2: Slither Wing\",\"details\":\"Slither Wing, L81\",\"condition\":\"270/270\",\"active\":false,\"stats\":{\"atk\":265,\"def\":175,\"spa\":184,\"spd\":217,\"spe\":178},\"moves\":[\"closecombat\",\"willowisp\",\"morningsun\",\"uturn\"],\"baseAbility\":\"protosynthesis\",\"item\":\"heavydutyboots\",\"pokeball\":\"pokeball\",\"ability\":\"protosynthesis\",\"commanding\":false,\"reviving\":false,\"teraType\":\"Fire\",\"terastallized\":\"\"}]},\"noCancel\":true,\"rqid\":47}\n|inactive|Time left: 300 sec this turn | 300 sec total | 5 sec grace\n|\n|t:|1783391913\n|switch|p2a: Dewgong|Dewgong, L94, F|322/322\n|turn|17\n|request|{\"active\":[{\"moves\":[{\"move\":\"Flip Turn\",\"id\":\"flipturn\",\"pp\":32,\"maxpp\":32,\"target\":\"normal\",\"disabled\":false},{\"move\":\"Triple Axel\",\"id\":\"tripleaxel\",\"pp\":16,\"maxpp\":16,\"target\":\"normal\",\"disabled\":false},{\"move\":\"Knock Off\",\"id\":\"knockoff\",\"pp\":32,\"maxpp\":32,\"target\":\"normal\",\"disabled\":false},{\"move\":\"Surf\",\"id\":\"surf\",\"pp\":24,\"maxpp\":24,\"target\":\"allAdjacent\",\"disabled\":false}]}],\"side\":{\"name\":\"p0y063b3ab\",\"id\":\"p2\",\"pokemon\":[{\"ident\":\"p2: Dewgong\",\"details\":\"Dewgong, L94, F\",\"condition\":\"322/322\",\"active\":true,\"stats\":{\"atk\":185,\"def\":204,\"spa\":185,\"spd\":232,\"spe\":185},\"moves\":[\"flipturn\",\"tripleaxel\",\"knockoff\",\"surf\"],\"baseAbility\":\"thickfat\",\"item\":\"assaultvest\",\"pokeball\":\"pokeball\",\"ability\":\"thickfat\",\"commanding\":false,\"reviving\":false,\"teraType\":\"Grass\",\"terastallized\":\"\"},{\"ident\":\"p2: Tsareena\",\"details\":\"Tsareena, L87, F\",\"condition\":\"0 fnt\",\"active\":false,\"stats\":{\"atk\":259,\"def\":220,\"spa\":137,\"spd\":220,\"spe\":175},\"moves\":[\"tripleaxel\",\"knockoff\",\"powerwhip\",\"synthesis\"],\"baseAbility\":\"queenlymajesty\",\"item\":\"\",\"pokeball\":\"pokeball\",\"ability\":\"queenlymajesty\",\"commanding\":false,\"reviving\":false,\"teraType\":\"Steel\",\"terastallized\":\"\"},{\"ident\":\"p2: Dondozo\",\"details\":\"Dondozo, L78, F\",\"condition\":\"266/362 slp\",\"active\":false,\"stats\":{\"atk\":201,\"def\":224,\"spa\":146,\"spd\":146,\"spe\":100},\"moves\":[\"sleeptalk\",\"rest\",\"curse\",\"wavecrash\"],\"baseAbility\":\"unaware\",\"item\":\"leftovers\",\"pokeball\":\"pokeball\",\"ability\":\"unaware\",\"commanding\":false,\"reviving\":false,\"teraType\":\"Fairy\",\"terastallized\":\"\"},{\"ident\":\"p2: Perrserker\",\"details\":\"Perrserker, L89, M\",\"condition\":\"71/269\",\"active\":false,\"stats\":{\"atk\":247,\"def\":229,\"spa\":140,\"spd\":158,\"spe\":140},\"moves\":[\"closecombat\",\"knockoff\",\"ironhead\",\"uturn\"],\"baseAbility\":\"toughclaws\",\"item\":\"choiceband\",\"pokeball\":\"pokeball\",\"ability\":\"toughclaws\",\"commanding\":false,\"reviving\":false,\"teraType\":\"Fighting\",\"terastallized\":\"\"},{\"ident\":\"p2: Klawf\",\"details\":\"Klawf, L90, M\",\"condition\":\"0 fnt\",\"active\":false,\"stats\":{\"atk\":231,\"def\":258,\"spa\":114,\"spd\":150,\"spe\":186},\"moves\":[\"highhorsepower\",\"swordsdance\",\"knockoff\",\"stoneedge\"],\"baseAbility\":\"angershell\",\"item\":\"\",\"pokeball\":\"pokeball\",\"ability\":\"angershell\",\"commanding\":false,\"reviving\":false,\"teraType\":\"Dark\",\"terastallized\":\"\"},{\"ident\":\"p2: Slither Wing\",\"details\":\"Slither Wing, L81\",\"condition\":\"270/270\",\"active\":false,\"stats\":{\"atk\":265,\"def\":175,\"spa\":184,\"spd\":217,\"spe\":178},\"moves\":[\"closecombat\",\"willowisp\",\"morningsun\",\"uturn\"],\"baseAbility\":\"protosynthesis\",\"item\":\"heavydutyboots\",\"pokeball\":\"pokeball\",\"ability\":\"protosynthesis\",\"commanding\":false,\"reviving\":false,\"teraType\":\"Fire\",\"terastallized\":\"\"}]},\"rqid\":49}\n|inactive|Time left: 300 sec this turn | 300 sec total\n|\n|t:|1783391913\n|-terastallize|p1a: Lokix|Bug\n|move|p1a: Lokix|Leech Life|p2a: Dewgong\n|-damage|p2a: Dewgong|179/322\n|-heal|p1a: Lokix|100/100|[from] drain|[of] p2a: Dewgong\n|-damage|p1a: Lokix|91/100|[from] item: Life Orb\n|move|p2a: Dewgong|Surf|p1a: Lokix\n|-damage|p1a: Lokix|38/100\n|\n|upkeep\n|turn|18\n|request|{\"active\":[{\"moves\":[{\"move\":\"Flip Turn\",\"id\":\"flipturn\",\"pp\":32,\"maxpp\":32,\"target\":\"normal\",\"disabled\":false},{\"move\":\"Triple Axel\",\"id\":\"tripleaxel\",\"pp\":16,\"maxpp\":16,\"target\":\"normal\",\"disabled\":false},{\"move\":\"Knock Off\",\"id\":\"knockoff\",\"pp\":32,\"maxpp\":32,\"target\":\"normal\",\"disabled\":false},{\"move\":\"Surf\",\"id\":\"surf\",\"pp\":23,\"maxpp\":24,\"target\":\"allAdjacent\",\"disabled\":false}]}],\"side\":{\"name\":\"p0y063b3ab\",\"id\":\"p2\",\"pokemon\":[{\"ident\":\"p2: Dewgong\",\"details\":\"Dewgong, L94, F\",\"condition\":\"179/322\",\"active\":true,\"stats\":{\"atk\":185,\"def\":204,\"spa\":185,\"spd\":232,\"spe\":185},\"moves\":[\"flipturn\",\"tripleaxel\",\"knockoff\",\"surf\"],\"baseAbility\":\"thickfat\",\"item\":\"assaultvest\",\"pokeball\":\"pokeball\",\"ability\":\"thickfat\",\"commanding\":false,\"reviving\":false,\"teraType\":\"Grass\",\"terastallized\":\"\"},{\"ident\":\"p2: Tsareena\",\"details\":\"Tsareena, L87, F\",\"condition\":\"0 fnt\",\"active\":false,\"stats\":{\"atk\":259,\"def\":220,\"spa\":137,\"spd\":220,\"spe\":175},\"moves\":[\"tripleaxel\",\"knockoff\",\"powerwhip\",\"synthesis\"],\"baseAbility\":\"queenlymajesty\",\"item\":\"\",\"pokeball\":\"pokeball\",\"ability\":\"queenlymajesty\",\"commanding\":false,\"reviving\":false,\"teraType\":\"Steel\",\"terastallized\":\"\"},{\"ident\":\"p2: Dondozo\",\"details\":\"Dondozo, L78, F\",\"condition\":\"266/362 slp\",\"active\":false,\"stats\":{\"atk\":201,\"def\":224,\"spa\":146,\"spd\":146,\"spe\":100},\"moves\":[\"sleeptalk\",\"rest\",\"curse\",\"wavecrash\"],\"baseAbility\":\"unaware\",\"item\":\"leftovers\",\"pokeball\":\"pokeball\",\"ability\":\"unaware\",\"commanding\":false,\"reviving\":false,\"teraType\":\"Fairy\",\"terastallized\":\"\"},{\"ident\":\"p2: Perrserker\",\"details\":\"Perrserker, L89, M\",\"condition\":\"71/269\",\"active\":false,\"stats\":{\"atk\":247,\"def\":229,\"spa\":140,\"spd\":158,\"spe\":140},\"moves\":[\"closecombat\",\"knockoff\",\"ironhead\",\"uturn\"],\"baseAbility\":\"toughclaws\",\"item\":\"choiceband\",\"pokeball\":\"pokeball\",\"ability\":\"toughclaws\",\"commanding\":false,\"reviving\":false,\"teraType\":\"Fighting\",\"terastallized\":\"\"},{\"ident\":\"p2: Klawf\",\"details\":\"Klawf, L90, M\",\"condition\":\"0 fnt\",\"active\":false,\"stats\":{\"atk\":231,\"def\":258,\"spa\":114,\"spd\":150,\"spe\":186},\"moves\":[\"highhorsepower\",\"swordsdance\",\"knockoff\",\"stoneedge\"],\"baseAbility\":\"angershell\",\"item\":\"\",\"pokeball\":\"pokeball\",\"ability\":\"angershell\",\"commanding\":false,\"reviving\":false,\"teraType\":\"Dark\",\"terastallized\":\"\"},{\"ident\":\"p2: Slither Wing\",\"details\":\"Slither Wing, L81\",\"condition\":\"270/270\",\"active\":false,\"stats\":{\"atk\":265,\"def\":175,\"spa\":184,\"spd\":217,\"spe\":178},\"moves\":[\"closecombat\",\"willowisp\",\"morningsun\",\"uturn\"],\"baseAbility\":\"protosynthesis\",\"item\":\"heavydutyboots\",\"pokeball\":\"pokeball\",\"ability\":\"protosynthesis\",\"commanding\":false,\"reviving\":false,\"teraType\":\"Fire\",\"terastallized\":\"\"}]},\"rqid\":51}\n|inactive|Time left: 300 sec this turn | 300 sec total\n|\n|t:|1783391913\n|move|p1a: Lokix|Leech Life|p2a: Dewgong\n|-damage|p2a: Dewgong|36/322\n|-heal|p1a: Lokix|67/100|[from] drain|[of] p2a: Dewgong\n|-damage|p1a: Lokix|57/100|[from] item: Life Orb\n|move|p2a: Dewgong|Surf|p1a: Lokix\n|-damage|p1a: Lokix|7/100\n|\n|upkeep\n|turn|19\n|request|{\"active\":[{\"moves\":[{\"move\":\"Flip Turn\",\"id\":\"flipturn\",\"pp\":32,\"maxpp\":32,\"target\":\"normal\",\"disabled\":false},{\"move\":\"Triple Axel\",\"id\":\"tripleaxel\",\"pp\":16,\"maxpp\":16,\"target\":\"normal\",\"disabled\":false},{\"move\":\"Knock Off\",\"id\":\"knockoff\",\"pp\":32,\"maxpp\":32,\"target\":\"normal\",\"disabled\":false},{\"move\":\"Surf\",\"id\":\"surf\",\"pp\":22,\"maxpp\":24,\"target\":\"allAdjacent\",\"disabled\":false}]}],\"side\":{\"name\":\"p0y063b3ab\",\"id\":\"p2\",\"pokemon\":[{\"ident\":\"p2: Dewgong\",\"details\":\"Dewgong, L94, F\",\"condition\":\"36/322\",\"active\":true,\"stats\":{\"atk\":185,\"def\":204,\"spa\":185,\"spd\":232,\"spe\":185},\"moves\":[\"flipturn\",\"tripleaxel\",\"knockoff\",\"surf\"],\"baseAbility\":\"thickfat\",\"item\":\"assaultvest\",\"pokeball\":\"pokeball\",\"ability\":\"thickfat\",\"commanding\":false,\"reviving\":false,\"teraType\":\"Grass\",\"terastallized\":\"\"},{\"ident\":\"p2: Tsareena\",\"details\":\"Tsareena, L87, F\",\"condition\":\"0 fnt\",\"active\":false,\"stats\":{\"atk\":259,\"def\":220,\"spa\":137,\"spd\":220,\"spe\":175},\"moves\":[\"tripleaxel\",\"knockoff\",\"powerwhip\",\"synthesis\"],\"baseAbility\":\"queenlymajesty\",\"item\":\"\",\"pokeball\":\"pokeball\",\"ability\":\"queenlymajesty\",\"commanding\":false,\"reviving\":false,\"teraType\":\"Steel\",\"terastallized\":\"\"},{\"ident\":\"p2: Dondozo\",\"details\":\"Dondozo, L78, F\",\"condition\":\"266/362 slp\",\"active\":false,\"stats\":{\"atk\":201,\"def\":224,\"spa\":146,\"spd\":146,\"spe\":100},\"moves\":[\"sleeptalk\",\"rest\",\"curse\",\"wavecrash\"],\"baseAbility\":\"unaware\",\"item\":\"leftovers\",\"pokeball\":\"pokeball\",\"ability\":\"unaware\",\"commanding\":false,\"reviving\":false,\"teraType\":\"Fairy\",\"terastallized\":\"\"},{\"ident\":\"p2: Perrserker\",\"details\":\"Perrserker, L89, M\",\"condition\":\"71/269\",\"active\":false,\"stats\":{\"atk\":247,\"def\":229,\"spa\":140,\"spd\":158,\"spe\":140},\"moves\":[\"closecombat\",\"knockoff\",\"ironhead\",\"uturn\"],\"baseAbility\":\"toughclaws\",\"item\":\"choiceband\",\"pokeball\":\"pokeball\",\"ability\":\"toughclaws\",\"commanding\":false,\"reviving\":false,\"teraType\":\"Fighting\",\"terastallized\":\"\"},{\"ident\":\"p2: Klawf\",\"details\":\"Klawf, L90, M\",\"condition\":\"0 fnt\",\"active\":false,\"stats\":{\"atk\":231,\"def\":258,\"spa\":114,\"spd\":150,\"spe\":186},\"moves\":[\"highhorsepower\",\"swordsdance\",\"knockoff\",\"stoneedge\"],\"baseAbility\":\"angershell\",\"item\":\"\",\"pokeball\":\"pokeball\",\"ability\":\"angershell\",\"commanding\":false,\"reviving\":false,\"teraType\":\"Dark\",\"terastallized\":\"\"},{\"ident\":\"p2: Slither Wing\",\"details\":\"Slither Wing, L81\",\"condition\":\"270/270\",\"active\":false,\"stats\":{\"atk\":265,\"def\":175,\"spa\":184,\"spd\":217,\"spe\":178},\"moves\":[\"closecombat\",\"willowisp\",\"morningsun\",\"uturn\"],\"baseAbility\":\"protosynthesis\",\"item\":\"heavydutyboots\",\"pokeball\":\"pokeball\",\"ability\":\"protosynthesis\",\"commanding\":false,\"reviving\":false,\"teraType\":\"Fire\",\"terastallized\":\"\"}]},\"rqid\":53}\n|inactive|Time left: 300 sec this turn | 300 sec total\n|\n|t:|1783391913\n|move|p1a: Lokix|Leech Life|p2a: Dewgong\n|-damage|p2a: Dewgong|0 fnt\n|-heal|p1a: Lokix|14/100|[from] drain|[of] p2a: Dewgong\n|faint|p2a: Dewgong\n|-damage|p1a: Lokix|4/100|[from] item: Life Orb\n|\n|upkeep\n|request|{\"forceSwitch\":[true],\"side\":{\"name\":\"p0y063b3ab\",\"id\":\"p2\",\"pokemon\":[{\"ident\":\"p2: Dewgong\",\"details\":\"Dewgong, L94, F\",\"condition\":\"0 fnt\",\"active\":true,\"stats\":{\"atk\":185,\"def\":204,\"spa\":185,\"spd\":232,\"spe\":185},\"moves\":[\"flipturn\",\"tripleaxel\",\"knockoff\",\"surf\"],\"baseAbility\":\"thickfat\",\"item\":\"assaultvest\",\"pokeball\":\"pokeball\",\"ability\":\"thickfat\",\"commanding\":false,\"reviving\":false,\"teraType\":\"Grass\",\"terastallized\":\"\"},{\"ident\":\"p2: Tsareena\",\"details\":\"Tsareena, L87, F\",\"condition\":\"0 fnt\",\"active\":false,\"stats\":{\"atk\":259,\"def\":220,\"spa\":137,\"spd\":220,\"spe\":175},\"moves\":[\"tripleaxel\",\"knockoff\",\"powerwhip\",\"synthesis\"],\"baseAbility\":\"queenlymajesty\",\"item\":\"\",\"pokeball\":\"pokeball\",\"ability\":\"queenlymajesty\",\"commanding\":false,\"reviving\":false,\"teraType\":\"Steel\",\"terastallized\":\"\"},{\"ident\":\"p2: Dondozo\",\"details\":\"Dondozo, L78, F\",\"condition\":\"266/362 slp\",\"active\":false,\"stats\":{\"atk\":201,\"def\":224,\"spa\":146,\"spd\":146,\"spe\":100},\"moves\":[\"sleeptalk\",\"rest\",\"curse\",\"wavecrash\"],\"baseAbility\":\"unaware\",\"item\":\"leftovers\",\"pokeball\":\"pokeball\",\"ability\":\"unaware\",\"commanding\":false,\"reviving\":false,\"teraType\":\"Fairy\",\"terastallized\":\"\"},{\"ident\":\"p2: Perrserker\",\"details\":\"Perrserker, L89, M\",\"condition\":\"71/269\",\"active\":false,\"stats\":{\"atk\":247,\"def\":229,\"spa\":140,\"spd\":158,\"spe\":140},\"moves\":[\"closecombat\",\"knockoff\",\"ironhead\",\"uturn\"],\"baseAbility\":\"toughclaws\",\"item\":\"choiceband\",\"pokeball\":\"pokeball\",\"ability\":\"toughclaws\",\"commanding\":false,\"reviving\":false,\"teraType\":\"Fighting\",\"terastallized\":\"\"},{\"ident\":\"p2: Klawf\",\"details\":\"Klawf, L90, M\",\"condition\":\"0 fnt\",\"active\":false,\"stats\":{\"atk\":231,\"def\":258,\"spa\":114,\"spd\":150,\"spe\":186},\"moves\":[\"highhorsepower\",\"swordsdance\",\"knockoff\",\"stoneedge\"],\"baseAbility\":\"angershell\",\"item\":\"\",\"pokeball\":\"pokeball\",\"ability\":\"angershell\",\"commanding\":false,\"reviving\":false,\"teraType\":\"Dark\",\"terastallized\":\"\"},{\"ident\":\"p2: Slither Wing\",\"details\":\"Slither Wing, L81\",\"condition\":\"270/270\",\"active\":false,\"stats\":{\"atk\":265,\"def\":175,\"spa\":184,\"spd\":217,\"spe\":178},\"moves\":[\"closecombat\",\"willowisp\",\"morningsun\",\"uturn\"],\"baseAbility\":\"protosynthesis\",\"item\":\"heavydutyboots\",\"pokeball\":\"pokeball\",\"ability\":\"protosynthesis\",\"commanding\":false,\"reviving\":false,\"teraType\":\"Fire\",\"terastallized\":\"\"}]},\"noCancel\":true,\"rqid\":55}\n|inactive|Time left: 300 sec this turn | 300 sec total | 5 sec grace\n|\n|t:|1783391914\n|switch|p2a: Slither Wing|Slither Wing, L81|270/270\n|turn|20\n|request|{\"active\":[{\"moves\":[{\"move\":\"Close Combat\",\"id\":\"closecombat\",\"pp\":8,\"maxpp\":8,\"target\":\"normal\",\"disabled\":false},{\"move\":\"Will-O-Wisp\",\"id\":\"willowisp\",\"pp\":23,\"maxpp\":24,\"target\":\"normal\",\"disabled\":false},{\"move\":\"Morning Sun\",\"id\":\"morningsun\",\"pp\":8,\"maxpp\":8,\"target\":\"self\",\"disabled\":false},{\"move\":\"U-turn\",\"id\":\"uturn\",\"pp\":32,\"maxpp\":32,\"target\":\"normal\",\"disabled\":false}]}],\"side\":{\"name\":\"p0y063b3ab\",\"id\":\"p2\",\"pokemon\":[{\"ident\":\"p2: Slither Wing\",\"details\":\"Slither Wing, L81\",\"condition\":\"270/270\",\"active\":true,\"stats\":{\"atk\":265,\"def\":175,\"spa\":184,\"spd\":217,\"spe\":178},\"moves\":[\"closecombat\",\"willowisp\",\"morningsun\",\"uturn\"],\"baseAbility\":\"protosynthesis\",\"item\":\"heavydutyboots\",\"pokeball\":\"pokeball\",\"ability\":\"protosynthesis\",\"commanding\":false,\"reviving\":false,\"teraType\":\"Fire\",\"terastallized\":\"\"},{\"ident\":\"p2: Tsareena\",\"details\":\"Tsareena, L87, F\",\"condition\":\"0 fnt\",\"active\":false,\"stats\":{\"atk\":259,\"def\":220,\"spa\":137,\"spd\":220,\"spe\":175},\"moves\":[\"tripleaxel\",\"knockoff\",\"powerwhip\",\"synthesis\"],\"baseAbility\":\"queenlymajesty\",\"item\":\"\",\"pokeball\":\"pokeball\",\"ability\":\"queenlymajesty\",\"commanding\":false,\"reviving\":false,\"teraType\":\"Steel\",\"terastallized\":\"\"},{\"ident\":\"p2: Dondozo\",\"details\":\"Dondozo, L78, F\",\"condition\":\"266/362 slp\",\"active\":false,\"stats\":{\"atk\":201,\"def\":224,\"spa\":146,\"spd\":146,\"spe\":100},\"moves\":[\"sleeptalk\",\"rest\",\"curse\",\"wavecrash\"],\"baseAbility\":\"unaware\",\"item\":\"leftovers\",\"pokeball\":\"pokeball\",\"ability\":\"unaware\",\"commanding\":false,\"reviving\":false,\"teraType\":\"Fairy\",\"terastallized\":\"\"},{\"ident\":\"p2: Perrserker\",\"details\":\"Perrserker, L89, M\",\"condition\":\"71/269\",\"active\":false,\"stats\":{\"atk\":247,\"def\":229,\"spa\":140,\"spd\":158,\"spe\":140},\"moves\":[\"closecombat\",\"knockoff\",\"ironhead\",\"uturn\"],\"baseAbility\":\"toughclaws\",\"item\":\"choiceband\",\"pokeball\":\"pokeball\",\"ability\":\"toughclaws\",\"commanding\":false,\"reviving\":false,\"teraType\":\"Fighting\",\"terastallized\":\"\"},{\"ident\":\"p2: Klawf\",\"details\":\"Klawf, L90, M\",\"condition\":\"0 fnt\",\"active\":false,\"stats\":{\"atk\":231,\"def\":258,\"spa\":114,\"spd\":150,\"spe\":186},\"moves\":[\"highhorsepower\",\"swordsdance\",\"knockoff\",\"stoneedge\"],\"baseAbility\":\"angershell\",\"item\":\"\",\"pokeball\":\"pokeball\",\"ability\":\"angershell\",\"commanding\":false,\"reviving\":false,\"teraType\":\"Dark\",\"terastallized\":\"\"},{\"ident\":\"p2: Dewgong\",\"details\":\"Dewgong, L94, F\",\"condition\":\"0 fnt\",\"active\":false,\"stats\":{\"atk\":185,\"def\":204,\"spa\":185,\"spd\":232,\"spe\":185},\"mo, "uploadtime": 1783391914, "views": 0, "rating": 0, "private": 0, "password": null, "_winner": "p0y063b3ab", "_our_name": "p0x063a5af"}",\"ability\":\"thickfat\",\"commanding\":false,\"reviving\":false,\"teraType\":\"Grass\",\"terastallized\":\"\"}]},\"rqid\":57}\n|inactive|Time left: 300 sec this turn | 300 sec total\n|\n|t:|1783391914\n|move|p1a: Lokix|Leech Life|p2a: Slither Wing\n|-resisted|p2a: Slither Wing\n|-damage|p2a: Slither Wing|111/270\n|-heal|p1a: Lokix|36/100|[from] drain|[of] p2a: Slither Wing\n|-damage|p1a: Lokix|26/100|[from] item: Life Orb\n|move|p2a: Slither Wing|U-turn|p1a: Lokix\n|-damage|p1a: Lokix|0 fnt\n|faint|p1a: Lokix\n|\n|win|p0y063b3ab", "uploadtime": 1783391914, "views": 0, "rating": 0, "private": 0, "password": null, "_winner": "p0y063b3ab", "_our_name": "p0y063b3ab"}