{"id": "battle-gen9randombattle-253", "formatid": "gen9randombattle", "format": "[Gen 9] Random Battle", "players": ["p0x0519161", "p0y0514607"], "log": "|init|battle\n|title|p0x0519161 vs. p0y0514607\n|j|\u2606p0x0519161\n|j|\u2606p0y0514607\n|t:|1783391707\n|gametype|singles\n|player|p1|p0x0519161|265|\n|player|p2|p0y0514607|1|\n|gen|9\n|tier|[Gen 9] Random Battle\n|rule|Species Clause: Limit one of each Pok\u00e9mon\n|rule|HP Percentage Mod: HP is shown in percentages\n|rule|Sleep Clause Mod: Limit one foe put to sleep\n|rule|Illusion Level Mod: Illusion disguises the Pok\u00e9mon's true level\n|\n|t:|1783391707\n|teamsize|p1|6\n|teamsize|p2|6\n|start\n|switch|p1a: Bellibolt|Bellibolt, L84, M|320/320\n|switch|p2a: Ditto|Ditto, L87|100/100\n|-transform|p2a: Ditto|p1a: Bellibolt|[from] ability: Imposter\n|turn|1\n|request|{\"active\":[{\"moves\":[{\"move\":\"Thunderbolt\",\"id\":\"thunderbolt\",\"pp\":24,\"maxpp\":24,\"target\":\"normal\",\"disabled\":false},{\"move\":\"Muddy Water\",\"id\":\"muddywater\",\"pp\":16,\"maxpp\":16,\"target\":\"allAdjacentFoes\",\"disabled\":false},{\"move\":\"Slack Off\",\"id\":\"slackoff\",\"pp\":8,\"maxpp\":8,\"target\":\"self\",\"disabled\":false},{\"move\":\"Toxic\",\"id\":\"toxic\",\"pp\":16,\"maxpp\":16,\"target\":\"normal\",\"disabled\":false}],\"canTerastallize\":\"Electric\"}],\"side\":{\"name\":\"p0x0519161\",\"id\":\"p1\",\"pokemon\":[{\"ident\":\"p1: Bellibolt\",\"details\":\"Bellibolt, L84, M\",\"condition\":\"320/320\",\"active\":true,\"stats\":{\"atk\":112,\"def\":201,\"spa\":221,\"spd\":188,\"spe\":124},\"moves\":[\"thunderbolt\",\"muddywater\",\"slackoff\",\"toxic\"],\"baseAbility\":\"electromorphosis\",\"item\":\"leftovers\",\"pokeball\":\"pokeball\",\"ability\":\"electromorphosis\",\"commanding\":false,\"reviving\":false,\"teraType\":\"Electric\",\"terastallized\":\"\"},{\"ident\":\"p1: Quaquaval\",\"details\":\"Quaquaval, L79, M\",\"condition\":\"264/264\",\"active\":false,\"stats\":{\"atk\":235,\"def\":172,\"spa\":180,\"spd\":164,\"spe\":180},\"moves\":[\"closecombat\",\"aquastep\",\"swordsdance\",\"knockoff\"],\"baseAbility\":\"moxie\",\"item\":\"lifeorb\",\"pokeball\":\"pokeball\",\"ability\":\"moxie\",\"commanding\":false,\"reviving\":false,\"teraType\":\"Steel\",\"terastallized\":\"\"},{\"ident\":\"p1: Flutter Mane\",\"details\":\"Flutter Mane, L74\",\"condition\":\"203/203\",\"active\":false,\"stats\":{\"atk\":86,\"def\":124,\"spa\":243,\"spd\":243,\"spe\":243},\"moves\":[\"moonblast\",\"thunderbolt\",\"mysticalfire\",\"shadowball\"],\"baseAbility\":\"protosynthesis\",\"item\":\"choicespecs\",\"pokeball\":\"pokeball\",\"ability\":\"protosynthesis\",\"commanding\":false,\"reviving\":false,\"teraType\":\"Fairy\",\"terastallized\":\"\"},{\"ident\":\"p1: Girafarig\",\"details\":\"Girafarig, L89, M\",\"condition\":\"269/269\",\"active\":false,\"stats\":{\"atk\":147,\"def\":166,\"spa\":211,\"spd\":166,\"spe\":202},\"moves\":[\"shadowball\",\"dazzlinggleam\",\"psyshock\",\"nastyplot\"],\"baseAbility\":\"sapsipper\",\"item\":\"eviolite\",\"pokeball\":\"pokeball\",\"ability\":\"sapsipper\",\"commanding\":false,\"reviving\":false,\"teraType\":\"Psychic\",\"terastallized\":\"\"},{\"ident\":\"p1: Okidogi\",\"details\":\"Okidogi, L77, M\",\"condition\":\"262/262\",\"active\":false,\"stats\":{\"atk\":242,\"def\":222,\"spa\":134,\"spd\":177,\"spe\":168},\"moves\":[\"knockoff\",\"highhorsepower\",\"drainpunch\",\"gunkshot\"],\"baseAbility\":\"toxicchain\",\"item\":\"assaultvest\",\"pokeball\":\"pokeball\",\"ability\":\"toxicchain\",\"commanding\":false,\"reviving\":false,\"teraType\":\"Dark\",\"terastallized\":\"\"},{\"ident\":\"p1: Sawsbuck\",\"details\":\"Sawsbuck-Summer, L88, F\",\"condition\":\"284/284\",\"active\":false,\"stats\":{\"atk\":226,\"def\":173,\"spa\":156,\"spd\":173,\"spe\":217},\"moves\":[\"doubleedge\",\"hornleech\",\"highhorsepower\",\"swordsdance\"],\"baseAbility\":\"sapsipper\",\"item\":\"lifeorb\",\"pokeball\":\"pokeball\",\"ability\":\"sapsipper\",\"commanding\":false,\"reviving\":false,\"teraType\":\"Normal\",\"terastallized\":\"\"}]},\"rqid\":2}\n|inactive|Battle timer is ON: inactive players will automatically lose when time's up. (requested by p0y0514607)\n|inactive|Time left: 300 sec this turn | 300 sec total | 60 sec grace\n|html|<div class=\"message-error\">You must be registered to chat in temporary rooms (like battles).</div>You may register in the <button name=\"openOptions\"><i class=\"fa fa-cog\"></i> Options</button> menu.\n|inactive|p0x0519161 also wants the timer to be on.\n|\n|t:|1783391707\n|switch|p2a: Leavanny|Leavanny, L86, F|100/100\n|move|p1a: Bellibolt|Toxic|p2a: Leavanny\n|-status|p2a: Leavanny|tox\n|\n|-damage|p2a: Leavanny|95/100 tox|[from] psn\n|upkeep\n|turn|2\n|request|{\"active\":[{\"moves\":[{\"move\":\"Thunderbolt\",\"id\":\"thunderbolt\",\"pp\":24,\"maxpp\":24,\"target\":\"normal\",\"disabled\":false},{\"move\":\"Muddy Water\",\"id\":\"muddywater\",\"pp\":16,\"maxpp\":16,\"target\":\"allAdjacentFoes\",\"disabled\":false},{\"move\":\"Slack Off\",\"id\":\"slackoff\",\"pp\":8,\"maxpp\":8,\"target\":\"self\",\"disabled\":false},{\"move\":\"Toxic\",\"id\":\"toxic\",\"pp\":15,\"maxpp\":16,\"target\":\"normal\",\"disabled\":false}],\"canTerastallize\":\"Electric\"}],\"side\":{\"name\":\"p0x0519161\",\"id\":\"p1\",\"pokemon\":[{\"ident\":\"p1: Bellibolt\",\"details\":\"Bellibolt, L84, M\",\"condition\":\"320/320\",\"active\":true,\"stats\":{\"atk\":112,\"def\":201,\"spa\":221,\"spd\":188,\"spe\":124},\"moves\":[\"thunderbolt\",\"muddywater\",\"slackoff\",\"toxic\"],\"baseAbility\":\"electromorphosis\",\"item\":\"leftovers\",\"pokeball\":\"pokeball\",\"ability\":\"electromorphosis\",\"commanding\":false,\"reviving\":false,\"teraType\":\"Electric\",\"terastallized\":\"\"},{\"ident\":\"p1: Quaquaval\",\"details\":\"Quaquaval, L79, M\",\"condition\":\"264/264\",\"active\":false,\"stats\":{\"atk\":235,\"def\":172,\"spa\":180,\"spd\":164,\"spe\":180},\"moves\":[\"closecombat\",\"aquastep\",\"swordsdance\",\"knockoff\"],\"baseAbility\":\"moxie\",\"item\":\"lifeorb\",\"pokeball\":\"pokeball\",\"ability\":\"moxie\",\"commanding\":false,\"reviving\":false,\"teraType\":\"Steel\",\"terastallized\":\"\"},{\"ident\":\"p1: Flutter Mane\",\"details\":\"Flutter Mane, L74\",\"condition\":\"203/203\",\"active\":false,\"stats\":{\"atk\":86,\"def\":124,\"spa\":243,\"spd\":243,\"spe\":243},\"moves\":[\"moonblast\",\"thunderbolt\",\"mysticalfire\",\"shadowball\"],\"baseAbility\":\"protosynthesis\",\"item\":\"choicespecs\",\"pokeball\":\"pokeball\",\"ability\":\"protosynthesis\",\"commanding\":false,\"reviving\":false,\"teraType\":\"Fairy\",\"terastallized\":\"\"},{\"ident\":\"p1: Girafarig\",\"details\":\"Girafarig, L89, M\",\"condition\":\"269/269\",\"active\":false,\"stats\":{\"atk\":147,\"def\":166,\"spa\":211,\"spd\":166,\"spe\":202},\"moves\":[\"shadowball\",\"dazzlinggleam\",\"psyshock\",\"nastyplot\"],\"baseAbility\":\"sapsipper\",\"item\":\"eviolite\",\"pokeball\":\"pokeball\",\"ability\":\"sapsipper\",\"commanding\":false,\"reviving\":false,\"teraType\":\"Psychic\",\"terastallized\":\"\"},{\"ident\":\"p1: Okidogi\",\"details\":\"Okidogi, L77, M\",\"condition\":\"262/262\",\"active\":false,\"stats\":{\"atk\":242,\"def\":222,\"spa\":134,\"spd\":177,\"spe\":168},\"moves\":[\"knockoff\",\"highhorsepower\",\"drainpunch\",\"gunkshot\"],\"baseAbility\":\"toxicchain\",\"item\":\"assaultvest\",\"pokeball\":\"pokeball\",\"ability\":\"toxicchain\",\"commanding\":false,\"reviving\":false,\"teraType\":\"Dark\",\"terastallized\":\"\"},{\"ident\":\"p1: Sawsbuck\",\"details\":\"Sawsbuck-Summer, L88, F\",\"condition\":\"284/284\",\"active\":false,\"stats\":{\"atk\":226,\"def\":173,\"spa\":156,\"spd\":173,\"spe\":217},\"moves\":[\"doubleedge\",\"hornleech\",\"highhorsepower\",\"swordsdance\"],\"baseAbility\":\"sapsipper\",\"item\":\"lifeorb\",\"pokeball\":\"pokeball\",\"ability\":\"sapsipper\",\"commanding\":false,\"reviving\":false,\"teraType\":\"Normal\",\"terastallized\":\"\"}]},\"rqid\":4}\n|inactive|Time left: 300 sec this turn | 300 sec total\n|\n|t:|1783391707\n|move|p2a: Leavanny|Sticky Web|p1a: Bellibolt\n|-sidestart|p1: p0x0519161|move: Sticky Web\n|move|p1a: Bellibolt|Thunderbolt|p2a: Leavanny\n|-resisted|p2a: Leavanny\n|-damage|p2a: Leavanny|74/100 tox\n|\n|-damage|p2a: Leavanny|63/100 tox|[from] psn\n|upkeep\n|turn|3\n|request|{\"active\":[{\"moves\":[{\"move\":\"Thunderbolt\",\"id\":\"thunderbolt\",\"pp\":23,\"maxpp\":24,\"target\":\"normal\",\"disabled\":false},{\"move\":\"Muddy Water\",\"id\":\"muddywater\",\"pp\":16,\"maxpp\":16,\"target\":\"allAdjacentFoes\",\"disabled\":false},{\"move\":\"Slack Off\",\"id\":\"slackoff\",\"pp\":8,\"maxpp\":8,\"target\":\"self\",\"disabled\":false},{\"move\":\"Toxic\",\"id\":\"toxic\",\"pp\":15,\"maxpp\":16,\"target\":\"normal\",\"disabled\":false}],\"canTerastallize\":\"Electric\"}],\"side\":{\"name\":\"p0x0519161\",\"id\":\"p1\",\"pokemon\":[{\"ident\":\"p1: Bellibolt\",\"details\":\"Bellibolt, L84, M\",\"condition\":\"320/320\",\"active\":true,\"stats\":{\"atk\":112,\"def\":201,\"spa\":221,\"spd\":188,\"spe\":124},\"moves\":[\"thunderbolt\",\"muddywater\",\"slackoff\",\"toxic\"],\"baseAbility\":\"electromorphosis\",\"item\":\"leftovers\",\"pokeball\":\"pokeball\",\"ability\":\"electromorphosis\",\"commanding\":false,\"reviving\":false,\"teraType\":\"Electric\",\"terastallized\":\"\"},{\"ident\":\"p1: Quaquaval\",\"details\":\"Quaquaval, L79, M\",\"condition\":\"264/264\",\"active\":false,\"stats\":{\"atk\":235,\"def\":172,\"spa\":180,\"spd\":164,\"spe\":180},\"moves\":[\"closecombat\",\"aquastep\",\"swordsdance\",\"knockoff\"],\"baseAbility\":\"moxie\",\"item\":\"lifeorb\",\"pokeball\":\"pokeball\",\"ability\":\"moxie\",\"commanding\":false,\"reviving\":false,\"teraType\":\"Steel\",\"terastallized\":\"\"},{\"ident\":\"p1: Flutter Mane\",\"details\":\"Flutter Mane, L74\",\"condition\":\"203/203\",\"active\":false,\"stats\":{\"atk\":86,\"def\":124,\"spa\":243,\"spd\":243,\"spe\":243},\"moves\":[\"moonblast\",\"thunderbolt\",\"mysticalfire\",\"shadowball\"],\"baseAbility\":\"protosynthesis\",\"item\":\"choicespecs\",\"pokeball\":\"pokeball\",\"ability\":\"protosynthesis\",\"commanding\":false,\"reviving\":false,\"teraType\":\"Fairy\",\"terastallized\":\"\"},{\"ident\":\"p1: Girafarig\",\"details\":\"Girafarig, L89, M\",\"condition\":\"269/269\",\"active\":false,\"stats\":{\"atk\":147,\"def\":166,\"spa\":211,\"spd\":166,\"spe\":202},\"moves\":[\"shadowball\",\"dazzlinggleam\",\"psyshock\",\"nastyplot\"],\"baseAbility\":\"sapsipper\",\"item\":\"eviolite\",\"pokeball\":\"pokeball\",\"ability\":\"sapsipper\",\"commanding\":false,\"reviving\":false,\"teraType\":\"Psychic\",\"terastallized\":\"\"},{\"ident\":\"p1: Okidogi\",\"details\":\"Okidogi, L77, M\",\"condition\":\"262/262\",\"active\":false,\"stats\":{\"atk\":242,\"def\":222,\"spa\":134,\"spd\":177,\"spe\":168},\"moves\":[\"knockoff\",\"highhorsepower\",\"drainpunch\",\"gunkshot\"],\"baseAbility\":\"toxicchain\",\"item\":\"assaultvest\",\"pokeball\":\"pokeball\",\"ability\":\"toxicchain\",\"commanding\":false,\"reviving\":false,\"teraType\":\"Dark\",\"terastallized\":\"\"},{\"ident\":\"p1: Sawsbuck\",\"details\":\"Sawsbuck-Summer, L88, F\",\"condition\":\"284/284\",\"active\":false,\"stats\":{\"atk\":226,\"def\":173,\"spa\":156,\"spd\":173,\"spe\":217},\"moves\":[\"doubleedge\",\"hornleech\",\"highhorsepower\",\"swordsdance\"],\"baseAbility\":\"sapsipper\",\"item\":\"lifeorb\",\"pokeball\":\"pokeball\",\"ability\":\"sapsipper\",\"commanding\":false,\"reviving\":false,\"teraType\":\"Normal\",\"terastallized\":\"\"}]},\"rqid\":6}\n|inactive|Time left: 300 sec this turn | 300 sec total\n|\n|t:|1783391708\n|move|p2a: Leavanny|Knock Off|p1a: Bellibolt\n|-damage|p1a: Bellibolt|251/320\n|-start|p1a: Bellibolt|Charge|Knock Off|[from] ability: Electromorphosis\n|-enditem|p1a: Bellibolt|Leftovers|[from] move: Knock Off|[of] p2a: Leavanny\n|move|p1a: Bellibolt|Thunderbolt|p2a: Leavanny\n|-resisted|p2a: Leavanny\n|-damage|p2a: Leavanny|25/100 tox\n|-end|p1a: Bellibolt|Charge|[silent]\n|\n|-damage|p2a: Leavanny|7/100 tox|[from] psn\n|upkeep\n|turn|4\n|request|{\"active\":[{\"moves\":[{\"move\":\"Thunderbolt\",\"id\":\"thunderbolt\",\"pp\":22,\"maxpp\":24,\"target\":\"normal\",\"disabled\":false},{\"move\":\"Muddy Water\",\"id\":\"muddywater\",\"pp\":16,\"maxpp\":16,\"target\":\"allAdjacentFoes\",\"disabled\":false},{\"move\":\"Slack Off\",\"id\":\"slackoff\",\"pp\":8,\"maxpp\":8,\"target\":\"self\",\"disabled\":false},{\"move\":\"Toxic\",\"id\":\"toxic\",\"pp\":15,\"maxpp\":16,\"target\":\"normal\",\"disabled\":false}],\"canTerastallize\":\"Electric\"}],\"side\":{\"name\":\"p0x0519161\",\"id\":\"p1\",\"pokemon\":[{\"ident\":\"p1: Bellibolt\",\"details\":\"Bellibolt, L84, M\",\"condition\":\"251/320\",\"active\":true,\"stats\":{\"atk\":112,\"def\":201,\"spa\":221,\"spd\":188,\"spe\":124},\"moves\":[\"thunderbolt\",\"muddywater\",\"slackoff\",\"toxic\"],\"baseAbility\":\"electromorphosis\",\"item\":\"\",\"pokeball\":\"pokeball\",\"ability\":\"electromorphosis\",\"commanding\":false,\"reviving\":false,\"teraType\":\"Electric\",\"terastallized\":\"\"},{\"ident\":\"p1: Quaquaval\",\"details\":\"Quaquaval, L79, M\",\"condition\":\"264/264\",\"active\":false,\"stats\":{\"atk\":235,\"def\":172,\"spa\":180,\"spd\":164,\"spe\":180},\"moves\":[\"closecombat\",\"aquastep\",\"swordsdance\",\"knockoff\"],\"baseAbility\":\"moxie\",\"item\":\"lifeorb\",\"pokeball\":\"pokeball\",\"ability\":\"moxie\",\"commanding\":false,\"reviving\":false,\"teraType\":\"Steel\",\"terastallized\":\"\"},{\"ident\":\"p1: Flutter Mane\",\"details\":\"Flutter Mane, L74\",\"condition\":\"203/203\",\"active\":false,\"stats\":{\"atk\":86,\"def\":124,\"spa\":243,\"spd\":243,\"spe\":243},\"moves\":[\"moonblast\",\"thunderbolt\",\"mysticalfire\",\"shadowball\"],\"baseAbility\":\"protosynthesis\",\"item\":\"choicespecs\",\"pokeball\":\"pokeball\",\"ability\":\"protosynthesis\",\"commanding\":false,\"reviving\":false,\"teraType\":\"Fairy\",\"terastallized\":\"\"},{\"ident\":\"p1: Girafarig\",\"details\":\"Girafarig, L89, M\",\"condition\":\"269/269\",\"active\":false,\"stats\":{\"atk\":147,\"def\":166,\"spa\":211,\"spd\":166,\"spe\":202},\"moves\":[\"shadowball\",\"dazzlinggleam\",\"psyshock\",\"nastyplot\"],\"baseAbility\":\"sapsipper\",\"item\":\"eviolite\",\"pokeball\":\"pokeball\",\"ability\":\"sapsipper\",\"commanding\":false,\"reviving\":false,\"teraType\":\"Psychic\",\"terastallized\":\"\"},{\"ident\":\"p1: Okidogi\",\"details\":\"Okidogi, L77, M\",\"condition\":\"262/262\",\"active\":false,\"stats\":{\"atk\":242,\"def\":222,\"spa\":134,\"spd\":177,\"spe\":168},\"moves\":[\"knockoff\",\"highhorsepower\",\"drainpunch\",\"gunkshot\"],\"baseAbility\":\"toxicchain\",\"item\":\"assaultvest\",\"pokeball\":\"pokeball\",\"ability\":\"toxicchain\",\"commanding\":false,\"reviving\":false,\"teraType\":\"Dark\",\"terastallized\":\"\"},{\"ident\":\"p1: Sawsbuck\",\"details\":\"Sawsbuck-Summer, L88, F\",\"condition\":\"284/284\",\"active\":false,\"stats\":{\"atk\":226,\"def\":173,\"spa\":156,\"spd\":173,\"spe\":217},\"moves\":[\"doubleedge\",\"hornleech\",\"highhorsepower\",\"swordsdance\"],\"baseAbility\":\"sapsipper\",\"item\":\"lifeorb\",\"pokeball\":\"pokeball\",\"ability\":\"sapsipper\",\"commanding\":false,\"reviving\":false,\"teraType\":\"Normal\",\"terastallized\":\"\"}]},\"rqid\":8}\n|inactive|Time left: 300 sec this turn | 300 sec total\n|\n|t:|1783391708\n|move|p2a: Leavanny|Lunge|p1a: Bellibolt\n|-crit|p1a: Bellibolt\n|-damage|p1a: Bellibolt|46/320\n|-unboost|p1a: Bellibolt|atk|1\n|-start|p1a: Bellibolt|Charge|Lunge|[from] ability: Electromorphosis\n|move|p1a: Bellibolt|Slack Off|p1a: Bellibolt\n|-heal|p1a: Bellibolt|206/320\n|\n|-damage|p2a: Leavanny|0 fnt|[from] psn\n|faint|p2a: Leavanny\n|upkeep\n|request|{\"wait\":true,\"side\":{\"name\":\"p0x0519161\",\"id\":\"p1\",\"pokemon\":[{\"ident\":\"p1: Bellibolt\",\"details\":\"Bellibolt, L84, M\",\"condition\":\"206/320\",\"active\":true,\"stats\":{\"atk\":112,\"def\":201,\"spa\":221,\"spd\":188,\"spe\":124},\"moves\":[\"thunderbolt\",\"muddywater\",\"slackoff\",\"toxic\"],\"baseAbility\":\"electromorphosis\",\"item\":\"\",\"pokeball\":\"pokeball\",\"ability\":\"electromorphosis\",\"commanding\":false,\"reviving\":false,\"teraType\":\"Electric\",\"terastallized\":\"\"},{\"ident\":\"p1: Quaquaval\",\"details\":\"Quaquaval, L79, M\",\"condition\":\"264/264\",\"active\":false,\"stats\":{\"atk\":235,\"def\":172,\"spa\":180,\"spd\":164,\"spe\":180},\"moves\":[\"closecombat\",\"aquastep\",\"swordsdance\",\"knockoff\"],\"baseAbility\":\"moxie\",\"item\":\"lifeorb\",\"pokeball\":\"pokeball\",\"ability\":\"moxie\",\"commanding\":false,\"reviving\":false,\"teraType\":\"Steel\",\"terastallized\":\"\"},{\"ident\":\"p1: Flutter Mane\",\"details\":\"Flutter Mane, L74\",\"condition\":\"203/203\",\"active\":false,\"stats\":{\"atk\":86,\"def\":124,\"spa\":243,\"spd\":243,\"spe\":243},\"moves\":[\"moonblast\",\"thunderbolt\",\"mysticalfire\",\"shadowball\"],\"baseAbility\":\"protosynthesis\",\"item\":\"choicespecs\",\"pokeball\":\"pokeball\",\"ability\":\"protosynthesis\",\"commanding\":false,\"reviving\":false,\"teraType\":\"Fairy\",\"terastallized\":\"\"},{\"ident\":\"p1: Girafarig\",\"details\":\"Girafarig, L89, M\",\"condition\":\"269/269\",\"active\":false,\"stats\":{\"atk\":147,\"def\":166,\"spa\":211,\"spd\":166,\"spe\":202},\"moves\":[\"shadowball\",\"dazzlinggleam\",\"psyshock\",\"nastyplot\"],\"baseAbility\":\"sapsipper\",\"item\":\"eviolite\",\"pokeball\":\"pokeball\",\"ability\":\"sapsipper\",\"commanding\":false,\"reviving\":false,\"teraType\":\"Psychic\",\"terastallized\":\"\"},{\"ident\":\"p1: Okidogi\",\"details\":\"Okidogi, L77, M\",\"condition\":\"262/262\",\"active\":false,\"stats\":{\"atk\":242,\"def\":222,\"spa\":134,\"spd\":177,\"spe\":168},\"moves\":[\"knockoff\",\"highhorsepower\",\"drainpunch\",\"gunkshot\"],\"baseAbility\":\"toxicchain\",\"item\":\"assaultvest\",\"pokeball\":\"pokeball\",\"ability\":\"toxicchain\",\"commanding\":false,\"reviving\":false,\"teraType\":\"Dark\",\"terastallized\":\"\"},{\"ident\":\"p1: Sawsbuck\",\"details\":\"Sawsbuck-Summer, L88, F\",\"condition\":\"284/284\",\"active\":false,\"stats\":{\"atk\":226,\"def\":173,\"spa\":156,\"spd\":173,\"spe\":217},\"moves\":[\"doubleedge\",\"hornleech\",\"highhorsepower\",\"swordsdance\"],\"baseAbility\":\"sapsipper\",\"item\":\"lifeorb\",\"pokeball\":\"pokeball\",\"ability\":\"sapsipper\",\"commanding\":false,\"reviving\":false,\"teraType\":\"Normal\",\"terastallized\":\"\"}]},\"rqid\":10}\n|\n|t:|1783391708\n|switch|p2a: Kommo-o|Kommo-o, L77, M|100/100\n|turn|5\n|request|{\"active\":[{\"moves\":[{\"move\":\"Thunderbolt\",\"id\":\"thunderbolt\",\"pp\":22,\"maxpp\":24,\"target\":\"normal\",\"disabled\":false},{\"move\":\"Muddy Water\",\"id\":\"muddywater\",\"pp\":16,\"maxpp\":16,\"target\":\"allAdjacentFoes\",\"disabled\":false},{\"move\":\"Slack Off\",\"id\":\"slackoff\",\"pp\":7,\"maxpp\":8,\"target\":\"self\",\"disabled\":false},{\"move\":\"Toxic\",\"id\":\"toxic\",\"pp\":15,\"maxpp\":16,\"target\":\"normal\",\"disabled\":false}],\"canTerastallize\":\"Electric\"}],\"side\":{\"name\":\"p0x0519161\",\"id\":\"p1\",\"pokemon\":[{\"ident\":\"p1: Bellibolt\",\"details\":\"Bellibolt, L84, M\",\"condition\":\"206/320\",\"active\":true,\"stats\":{\"atk\":112,\"def\":201,\"spa\":221,\"spd\":188,\"spe\":124},\"moves\":[\"thunderbolt\",\"muddywater\",\"slackoff\",\"toxic\"],\"baseAbility\":\"electromorphosis\",\"item\":\"\",\"pokeball\":\"pokeball\",\"ability\":\"electromorphosis\",\"commanding\":false,\"reviving\":false,\"teraType\":\"Electric\",\"terastallized\":\"\"},{\"ident\":\"p1: Quaquaval\",\"details\":\"Quaquaval, L79, M\",\"condition\":\"264/264\",\"active\":false,\"stats\":{\"atk\":235,\"def\":172,\"spa\":180,\"spd\":164,\"spe\":180},\"moves\":[\"closecombat\",\"aquastep\",\"swordsdance\",\"knockoff\"],\"baseAbility\":\"moxie\",\"item\":\"lifeorb\",\"pokeball\":\"pokeball\",\"ability\":\"moxie\",\"commanding\":false,\"reviving\":false,\"teraType\":\"Steel\",\"terastallized\":\"\"},{\"ident\":\"p1: Flutter Mane\",\"details\":\"Flutter Mane, L74\",\"condition\":\"203/203\",\"active\":false,\"stats\":{\"atk\":86,\"def\":124,\"spa\":243,\"spd\":243,\"spe\":243},\"moves\":[\"moonblast\",\"thunderbolt\",\"mysticalfire\",\"shadowball\"],\"baseAbility\":\"protosynthesis\",\"item\":\"choicespecs\",\"pokeball\":\"pokeball\",\"ability\":\"protosynthesis\",\"commanding\":false,\"reviving\":false,\"teraType\":\"Fairy\",\"terastallized\":\"\"},{\"ident\":\"p1: Girafarig\",\"details\":\"Girafarig, L89, M\",\"condition\":\"269/269\",\"active\":false,\"stats\":{\"atk\":147,\"def\":166,\"spa\":211,\"spd\":166,\"spe\":202},\"moves\":[\"shadowball\",\"dazzlinggleam\",\"psyshock\",\"nastyplot\"],\"baseAbility\":\"sapsipper\",\"item\":\"eviolite\",\"pokeball\":\"pokeball\",\"ability\":\"sapsipper\",\"commanding\":false,\"reviving\":false,\"teraType\":\"Psychic\",\"terastallized\":\"\"},{\"ident\":\"p1: Okidogi\",\"details\":\"Okidogi, L77, M\",\"condition\":\"262/262\",\"active\":false,\"stats\":{\"atk\":242,\"def\":222,\"spa\":134,\"spd\":177,\"spe\":168},\"moves\":[\"knockoff\",\"highhorsepower\",\"drainpunch\",\"gunkshot\"],\"baseAbility\":\"toxicchain\",\"item\":\"assaultvest\",\"pokeball\":\"pokeball\",\"ability\":\"toxicchain\",\"commanding\":false,\"reviving\":false,\"teraType\":\"Dark\",\"terastallized\":\"\"},{\"ident\":\"p1: Sawsbuck\",\"details\":\"Sawsbuck-Summer, L88, F\",\"condition\":\"284/284\",\"active\":false,\"stats\":{\"atk\":226,\"def\":173,\"spa\":156,\"spd\":173,\"spe\":217},\"moves\":[\"doubleedge\",\"hornleech\",\"highhorsepower\",\"swordsdance\"],\"baseAbility\":\"sapsipper\",\"item\":\"lifeorb\",\"pokeball\":\"pokeball\",\"ability\":\"sapsipper\",\"commanding\":false,\"reviving\":false,\"teraType\":\"Normal\",\"terastallized\":\"\"}]},\"rqid\":12}\n|inactive|Time left: 300 sec this turn | 300 sec total\n|\n|t:|1783391708\n|move|p2a: Kommo-o|Clangorous Soul|p2a: Kommo-o\n|-boost|p2a: Kommo-o|atk|1\n|-boost|p2a: Kommo-o|def|1\n|-boost|p2a: Kommo-o|spa|1\n|-boost|p2a: Kommo-o|spd|1\n|-boost|p2a: Kommo-o|spe|1\n|-damage|p2a: Kommo-o|68/100\n|-enditem|p2a: Kommo-o|Throat Spray\n|-boost|p2a: Kommo-o|spa|1|[from] item: Throat Spray\n|move|p1a: Bellibolt|Thunderbolt|p2a: Kommo-o\n|-resisted|p2a: Kommo-o\n|-damage|p2a: Kommo-o|41/100\n|-end|p1a: Bellibolt|Charge|[silent]\n|\n|upkeep\n|turn|6\n|request|{\"active\":[{\"moves\":[{\"move\":\"Thunderbolt\",\"id\":\"thunderbolt\",\"pp\":21,\"maxpp\":24,\"target\":\"normal\",\"disabled\":false},{\"move\":\"Muddy Water\",\"id\":\"muddywater\",\"pp\":16,\"maxpp\":16,\"target\":\"allAdjacentFoes\",\"disabled\":false},{\"move\":\"Slack Off\",\"id\":\"slackoff\",\"pp\":7,\"maxpp\":8,\"target\":\"self\",\"disabled\":false},{\"move\":\"Toxic\",\"id\":\"toxic\",\"pp\":15,\"maxpp\":16,\"target\":\"normal\",\"disabled\":false}],\"canTerastallize\":\"Electric\"}],\"side\":{\"name\":\"p0x0519161\",\"id\":\"p1\",\"pokemon\":[{\"ident\":\"p1: Bellibolt\",\"details\":\"Bellibolt, L84, M\",\"condition\":\"206/320\",\"active\":true,\"stats\":{\"atk\":112,\"def\":201,\"spa\":221,\"spd\":188,\"spe\":124},\"moves\":[\"thunderbolt\",\"muddywater\",\"slackoff\",\"toxic\"],\"baseAbility\":\"electromorphosis\",\"item\":\"\",\"pokeball\":\"pokeball\",\"ability\":\"electromorphosis\",\"commanding\":false,\"reviving\":false,\"teraType\":\"Electric\",\"terastallized\":\"\"},{\"ident\":\"p1: Quaquaval\",\"details\":\"Quaquaval, L79, M\",\"condition\":\"264/264\",\"active\":false,\"stats\":{\"atk\":235,\"def\":172,\"spa\":180,\"spd\":164,\"spe\":180},\"moves\":[\"closecombat\",\"aquastep\",\"swordsdance\",\"knockoff\"],\"baseAbility\":\"moxie\",\"item\":\"lifeorb\",\"pokeball\":\"pokeball\",\"ability\":\"moxie\",\"commanding\":false,\"reviving\":false,\"teraType\":\"Steel\",\"terastallized\":\"\"},{\"ident\":\"p1: Flutter Mane\",\"details\":\"Flutter Mane, L74\",\"condition\":\"203/203\",\"active\":false,\"stats\":{\"atk\":86,\"def\":124,\"spa\":243,\"spd\":243,\"spe\":243},\"moves\":[\"moonblast\",\"thunderbolt\",\"mysticalfire\",\"shadowball\"],\"baseAbility\":\"protosynthesis\",\"item\":\"choicespecs\",\"pokeball\":\"pokeball\",\"ability\":\"protosynthesis\",\"commanding\":false,\"reviving\":false,\"teraType\":\"Fairy\",\"terastallized\":\"\"},{\"ident\":\"p1: Girafarig\",\"details\":\"Girafarig, L89, M\",\"condition\":\"269/269\",\"active\":false,\"stats\":{\"atk\":147,\"def\":166,\"spa\":211,\"spd\":166,\"spe\":202},\"moves\":[\"shadowball\",\"dazzlinggleam\",\"psyshock\",\"nastyplot\"],\"baseAbility\":\"sapsipper\",\"item\":\"eviolite\",\"pokeball\":\"pokeball\",\"ability\":\"sapsipper\",\"commanding\":false,\"reviving\":false,\"teraType\":\"Psychic\",\"terastallized\":\"\"},{\"ident\":\"p1: Okidogi\",\"details\":\"Okidogi, L77, M\",\"condition\":\"262/262\",\"active\":false,\"stats\":{\"atk\":242,\"def\":222,\"spa\":134,\"spd\":177,\"spe\":168},\"moves\":[\"knockoff\",\"highhorsepower\",\"drainpunch\",\"gunkshot\"],\"baseAbility\":\"toxicchain\",\"item\":\"assaultvest\",\"pokeball\":\"pokeball\",\"ability\":\"toxicchain\",\"commanding\":false,\"reviving\":false,\"teraType\":\"Dark\",\"terastallized\":\"\"},{\"ident\":\"p1: Sawsbuck\",\"details\":\"Sawsbuck-Summer, L88, F\",\"condition\":\"284/284\",\"active\":false,\"stats\":{\"atk\":226,\"def\":173,\"spa\":156,\"spd\":173,\"spe\":217},\"moves\":[\"doubleedge\",\"hornleech\",\"highhorsepower\",\"swordsdance\"],\"baseAbility\":\"sapsipper\",\"item\":\"lifeorb\",\"pokeball\":\"pokeball\",\"ability\":\"sapsipper\",\"commanding\":false,\"reviving\":false,\"teraType\":\"Normal\",\"terastallized\":\"\"}]},\"rqid\":14}\n|inactive|Time left: 300 sec this turn | 300 sec total\n|\n|t:|1783391709\n|switch|p1a: Flutter Mane|Flutter Mane, L74|203/203\n|-activate|p1a: Flutter Mane|move: Sticky Web\n|-unboost|p1a: Flutter Mane|spe|1\n|move|p2a: Kommo-o|Drain Punch|p1a: Flutter Mane\n|-immune|p1a: Flutter Mane\n|\n|upkeep\n|turn|7\n|request|{\"active\":[{\"moves\":[{\"move\":\"Moonblast\",\"id\":\"moonblast\",\"pp\":24,\"maxpp\":24,\"target\":\"normal\",\"disabled\":false},{\"move\":\"Thunderbolt\",\"id\":\"thunderbolt\",\"pp\":24,\"maxpp\":24,\"target\":\"normal\",\"disabled\":false},{\"move\":\"Mystical Fire\",\"id\":\"mysticalfire\",\"pp\":16,\"maxpp\":16,\"target\":\"normal\",\"disabled\":false},{\"move\":\"Shadow Ball\",\"id\":\"shadowball\",\"pp\":24,\"maxpp\":24,\"target\":\"normal\",\"disabled\":false}],\"canTerastallize\":\"Fairy\"}],\"side\":{\"name\":\"p0x0519161\",\"id\":\"p1\",\"pokemon\":[{\"ident\":\"p1: Flutter Mane\",\"details\":\"Flutter Mane, L74\",\"condition\":\"203/203\",\"active\":true,\"stats\":{\"atk\":86,\"def\":124,\"spa\":243,\"spd\":243,\"spe\":243},\"moves\":[\"moonblast\",\"thunderbolt\",\"mysticalfire\",\"shadowball\"],\"baseAbility\":\"protosynthesis\",\"item\":\"choicespecs\",\"pokeball\":\"pokeball\",\"ability\":\"protosynthesis\",\"commanding\":false,\"reviving\":false,\"teraType\":\"Fairy\",\"terastallized\":\"\"},{\"ident\":\"p1: Quaquaval\",\"details\":\"Quaquaval, L79, M\",\"condition\":\"264/264\",\"active\":false,\"stats\":{\"atk\":235,\"def\":172,\"spa\":180,\"spd\":164,\"spe\":180},\"moves\":[\"closecombat\",\"aquastep\",\"swordsdance\",\"knockoff\"],\"baseAbility\":\"moxie\",\"item\":\"lifeorb\",\"pokeball\":\"pokeball\",\"ability\":\"moxie\",\"commanding\":false,\"reviving\":false,\"teraType\":\"Steel\",\"terastallized\":\"\"},{\"ident\":\"p1: Bellibolt\",\"details\":\"Bellibolt, L84, M\",\"condition\":\"206/320\",\"active\":false,\"stats\":{\"atk\":112,\"def\":201,\"spa\":221,\"spd\":188,\"spe\":124},\"moves\":[\"thunderbolt\",\"muddywater\",\"slackoff\",\"toxic\"],\"baseAbility\":\"electromorphosis\",\"item\":\"\",\"pokeball\":\"pokeball\",\"ability\":\"electromorphosis\",\"commanding\":false,\"reviving\":false,\"teraType\":\"Electric\",\"terastallized\":\"\"},{\"ident\":\"p1: Girafarig\",\"details\":\"Girafarig, L89, M\",\"condition\":\"269/269\",\"active\":false,\"stats\":{\"atk\":147,\"def\":166,\"spa\":211,\"spd\":166,\"spe\":202},\"moves\":[\"shadowball\",\"dazzlinggleam\",\"psyshock\",\"nastyplot\"],\"baseAbility\":\"sapsipper\",\"item\":\"eviolite\",\"pokeball\":\"pokeball\",\"ability\":\"sapsipper\",\"commanding\":false,\"reviving\":false,\"teraType\":\"Psychic\",\"terastallized\":\"\"},{\"ident\":\"p1: Okidogi\",\"details\":\"Okidogi, L77, M\",\"condition\":\"262/262\",\"active\":false,\"stats\":{\"atk\":242,\"def\":222,\"spa\":134,\"spd\":177,\"spe\":168},\"moves\":[\"knockoff\",\"highhorsepower\",\"drainpunch\",\"gunkshot\"],\"baseAbility\":\"toxicchain\",\"item\":\"assaultvest\",\"pokeball\":\"pokeball\",\"ability\":\"toxicchain\",\"commanding\":false,\"reviving\":false,\"teraType\":\"Dark\",\"terastallized\":\"\"},{\"ident\":\"p1: Sawsbuck\",\"details\":\"Sawsbuck-Summer, L88, F\",\"condition\":\"284/284\",\"active\":false,\"stats\":{\"atk\":226,\"def\":173,\"spa\":156,\"spd\":173,\"spe\":217},\"moves\":[\"doubleedge\",\"hornleech\",\"highhorsepower\",\"swordsdance\"],\"baseAbility\":\"sapsipper\",\"item\":\"lifeorb\",\"pokeball\":\"pokeball\",\"ability\":\"sapsipper\",\"commanding\":false,\"reviving\":false,\"teraType\":\"Normal\",\"terastallized\":\"\"}]},\"rqid\":16}\n|inactive|Time left: 300 sec this turn | 300 sec total\n|\n|t:|1783391709\n|-end|p1a: Flutter Mane|Protosynthesis|[silent]\n|switch|p1a: Girafarig|Girafarig, L89, M|269/269\n|-activate|p1a: Girafarig|move: Sticky Web\n|-unboost|p1a: Girafarig|spe|1\n|move|p2a: Kommo-o|Iron Head|p1a: Girafarig\n|-damage|p1a: Girafarig|207/269\n|\n|upkeep\n|turn|8\n|request|{\"active\":[{\"moves\":[{\"move\":\"Shadow Ball\",\"id\":\"shadowball\",\"pp\":24,\"maxpp\":24,\"target\":\"normal\",\"disabled\":false},{\"move\":\"Dazzling Gleam\",\"id\":\"dazzlinggleam\",\"pp\":16,\"maxpp\":16,\"target\":\"allAdjacentFoes\",\"disabled\":false},{\"move\":\"Psyshock\",\"id\":\"psyshock\",\"pp\":16,\"maxpp\":16,\"target\":\"normal\",\"disabled\":false},{\"move\":\"Nasty Plot\",\"id\":\"nastyplot\",\"pp\":32,\"maxpp\":32,\"target\":\"self\",\"disabled\":false}],\"canTerastallize\":\"Psychic\"}],\"side\":{\"name\":\"p0x0519161\",\"id\":\"p1\",\"pokemon\":[{\"ident\":\"p1: Girafarig\",\"details\":\"Girafarig, L89, M\",\"condition\":\"207/269\",\"active\":true,\"stats\":{\"atk\":147,\"def\":166,\"spa\":211,\"spd\":166,\"spe\":202},\"moves\":[\"shadowball\",\"dazzlinggleam\",\"psyshock\",\"nastyplot\"],\"baseAbility\":\"sapsipper\",\"item\":\"eviolite\",\"pokeball\":\"pokeball\",\"ability\":\"sapsipper\",\"commanding\":false,\"reviving\":false,\"teraType\":\"Psychic\",\"terastallized\":\"\"},{\"ident\":\"p1: Quaquaval\",\"details\":\"Quaquaval, L79, M\",\"condition\":\"264/264\",\"active\":false,\"stats\":{\"atk\":235,\"def\":172,\"spa\":180,\"spd\":164,\"spe\":180},\"moves\":[\"closecombat\",\"aquastep\",\"swordsdance\",\"knockoff\"],\"baseAbility\":\"moxie\",\"item\":\"lifeorb\",\"pokeball\":\"pokeball\",\"ability\":\"moxie\",\"commanding\":false,\"reviving\":false,\"teraType\":\"Steel\",\"terastallized\":\"\"},{\"ident\":\"p1: Bellibolt\",\"details\":\"Bellibolt, L84, M\",\"condition\":\"206/320\",\"active\":false,\"stats\":{\"atk\":112,\"def\":201,\"spa\":221,\"spd\":188,\"spe\":124},\"moves\":[\"thunderbolt\",\"muddywater\",\"slackoff\",\"toxic\"],\"baseAbility\":\"electromorphosis\",\"item\":\"\",\"pokeball\":\"pokeball\",\"ability\":\"electromorphosis\",\"commanding\":false,\"reviving\":false,\"teraType\":\"Electric\",\"terastallized\":\"\"},{\"ident\":\"p1: Flutter Mane\",\"details\":\"Flutter Mane, L74\",\"condition\":\"203/203\",\"active\":false,\"stats\":{\"atk\":86,\"def\":124,\"spa\":243,\"spd\":243,\"spe\":243},\"moves\":[\"moonblast\",\"thunderbolt\",\"mysticalfire\",\"shadowball\"],\"baseAbility\":\"protosynthesis\",\"item\":\"choicespecs\",\"pokeball\":\"pokeball\",\"ability\":\"protosynthesis\",\"commanding\":false,\"reviving\":false,\"teraType\":\"Fairy\",\"terastallized\":\"\"},{\"ident\":\"p1: Okidogi\",\"details\":\"Okidogi, L77, M\",\"condition\":\"262/262\",\"active\":false,\"stats\":{\"atk\":242,\"def\":222,\"spa\":134,\"spd\":177,\"spe\":168},\"moves\":[\"knockoff\",\"highhorsepower\",\"drainpunch\",\"gunkshot\"],\"baseAbility\":\"toxicchain\",\"item\":\"assaultvest\",\"pokeball\":\"pokeball\",\"ability\":\"toxicchain\",\"commanding\":false,\"reviving\":false,\"teraType\":\"Dark\",\"terastallized\":\"\"},{\"ident\":\"p1: Sawsbuck\",\"details\":\"Sawsbuck-Summer, L88, F\",\"condition\":\"284/284\",\"active\":false,\"stats\":{\"atk\":226,\"def\":173,\"spa\":156,\"spd\":173,\"spe\":217},\"moves\":[\"doubleedge\",\"hornleech\",\"highhorsepower\",\"swordsdance\"],\"baseAbility\":\"sapsipper\",\"item\":\"lifeorb\",\"pokeball\":\"pokeball\",\"ability\":\"sapsipper\",\"commanding\":false,\"reviving\":false,\"teraType\":\"Normal\",\"terastallized\":\"\"}]},\"rqid\":18}\n|inactive|Time left: 300 sec this turn | 300 sec total\n|\n|t:|1783391709\n|move|p2a: Kommo-o|Drain Punch|p1a: Girafarig\n|-damage|p1a: Girafarig|116/269\n|-heal|p2a: Kommo-o|60/100|[from] drain|[of] p1a: Girafarig\n|move|p1a: Girafarig|Dazzling Gleam|p2a: Kommo-o\n|-supereffective|p2a: Kommo-o\n|-damage|p2a: Kommo-o|0 fnt\n|faint|p2a: Kommo-o\n|\n|upkeep\n|request|{\"wait\":true,\"side\":{\"name\":\"p0x0519161\",\"id\":\"p1\",\"pokemon\":[{\"ident\":\"p1: Girafarig\",\"details\":\"Girafarig, L89, M\",\"condition\":\"116/269\",\"active\":true,\"stats\":{\"atk\":147,\"def\":166,\"spa\":211,\"spd\":166,\"spe\":202},\"moves\":[\"shadowball\",\"dazzlinggleam\",\"psyshock\",\"nastyplot\"],\"baseAbility\":\"sapsipper\",\"item\":\"eviolite\",\"pokeball\":\"pokeball\",\"ability\":\"sapsipper\",\"commanding\":false,\"reviving\":false,\"teraType\":\"Psychic\",\"terastallized\":\"\"},{\"ident\":\"p1: Quaquaval\",\"details\":\"Quaquaval, L79, M\",\"condition\":\"264/264\",\"active\":false,\"stats\":{\"atk\":235,\"def\":172,\"spa\":180,\"spd\":164,\"spe\":180},\"moves\":[\"closecombat\",\"aquastep\",\"swordsdance\",\"knockoff\"],\"baseAbility\":\"moxie\",\"item\":\"lifeorb\",\"pokeball\":\"pokeball\",\"ability\":\"moxie\",\"commanding\":false,\"reviving\":false,\"teraType\":\"Steel\",\"terastallized\":\"\"},{\"ident\":\"p1: Bellibolt\",\"details\":\"Bellibolt, L84, M\",\"condition\":\"206/320\",\"active\":false,\"stats\":{\"atk\":112,\"def\":201,\"spa\":221,\"spd\":188,\"spe\":124},\"moves\":[\"thunderbolt\",\"muddywater\",\"slackoff\",\"toxic\"],\"baseAbility\":\"electromorphosis\",\"item\":\"\",\"pokeball\":\"pokeball\",\"ability\":\"electromorphosis\",\"commanding\":false,\"reviving\":false,\"teraType\":\"Electric\",\"terastallized\":\"\"},{\"ident\":\"p1: Flutter Mane\",\"details\":\"Flutter Mane, L74\",\"condition\":\"203/203\",\"active\":false,\"stats\":{\"atk\":86,\"def\":124,\"spa\":243,\"spd\":243,\"spe\":243},\"moves\":[\"moonblast\",\"thunderbolt\",\"mysticalfire\",\"shadowball\"],\"baseAbility\":\"protosynthesis\",\"item\":\"choicespecs\",\"pokeball\":\"pokeball\",\"ability\":\"protosynthesis\",\"commanding\":false,\"reviving\":false,\"teraType\":\"Fairy\",\"terastallized\":\"\"},{\"ident\":\"p1: Okidogi\",\"details\":\"Okidogi, L77, M\",\"condition\":\"262/262\",\"active\":false,\"stats\":{\"atk\":242,\"def\":222,\"spa\":134,\"spd\":177,\"spe\":168},\"moves\":[\"knockoff\",\"highhorsepower\",\"drainpunch\",\"gunkshot\"],\"baseAbility\":\"toxicchain\",\"item\":\"assaultvest\",\"pokeball\":\"pokeball\",\"ability\":\"toxicchain\",\"commanding\":false,\"reviving\":false,\"teraType\":\"Dark\",\"terastallized\":\"\"},{\"ident\":\"p1: Sawsbuck\",\"details\":\"Sawsbuck-Summer, L88, F\",\"condition\":\"284/284\",\"active\":false,\"stats\":{\"atk\":226,\"def\":173,\"spa\":156,\"spd\":173,\"spe\":217},\"moves\":[\"doubleedge\",\"hornleech\",\"highhorsepower\",\"swordsdance\"],\"baseAbility\":\"sapsipper\",\"item\":\"lifeorb\",\"pokeball\":\"pokeball\",\"ability\":\"sapsipper\",\"commanding\":false,\"reviving\":false,\"teraType\":\"Normal\",\"terastallized\":\"\"}]},\"rqid\":20}\n|\n|t:|1783391709\n|switch|p2a: Garganacl|Garganacl, L80, F|100/100\n|turn|9\n|request|{\"active\":[{\"moves\":[{\"move\":\"Shadow Ball\",\"id\":\"shadowball\",\"pp\":24,\"maxpp\":24,\"target\":\"normal\",\"disabled\":false},{\"move\":\"Dazzling Gleam\",\"id\":\"dazzlinggleam\",\"pp\":15,\"maxpp\":16,\"target\":\"allAdjacentFoes\",\"disabled\":false},{\"move\":\"Psyshock\",\"id\":\"psyshock\",\"pp\":16,\"maxpp\":16,\"target\":\"normal\",\"disabled\":false},{\"move\":\"Nasty Plot\",\"id\":\"nastyplot\",\"pp\":32,\"maxpp\":32,\"target\":\"self\",\"disabled\":false}],\"canTerastallize\":\"Psychic\"}],\"side\":{\"name\":\"p0x0519161\",\"id\":\"p1\",\"pokemon\":[{\"ident\":\"p1: Girafarig\",\"details\":\"Girafarig, L89, M\",\"condition\":\"116/269\",\"active\":true,\"stats\":{\"atk\":147,\"def\":166,\"spa\":211,\"spd\":166,\"spe\":202},\"moves\":[\"shadowball\",\"dazzlinggleam\",\"psyshock\",\"nastyplot\"],\"baseAbility\":\"sapsipper\",\"item\":\"eviolite\",\"pokeball\":\"pokeball\",\"ability\":\"sapsipper\",\"commanding\":false,\"reviving\":false,\"teraType\":\"Psychic\",\"terastallized\":\"\"},{\"ident\":\"p1: Quaquaval\",\"details\":\"Quaquaval, L79, M\",\"condition\":\"264/264\",\"active\":false,\"stats\":{\"atk\":235,\"def\":172,\"spa\":180,\"spd\":164,\"spe\":180},\"moves\":[\"closecombat\",\"aquastep\",\"swordsdance\",\"knockoff\"],\"baseAbility\":\"moxie\",\"item\":\"lifeorb\",\"pokeball\":\"pokeball\",\"ability\":\"moxie\",\"commanding\":false,\"reviving\":false,\"teraType\":\"Steel\",\"terastallized\":\"\"},{\"ident\":\"p1: Bellibolt\",\"details\":\"Bellibolt, L84, M\",\"condition\":\"206/320\",\"active\":false,\"stats\":{\"atk\":112,\"def\":201,\"spa\":221,\"spd\":188,\"spe\":124},\"moves\":[\"thunderbolt\",\"muddywater\",\"slackoff\",\"toxic\"],\"baseAbility\":\"electromorphosis\",\"item\":\"\",\"pokeball\":\"pokeball\",\"ability\":\"electromorphosis\",\"commanding\":false,\"reviving\":false,\"teraType\":\"Electric\",\"terastallized\":\"\"},{\"ident\":\"p1: Flutter Mane\",\"details\":\"Flutter Mane, L74\",\"condition\":\"203/203\",\"active\":false,\"stats\":{\"atk\":86,\"def\":124,\"spa\":243,\"spd\":243,\"spe\":243},\"moves\":[\"moonblast\",\"thunderbolt\",\"mysticalfire\",\"shadowball\"],\"baseAbility\":\"protosynthesis\",\"item\":\"choicespecs\",\"pokeball\":\"pokeball\",\"ability\":\"protosynthesis\",\"commanding\":false,\"reviving\":false,\"teraType\":\"Fairy\",\"terastallized\":\"\"},{\"ident\":\"p1: Okidogi\",\"details\":\"Okidogi, L77, M\",\"condition\":\"262/262\",\"active\":false,\"stats\":{\"atk\":242,\"def\":222,\"spa\":134,\"spd\":177,\"spe\":168},\"moves\":[\"knockoff\",\"highhorsepower\",\"drainpunch\",\"gunkshot\"],\"baseAbility\":\"toxicchain\",\"item\":\"assaultvest\",\"pokeball\":\"pokeball\",\"ability\":\"toxicchain\",\"commanding\":false,\"reviving\":false,\"teraType\":\"Dark\",\"terastallized\":\"\"},{\"ident\":\"p1: Sawsbuck\",\"details\":\"Sawsbuck-Summer, L88, F\",\"condition\":\"284/284\",\"active\":false,\"stats\":{\"atk\":226,\"def\":173,\"spa\":156,\"spd\":173,\"spe\":217},\"moves\":[\"doubleedge\",\"hornleech\",\"highhorsepower\",\"swordsdance\"],\"baseAbility\":\"sapsipper\",\"item\":\"lifeorb\",\"pokeball\":\"pokeball\",\"ability\":\"sapsipper\",\"commanding\":false,\"reviving\":false,\"teraType\":\"Normal\",\"terastallized\":\"\"}]},\"rqid\":22}\n|inactive|Time left: 300 sec this turn | 300 sec total\n|\n|t:|1783391710\n|move|p1a: Girafarig|Nasty Plot|p1a: Girafarig\n|-boost|p1a: Girafarig|spa|2\n|move|p2a: Garganacl|Salt Cure|p1a: Girafarig\n|-damage|p1a: Girafarig|83/269\n|-start|p1a: Girafarig|Salt Cure\n|\n|-damage|p1a: Girafarig|50/269|[from] Salt Cure\n|upkeep\n|turn|10\n|request|{\"active\":[{\"moves\":[{\"move\":\"Shadow Ball\",\"id\":\"shadowball\",\"pp\":24,\"maxpp\":24,\"target\":\"normal\",\"disabled\":false},{\"move\":\"Dazzling Gleam\",\"id\":\"dazzlinggleam\",\"pp\":15,\"maxpp\":16,\"target\":\"allAdjacentFoes\",\"disabled\":false},{\"move\":\"Psyshock\",\"id\":\"psyshock\",\"pp\":16,\"maxpp\":16,\"target\":\"normal\",\"disabled\":false},{\"move\":\"Nasty Plot\",\"id\":\"nastyplot\",\"pp\":31,\"maxpp\":32,\"target\":\"self\",\"disabled\":false}],\"canTerastallize\":\"Psychic\"}],\"side\":{\"name\":\"p0x0519161\",\"id\":\"p1\",\"pokemon\":[{\"ident\":\"p1: Girafarig\",\"details\":\"Girafarig, L89, M\",\"condition\":\"50/269\",\"active\":true,\"stats\":{\"atk\":147,\"def\":166,\"spa\":211,\"spd\":166,\"spe\":202},\"moves\":[\"shadowball\",\"dazzlinggleam\",\"psyshock\",\"nastyplot\"],\"baseAbility\":\"sapsipper\",\"item\":\"eviolite\",\"pokeball\":\"pokeball\",\"ability\":\"sapsipper\",\"commanding\":false,\"reviving\":false,\"teraType\":\"Psychic\",\"terastallized\":\"\"},{\"ident\":\"p1: Quaquaval\",\"details\":\"Quaquaval, L79, M\",\"condition\":\"264/264\",\"active\":false,\"stats\":{\"atk\":235,\"def\":172,\"spa\":180,\"spd\":164,\"spe\":180},\"moves\":[\"closecombat\",\"aquastep\",\"swordsdance\",\"knockoff\"],\"baseAbility\":\"moxie\",\"item\":\"lifeorb\",\"pokeball\":\"pokeball\",\"ability\":\"moxie\",\"commanding\":false,\"reviving\":false,\"teraType\":\"Steel\",\"terastallized\":\"\"},{\"ident\":\"p1: Bellibolt\",\"details\":\"Bellibolt, L84, M\",\"condition\":\"206/320\",\"active\":false,\"stats\":{\"atk\":112,\"def\":201,\"spa\":221,\"spd\":188,\"spe\":124},\"moves\":[\"thunderbolt\",\"muddywater\",\"slackoff\",\"toxic\"],\"baseAbility\":\"electromorphosis\",\"item\":\"\",\"pokeball\":\"pokeball\",\"ability\":\"electromorphosis\",\"commanding\":false,\"reviving\":false,\"teraType\":\"Electric\",\"terastallized\":\"\"},{\"ident\":\"p1: Flutter Mane\",\"details\":\"Flutter Mane, L74\",\"condition\":\"203/203\",\"active\":false,\"stats\":{\"atk\":86,\"def\":124,\"spa\":243,\"spd\":243,\"spe\":243},\"moves\":[\"moonblast\",\"thunderbolt\",\"mysticalfire\",\"shadowball\"],\"baseAbility\":\"protosynthesis\",\"item\":\"choicespecs\",\"pokeball\":\"pokeball\",\"ability\":\"protosynthesis\",\"commanding\":false,\"reviving\":false,\"teraType\":\"Fairy\",\"terastallized\":\"\"},{\"ident\":\"p1: Okidogi\",\"details\":\"Okidogi, L77, M\",\"condition\":\"262/262\",\"active\":false,\"stats\":{\"atk\":242,\"def\":222,\"spa\":134,\"spd\":177,\"spe\":168},\"moves\":[\"knockoff\",\"highhorsepower\",\"drainpunch\",\"gunkshot\"],\"baseAbility\":\"toxicchain\",\"item\":\"assaultvest\",\"pokeball\":\"pokeball\",\"ability\":\"toxicchain\",\"commanding\":false,\"reviving\":false,\"teraType\":\"Dark\",\"terastallized\":\"\"},{\"ident\":\"p1: Sawsbuck\",\"details\":\"Sawsbuck-Summer, L88, F\",\"condition\":\"284/284\",\"active\":false,\"stats\":{\"atk\":226,\"def\":173,\"spa\":156,\"spd\":173,\"spe\":217},\"moves\":[\"doubleedge\",\"hornleech\",\"highhorsepower\",\"swordsdance\"],\"baseAbility\":\"sapsipper\",\"item\":\"lifeorb\",\"pokeball\":\"pokeball\",\"ability\":\"sapsipper\",\"commanding\":false,\"reviving\":false,\"teraType\":\"Normal\",\"terastallized\":\"\"}]},\"rqid\":24}\n|inactive|Time left: 300 sec this turn | 300 sec total\n|\n|t:|1783391710\n|move|p1a: Girafarig|Psyshock|p2a: Garganacl\n|-damage|p2a: Garganacl|50/100\n|move|p2a: Garganacl|Salt Cure|p1a: Girafarig\n|-crit|p1a: Girafarig\n|-damage|p1a: Girafarig|0 fnt\n|faint|p1a: Girafarig\n|\n|-heal|p2a: Garganacl|56/100|[from] item: Leftovers\n|upkeep\n|request|{\"forceSwitch\":[true],\"side\":{\"name\":\"p0x0519161\",\"id\":\"p1\",\"pokemon\":[{\"ident\":\"p1: Girafarig\",\"details\":\"Girafarig, L89, M\",\"condition\":\"0 fnt\",\"active\":true,\"stats\":{\"atk\":147,\"def\":166,\"spa\":211,\"spd\":166,\"spe\":202},\"moves\":[\"shadowball\",\"dazzlinggleam\",\"psyshock\",\"nastyplot\"],\"baseAbility\":\"sapsipper\",\"item\":\"eviolite\",\"pokeball\":\"pokeball\",\"ability\":\"sapsipper\",\"commanding\":false,\"reviving\":false,\"teraType\":\"Psychic\",\"terastallized\":\"\"},{\"ident\":\"p1: Quaquaval\",\"details\":\"Quaquaval, L79, M\",\"condition\":\"264/264\",\"active\":false,\"stats\":{\"atk\":235,\"def\":172,\"spa\":180,\"spd\":164,\"spe\":180},\"moves\":[\"closecombat\",\"aquastep\",\"swordsdance\",\"knockoff\"],\"baseAbility\":\"moxie\",\"item\":\"lifeorb\",\"pokeball\":\"pokeball\",\"ability\":\"moxie\",\"commanding\":false,\"reviving\":false,\"teraType\":\"Steel\",\"terastallized\":\"\"},{\"ident\":\"p1: Bellibolt\",\"details\":\"Bellibolt, L84, M\",\"condition\":\"206/320\",\"active\":false,\"stats\":{\"atk\":112,\"def\":201,\"spa\":221,\"spd\":188,\"spe\":124},\"moves\":[\"thunderbolt\",\"muddywater\",\"slackoff\",\"toxic\"],\"baseAbility\":\"electromorphosis\",\"item\":\"\",\"pokeball\":\"pokeball\",\"ability\":\"electromorphosis\",\"commanding\":false,\"reviving\":false,\"teraType\":\"Electric\",\"terastallized\":\"\"},{\"ident\":\"p1: Flutter Mane\",\"details\":\"Flutter Mane, L74\",\"condition\":\"203/203\",\"active\":false,\"stats\":{\"atk\":86,\"def\":124,\"spa\":243,\"spd\":243,\"spe\":243},\"moves\":[\"moonblast\",\"thunderbolt\",\"mysticalfire\",\"shadowball\"],\"baseAbility\":\"protosynthesis\",\"item\":\"choicespecs\",\"pokeball\":\"pokeball\",\"ability\":\"protosynthesis\",\"commanding\":false,\"reviving\":false,\"teraType\":\"Fairy\",\"terastallized\":\"\"},{\"ident\":\"p1: Okidogi\",\"details\":\"Okidogi, L77, M\",\"condition\":\"262/262\",\"active\":false,\"stats\":{\"atk\":242,\"def\":222,\"spa\":134,\"spd\":177,\"spe\":168},\"moves\":[\"knockoff\",\"highhorsepower\",\"drainpunch\",\"gunkshot\"],\"baseAbility\":\"toxicchain\",\"item\":\"assaultvest\",\"pokeball\":\"pokeball\",\"ability\":\"toxicchain\",\"commanding\":false,\"reviving\":false,\"teraType\":\"Dark\",\"terastallized\":\"\"},{\"ident\":\"p1: Sawsbuck\",\"details\":\"Sawsbuck-Summer, L88, F\",\"condition\":\"284/284\",\"active\":false,\"stats\":{\"atk\":226,\"def\":173,\"spa\":156,\"spd\":173,\"spe\":217},\"moves\":[\"doubleedge\",\"hornleech\",\"highhorsepower\",\"swordsdance\"],\"baseAbility\":\"sapsipper\",\"item\":\"lifeorb\",\"pokeball\":\"pokeball\",\"ability\":\"sapsipper\",\"commanding\":false,\"reviving\":false,\"teraType\":\"Normal\",\"terastallized\":\"\"}]},\"noCancel\":true,\"rqid\":26}\n|inactive|Time left: 300 sec this turn | 300 sec total | 5 sec grace\n|\n|t:|1783391710\n|switch|p1a: Quaquaval|Quaquaval, L79, M|264/264\n|-activate|p1a: Quaquaval|move: Sticky Web\n|-unboost|p1a: Quaquaval|spe|1\n|turn|11\n|request|{\"active\":[{\"moves\":[{\"move\":\"Close Combat\",\"id\":\"closecombat\",\"pp\":8,\"maxpp\":8,\"target\":\"normal\",\"disabled\":false},{\"move\":\"Aqua Step\",\"id\":\"aquastep\",\"pp\":16,\"maxpp\":16,\"target\":\"normal\",\"disabled\":false},{\"move\":\"Swords Dance\",\"id\":\"swordsdance\",\"pp\":32,\"maxpp\":32,\"target\":\"self\",\"disabled\":false},{\"move\":\"Knock Off\",\"id\":\"knockoff\",\"pp\":32,\"maxpp\":32,\"target\":\"normal\",\"disabled\":false}],\"canTerastallize\":\"Steel\"}],\"side\":{\"name\":\"p0x0519161\",\"id\":\"p1\",\"pokemon\":[{\"ident\":\"p1: Quaquaval\",\"details\":\"Quaquaval, L79, M\",\"condition\":\"264/264\",\"active\":true,\"stats\":{\"atk\":235,\"def\":172,\"spa\":180,\"spd\":164,\"spe\":180},\"moves\":[\"closecombat\",\"aquastep\",\"swordsdance\",\"knockoff\"],\"baseAbility\":\"moxie\",\"item\":\"lifeorb\",\"pokeball\":\"pokeball\",\"ability\":\"moxie\",\"commanding\":false,\"reviving\":false,\"teraType\":\"Steel\",\"terastallized\":\"\"},{\"ident\":\"p1: Girafarig\",\"details\":\"Girafarig, L89, M\",\"condition\":\"0 fnt\",\"active\":false,\"stats\":{\"atk\":147,\"def\":166,\"spa\":211,\"spd\":166,\"spe\":202},\"moves\":[\"shadowball\",\"dazzlinggleam\",\"psyshock\",\"nastyplot\"],\"baseAbility\":\"sapsipper\",\"item\":\"eviolite\",\"pokeball\":\"pokeball\",\"ability\":\"sapsipper\",\"commanding\":false,\"reviving\":false,\"teraType\":\"Psychic\",\"terastallized\":\"\"},{\"ident\":\"p1: Bellibolt\",\"details\":\"Bellibolt, L84, M\",\"condition\":\"206/320\",\"active\":false,\"stats\":{\"atk\":112,\"def\":201,\"spa\":221,\"spd\":188,\"spe\":124},\"moves\":[\"thunderbolt\",\"muddywater\",\"slackoff\",\"toxic\"],\"baseAbility\":\"electromorphosis\",\"item\":\"\",\"pokeball\":\"pokeball\",\"ability\":\"electromorphosis\",\"commanding\":false,\"reviving\":false,\"teraType\":\"Electric\",\"terastallized\":\"\"},{\"ident\":\"p1: Flutter Mane\",\"details\":\"Flutter Mane, L74\",\"condition\":\"203/203\",\"active\":false,\"stats\":{\"atk\":86,\"def\":124,\"spa\":243,\"spd\":243,\"spe\":243},\"moves\":[\"moonblast\",\"thunderbolt\",\"mysticalfire\",\"shadowball\"],\"baseAbility\":\"protosynthesis\",\"item\":\"choicespecs\",\"pokeball\":\"pokeball\",\"ability\":\"protosynthesis\",\"commanding\":false,\"reviving\":false,\"teraType\":\"Fairy\",\"terastallized\":\"\"},{\"ident\":\"p1: Okidogi\",\"details\":\"Okidogi, L77, M\",\"condition\":\"262/262\",\"active\":false,\"stats\":{\"atk\":242,\"def\":222,\"spa\":134,\"spd\":177,\"spe\":168},\"moves\":[\"knockoff\",\"highhorsepower\",\"drainpunch\",\"gunkshot\"],\"baseAbility\":\"toxicchain\",\"item\":\"assaultvest\",\"pokeball\":\"pokeball\",\"ability\":\"toxicchain\",\"commanding\":false,\"reviving\":false,\"teraType\":\"Dark\",\"terastallized\":\"\"},{\"ident\":\"p1: Sawsbuck\",\"details\":\"Sawsbuck-Summer, L88, F\",\"condition\":\"284/284\",\"active\":false,\"stats\":{\"atk\":226,\"def\":173,\"spa\":156,\"spd\":173,\"spe\":217},\"moves\":[\"doubleedge\",\"hornleech\",\"highhorsepower\",\"swordsdance\"],\"baseAbility\":\"sapsipper\",\"item\":\"lifeorb\",\"pokeball\":\"pokeball\",\"ability\":\"sapsipper\",\"commanding\":false,\"reviving\":false,\"teraType\":\"Normal\",\"terastallized\":\"\"}]},\"rqid\":28}\n|inactive|Time left: 300 sec this turn | 300 sec total\n|\n|t:|1783391710\n|-terastallize|p2a: Garganacl|Ghost\n|move|p1a: Quaquaval|Swords Dance|p1a: Quaquaval\n|-boost|p1a: Quaquaval|atk|2\n|move|p2a: Garganacl|Salt Cure|p1a: Quaquaval\n|-resisted|p1a: Quaquaval\n|-damage|p1a: Quaquaval|240/264\n|-start|p1a: Quaquaval|Salt Cure\n|\n|-heal|p2a: Garganacl|62/100|[from] item: Leftovers\n|-damage|p1a: Quaquaval|174/264|[from] Salt Cure\n|upkeep\n|turn|12\n|request|{\"active\":[{\"moves\":[{\"move\":\"Close Combat\",\"id\":\"closecombat\",\"pp\":8,\"maxpp\":8,\"target\":\"normal\",\"disabled\":false},{\"move\":\"Aqua Step\",\"id\":\"aquastep\",\"pp\":16,\"maxpp\":16,\"target\":\"normal\",\"disabled\":false},{\"move\":\"Swords Dance\",\"id\":\"swordsdance\",\"pp\":31,\"maxpp\":32,\"target\":\"self\",\"disabled\":false},{\"move\":\"Knock Off\",\"id\":\"knockoff\",\"pp\":32,\"maxpp\":32,\"target\":\"normal\",\"disabled\":false}],\"canTerastallize\":\"Steel\"}],\"side\":{\"name\":\"p0x0519161\",\"id\":\"p1\",\"pokemon\":[{\"ident\":\"p1: Quaquaval\",\"details\":\"Quaquaval, L79, M\",\"condition\":\"174/264\",\"active\":true,\"stats\":{\"atk\":235,\"def\":172,\"spa\":180,\"spd\":164,\"spe\":180},\"moves\":[\"closecombat\",\"aquastep\",\"swordsdance\",\"knockoff\"],\"baseAbility\":\"moxie\",\"item\":\"lifeorb\",\"pokeball\":\"pokeball\",\"ability\":\"moxie\",\"commanding\":false,\"reviving\":false,\"teraType\":\"Steel\",\"terastallized\":\"\"},{\"ident\":\"p1: Girafarig\",\"details\":\"Girafarig, L89, M\",\"condition\":\"0 fnt\",\"active\":false,\"stats\":{\"atk\":147,\"def\":166,\"spa\":211,\"spd\":166,\"spe\":202},\"moves\":[\"shadowball\",\"dazzlinggleam\",\"psyshock\",\"nastyplot\"],\"baseAbility\":\"sapsipper\",\"item\":\"eviolite\",\"pokeball\":\"pokeball\",\"ability\":\"sapsipper\",\"commanding\":false,\"reviving\":false,\"teraType\":\"Psychic\",\"terastallized\":\"\"},{\"ident\":\"p1: Bellibolt\",\"details\":\"Bellibolt, L84, M\",\"condition\":\"206/320\",\"active\":false,\"stats\":{\"atk\":112,\"def\":201,\"spa\":221,\"spd\":188,\"spe\":124},\"moves\":[\"thunderbolt\",\"muddywater\",\"slackoff\",\"toxic\"],\"baseAbility\":\"electromorphosis\",\"item\":\"\",\"pokeball\":\"pokeball\",\"ability\":\"electromorphosis\",\"commanding\":false,\"reviving\":false,\"teraType\":\"Electric\",\"terastallized\":\"\"},{\"ident\":\"p1: Flutter Mane\",\"details\":\"Flutter Mane, L74\",\"condition\":\"203/203\",\"active\":false,\"stats\":{\"atk\":86,\"def\":124,\"spa\":243,\"spd\":243,\"spe\":243},\"moves\":[\"moonblast\",\"thunderbolt\",\"mysticalfire\",\"shadowball\"],\"baseAbility\":\"protosynthesis\",\"item\":\"choicespecs\",\"pokeball\":\"pokeball\",\"ability\":\"protosynthesis\",\"commanding\":false,\"reviving\":false,\"teraType\":\"Fairy\",\"terastallized\":\"\"},{\"ident\":\"p1: Okidogi\",\"details\":\"Okidogi, L77, M\",\"condition\":\"262/262\",\"active\":false,\"stats\":{\"atk\":242,\"def\":222,\"spa\":134,\"spd\":177,\"spe\":168},\"moves\":[\"knockoff\",\"highhorsepower\",\"drainpunch\",\"gunkshot\"],\"baseAbility\":\"toxicchain\",\"item\":\"assaultvest\",\"pokeball\":\"pokeball\",\"ability\":\"toxicchain\",\"commanding\":false,\"reviving\":false,\"teraType\":\"Dark\",\"terastallized\":\"\"},{\"ident\":\"p1: Sawsbuck\",\"details\":\"Sawsbuck-Summer, L88, F\",\"condition\":\"284/284\",\"active\":false,\"stats\":{\"atk\":226,\"def\":173,\"spa\":156,\"spd\":173,\"spe\":217},\"moves\":[\"doubleedge\",\"hornleech\",\"highhorsepower\",\"swordsdance\"],\"baseAbility\":\"sapsipper\",\"item\":\"lifeorb\",\"pokeball\":\"pokeball\",\"ability\":\"sapsipper\",\"commanding\":false,\"reviving\":false,\"teraType\":\"Normal\",\"terastallized\":\"\"}]},\"rqid\":30}\n|inactive|Time left: 300 sec this turn | 300 sec total\n|\n|t:|1783391711\n|move|p1a: Quaquaval|Knock Off|p2a: Garganacl\n|-supereffective|p2a: Garganacl\n|-damage|p2a: Garganacl|0 fnt\n|-enditem|p2a: Garganacl|Leftovers|[from] move: Knock Off|[of] p1a: Quaquaval\n|faint|p2a: Garganacl\n|-ability|p1a: Quaquaval|Moxie|boost\n|-boost|p1a: Quaquaval|atk|1\n|-damage|p1a: Quaquaval|148/264|[from] item: Life Orb\n|\n|-damage|p1a: Quaquaval|82/264|[from] Salt Cure\n|upkeep\n|request|{\"wait\":true,\"side\":{\"name\":\"p0x0519161\",\"id\":\"p1\",\"pokemon\":[{\"ident\":\"p1: Quaquaval\",\"details\":\"Quaquaval, L79, M\",\"condition\":\"82/264\",\"active\":true,\"stats\":{\"atk\":235,\"def\":172,\"spa\":180,\"spd\":164,\"spe\":180},\"moves\":[\"closecombat\",\"aquastep\",\"swordsdance\",\"knockoff\"],\"baseAbility\":\"moxie\",\"item\":\"lifeorb\",\"pokeball\":\"pokeball\",\"ability\":\"moxie\",\"commanding\":false,\"reviving\":false,\"teraType\":\"Steel\",\"terastallized\":\"\"},{\"ident\":\"p1: Girafarig\",\"details\":\"Girafarig, L89, M\",\"condition\":\"0 fnt\",\"active\":false,\"stats\":{\"atk\":147,\"def\":166,\"spa\":211,\"spd\":166,\"spe\":202},\"moves\":[\"shadowball\",\"dazzlinggleam\",\"psyshock\",\"nastyplot\"],\"baseAbility\":\"sapsipper\",\"item\":\"eviolite\",\"pokeball\":\"pokeball\",\"ability\":\"sapsipper\",\"commanding\":false,\"reviving\":false,\"teraType\":\"Psychic\",\"terastallized\":\"\"},{\"ident\":\"p1: Bellibolt\",\"details\":\"Bellibolt, L84, M\",\"condition\":\"206/320\",\"active\":false,\"stats\":{\"atk\":112,\"def\":201,\"spa\":221,\"spd\":188,\"spe\":124},\"moves\":[\"thunderbolt\",\"muddywater\",\"slackoff\",\"toxic\"],\"baseAbility\":\"electromorphosis\",\"item\":\"\",\"pokeball\":\"pokeball\",\"ability\":\"electromorphosis\",\"commanding\":false,\"reviving\":false,\"teraType\":\"Electric\",\"terastallized\":\"\"},{\"ident\":\"p1: Flutter Mane\",\"details\":\"Flutter Mane, L74\",\"condition\":\"203/203\",\"active\":false,\"stats\":{\"atk\":86,\"def\":124,\"spa\":243,\"spd\":243,\"spe\":243},\"moves\":[\"moonblast\",\"thunderbolt\",\"mysticalfire\",\"shadowball\"],\"baseAbility\":\"protosynthesis\",\"item\":\"choicespecs\",\"pokeball\":\"pokeball\",\"ability\":\"protosynthesis\",\"commanding\":false,\"reviving\":false,\"teraType\":\"Fairy\",\"terastallized\":\"\"},{\"ident\":\"p1: Okidogi\",\"details\":\"Okidogi, L77, M\",\"condition\":\"262/262\",\"active\":false,\"stats\":{\"atk\":242,\"def\":222,\"spa\":134,\"spd\":177,\"spe\":168},\"moves\":[\"knockoff\",\"highhorsepower\",\"drainpunch\",\"gunkshot\"],\"baseAbility\":\"toxicchain\",\"item\":\"assaultvest\",\"pokeball\":\"pokeball\",\"ability\":\"toxicchain\",\"commanding\":false,\"reviving\":false,\"teraType\":\"Dark\",\"terastallized\":\"\"},{\"ident\":\"p1: Sawsbuck\",\"details\":\"Sawsbuck-Summer, L88, F\",\"condition\":\"284/284\",\"active\":false,\"stats\":{\"atk\":226,\"def\":173,\"spa\":156,\"spd\":173,\"spe\":217},\"moves\":[\"doubleedge\",\"hornleech\",\"highhorsepower\",\"swordsdance\"],\"baseAbility\":\"sapsipper\",\"item\":\"lifeorb\",\"pokeball\":\"pokeball\",\"ability\":\"sapsipper\",\"commanding\":false,\"reviving\":false,\"teraType\":\"Normal\",\"terastallized\":\"\"}]},\"rqid\":32}\n|\n|t:|1783391711\n|switch|p2a: Dachsbun|Dachsbun, L92, M|100/100\n|turn|13\n|request|{\"active\":[{\"moves\":[{\"move\":\"Close Combat\",\"id\":\"closecombat\",\"pp\":8,\"maxpp\":8,\"target\":\"normal\",\"disabled\":false},{\"move\":\"Aqua Step\",\"id\":\"aquastep\",\"pp\":16,\"maxpp\":16,\"target\":\"normal\",\"disabled\":false},{\"move\":\"Swords Dance\",\"id\":\"swordsdance\",\"pp\":31,\"maxpp\":32,\"target\":\"self\",\"disabled\":false},{\"move\":\"Knock Off\",\"id\":\"knockoff\",\"pp\":31,\"maxpp\":32,\"target\":\"normal\",\"disabled\":false}],\"canTerastallize\":\"Steel\"}],\"side\":{\"name\":\"p0x0519161\",\"id\":\"p1\",\"pokemon\":[{\"ident\":\"p1: Quaquaval\",\"details\":\"Quaquaval, L79, M\",\"condition\":\"82/264\",\"active\":true,\"stats\":{\"atk\":235,\"def\":172,\"spa\":180,\"spd\":164,\"spe\":180},\"moves\":[\"closecombat\",\"aquastep\",\"swordsdance\",\"knockoff\"],\"baseAbility\":\"moxie\",\"item\":\"lifeorb\",\"pokeball\":\"pokeball\",\"ability\":\"moxie\",\"commanding\":false,\"reviving\":false,\"teraType\":\"Steel\",\"terastallized\":\"\"},{\"ident\":\"p1: Girafarig\",\"details\":\"Girafarig, L89, M\",\"condition\":\"0 fnt\",\"active\":false,\"stats\":{\"atk\":147,\"def\":166,\"spa\":211,\"spd\":166,\"spe\":202},\"moves\":[\"shadowball\",\"dazzlinggleam\",\"psyshock\",\"nastyplot\"],\"baseAbility\":\"sapsipper\",\"item\":\"eviolite\",\"pokeball\":\"pokeball\",\"ability\":\"sapsipper\",\"commanding\":false,\"reviving\":false,\"teraType\":\"Psychic\",\"terastallized\":\"\"},{\"ident\":\"p1: Bellibolt\",\"details\":\"Bellibolt, L84, M\",\"condition\":\"206/320\",\"active\":false,\"stats\":{\"atk\":112,\"def\":201,\"spa\":221,\"spd\":188,\"spe\":124},\"moves\":[\"thunderbolt\",\"muddywater\",\"slackoff\",\"toxic\"],\"baseAbility\":\"electromorphosis\",\"item\":\"\",\"pokeball\":\"pokeball\",\"ability\":\"electromorphosis\",\"commanding\":false,\"reviving\":false,\"teraType\":\"Electric\",\"terastallized\":\"\"},{\"ident\":\"p1: Flutter Mane\",\"details\":\"Flutter Mane, L74\",\"condition\":\"203/203\",\"active\":false,\"stats\":{\"atk\":86,\"def\":124,\"spa\":243,\"spd\":243,\"spe\":243},\"moves\":[\"moonblast\",\"thunderbolt\",\"mysticalfire\",\"shadowball\"],\"baseAbility\":\"protosynthesis\",\"item\":\"choicespecs\",\"pokeball\":\"pokeball\",\"ability\":\"protosynthesis\",\"commanding\":false,\"reviving\":false,\"teraType\":\"Fairy\",\"terastallized\":\"\"},{\"ident\":\"p1: Okidogi\",\"details\":\"Okidogi, L77, M\",\"condition\":\"262/262\",\"active\":false,\"stats\":{\"atk\":242,\"def\":222,\"spa\":134,\"spd\":177,\"spe\":168},\"moves\":[\"knockoff\",\"highhorsepower\",\"drainpunch\",\"gunkshot\"],\"baseAbility\":\"toxicchain\",\"item\":\"assaultvest\",\"pokeball\":\"pokeball\",\"ability\":\"toxicchain\",\"commanding\":false,\"reviving\":false,\"teraType\":\"Dark\",\"terastallized\":\"\"},{\"ident\":\"p1: Sawsbuck\",\"details\":\"Sawsbuck-Summer, L88, F\",\"condition\":\"284/284\",\"active\":false,\"stats\":{\"atk\":226,\"def\":173,\"spa\":156,\"spd\":173,\"spe\":217},\"moves\":[\"doubleedge\",\"hornleech\",\"highhorsepower\",\"swordsdance\"],\"baseAbility\":\"sapsipper\",\"item\":\"lifeorb\",\"pokeball\":\"pokeball\",\"ability\":\"sapsipper\",\"commanding\":false,\"reviving\":false,\"teraType\":\"Normal\",\"terastallized\":\"\"}]},\"rqid\":34}\n|inactive|Time left: 300 sec this turn | 300 sec total\n|\n|t:|1783391711\n|switch|p1a: Okidogi|Okidogi, L77, M|262/262\n|-activate|p1a: Okidogi|move: Sticky Web\n|-unboost|p1a: Okidogi|spe|1\n|move|p2a: Dachsbun|Play Rough|p1a: Okidogi\n|-damage|p1a: Okidogi|181/262\n|\n|upkeep\n|turn|14\n|request|{\"active\":[{\"moves\":[{\"move\":\"Knock Off\",\"id\":\"knockoff\",\"pp\":32,\"maxpp\":32,\"target\":\"normal\",\"disabled\":false},{\"move\":\"High Horsepower\",\"id\":\"highhorsepower\",\"pp\":16,\"maxpp\":16,\"target\":\"normal\",\"disabled\":false},{\"move\":\"Drain Punch\",\"id\":\"drainpunch\",\"pp\":16,\"maxpp\":16,\"target\":\"normal\",\"disabled\":false},{\"move\":\"Gunk Shot\",\"id\":\"gunkshot\",\"pp\":8,\"maxpp\":8,\"target\":\"normal\",\"disabled\":false}],\"canTerastallize\":\"Dark\"}],\"side\":{\"name\":\"p0x0519161\",\"id\":\"p1\",\"pokemon\":[{\"ident\":\"p1: Okidogi\",\"details\":\"Okidogi, L77, M\",\"condition\":\"181/262\",\"active\":true,\"stats\":{\"atk\":242,\"def\":222,\"spa\":134,\"spd\":177,\"spe\":168},\"moves\":[\"knockoff\",\"highhorsepower\",\"drainpunch\",\"gunkshot\"],\"baseAbility\":\"toxicchain\",\"item\":\"assaultvest\",\"pokeball\":\"pokeball\",\"ability\":\"toxicchain\",\"commanding\":false,\"reviving\":false,\"teraType\":\"Dark\",\"terastallized\":\"\"},{\"ident\":\"p1: Girafarig\",\"details\":\"Girafarig, L89, M\",\"condition\":\"0 fnt\",\"active\":false,\"stats\":{\"atk\":147,\"def\":166,\"spa\":211,\"spd\":166,\"spe\":202},\"moves\":[\"shadowball\",\"dazzlinggleam\",\"psyshock\",\"nastyplot\"],\"baseAbility\":\"sapsipper\",\"item\":\"eviolite\",\"pokeball\":\"pokeball\",\"ability\":\"sapsipper\",\"commanding\":false,\"reviving\":false,\"teraType\":\"Psychic\",\"terastallized\":\"\"},{\"ident\":\"p1: Bellibolt\",\"details\":\"Bellibolt, L84, M\",\"condition\":\"206/320\",\"active\":false,\"stats\":{\"atk\":112,\"def\":201,\"spa\":221,\"spd\":188,\"spe\":124},\"moves\":[\"thunderbolt\",\"muddywater\",\"slackoff\",\"toxic\"],\"baseAbility\":\"electromorphosis\",\"item\":\"\",\"pokeball\":\"pokeball\",\"ability\":\"electromorphosis\",\"commanding\":false,\"reviving\":false,\"teraType\":\"Electric\",\"terastallized\":\"\"},{\"ident\":\"p1: Flutter Mane\",\"details\":\"Flutter Mane, L74\",\"condition\":\"203/203\",\"active\":false,\"stats\":{\"atk\":86,\"def\":124,\"spa\":243,\"spd\":243,\"spe\":243},\"moves\":[\"moonblast\",\"thunderbolt\",\"mysticalfire\",\"shadowball\"],\"baseAbility\":\"protosynthesis\",\"item\":\"choicespecs\",\"pokeball\":\"pokeball\",\"ability\":\"protosynthesis\",\"commanding\":false,\"reviving\":false,\"teraType\":\"Fairy\",\"terastallized\":\"\"},{\"ident\":\"p1: Quaquaval\",\"details\":\"Quaquaval, L79, M\",\"condition\":\"82/264\",\"active\":false,\"stats\":{\"atk\":235,\"def\":172,\"spa\":180,\"spd\":164,\"spe\":180},\"moves\":[\"closecombat\",\"aquastep\",\"swordsdance\",\"knockoff\"],\"baseAbility\":\"moxie\",\"item\":\"lifeorb\",\"pokeball\":\"pokeball\",\"ability\":\"moxie\",\"commanding\":false,\"reviving\":false,\"teraType\":\"Steel\",\"terastallized\":\"\"},{\"ident\":\"p1: Sawsbuck\",\"details\":\"Sawsbuck-Summer, L88, F\",\"condition\":\"284/284\",\"active\":false,\"stats\":{\"atk\":226,\"def\":173,\"spa\":156,\"spd\":173,\"spe\":217},\"moves\":[\"doubleedge\",\"hornleech\",\"highhorsepower\",\"swordsdance\"],\"baseAbility\":\"sapsipper\",\"item\":\"lifeorb\",\"pokeball\":\"pokeball\",\"ability\":\"sapsipper\",\"commanding\":false,\"reviving\":false,\"teraType\":\"Normal\",\"terastallized\":\"\"}]},\"rqid\":36}\n|inactive|Time left: 300 sec this turn | 300 sec total\n|\n|t:|1783391711\n|move|p2a: Dachsbun|Protect|p2a: Dachsbun\n|-singleturn|p2a: Dachsbun|Protect\n|move|p1a: Okidogi|Gunk Shot|p2a: Dachsbun\n|-activate|p2a: Dachsbun|move: Protect\n|\n|upkeep\n|turn|15\n|request|{\"active\":[{\"moves\":[{\"move\":\"Knock Off\",\"id\":\"knockoff\",\"pp\":32,\"maxpp\":32,\"target\":\"normal\",\"disabled\":false},{\"move\":\"High Horsepower\",\"id\":\"highhorsepower\",\"pp\":16,\"maxpp\":16,\"target\":\"normal\",\"disabled\":false},{\"move\":\"Drain Punch\",\"id\":\"drainpunch\",\"pp\":16,\"maxpp\":16,\"target\":\"normal\",\"disabled\":false},{\"move\":\"Gunk Shot\",\"id\":\"gunkshot\",\"pp\":7,\"maxpp\":8,\"target\":\"normal\",\"disabled\":false}],\"canTerastallize\":\"Dark\"}],\"side\":{\"name\":\"p0x0519161\",\"id\":\"p1\",\"pokemon\":[{\"ident\":\"p1: Okidogi\",\"details\":\"Okidogi, L77, M\",\"condition\":\"181/262\",\"active\":true,\"stats\":{\"atk\":242,\"def\":222,\"spa\":134,\"spd\":177,\"spe\":168},\"moves\":[\"knockoff\",\"highhorsepower\",\"drainpunch\",\"gunkshot\"],\"baseAbility\":\"toxicchain\",\"item\":\"assaultvest\",\"pokeball\":\"pokeball\",\"ability\":\"toxicchain\",\"commanding\":false,\"reviving\":false,\"teraType\":\"Dark\",\"terastallized\":\"\"},{\"ident\":\"p1: Girafarig\",\"details\":\"Girafarig, L89, M\",\"condition\":\"0 fnt\",\"active\":false,\"stats\":{\"atk\":147,\"def\":166,\"spa\":211,\"spd\":166,\"spe\":202},\"moves\":[\"shadowball\",\"dazzlinggleam\",\"psyshock\",\"nastyplot\"],\"baseAbility\":\"sapsipper\",\"item\":\"eviolite\",\"pokeball\":\"pokeball\",\"ability\":\"sapsipper\",\"commanding\":false,\"reviving\":false,\"teraType\":\"Psychic\",\"terastallized\":\"\"},{\"ident\":\"p1: Bellibolt\",\"details\":\"Bellibolt, L84, M\",\"condition\":\"206/320\",\"active\":false,\"stats\":{\"atk\":112,\"def\":201,\"spa\":221,\"spd\":188,\"spe\":124},\"moves\":[\"thunderbolt\",\"muddywater\",\"slackoff\",\"toxic\"],\"baseAbility\":\"electromorphosis\",\"item\":\"\",\"pokeball\":\"pokeball\",\"ability\":\"electromorphosis\",\"commanding\":false,\"reviving\":false,\"teraType\":\"Electric\",\"terastallized\":\"\"},{\"ident\":\"p1: Flutter Mane\",\"details\":\"Flutter Mane, L74\",\"condition\":\"203/203\",\"active\":false,\"stats\":{\"atk\":86,\"def\":124,\"spa\":243,\"spd\":243,\"spe\":243},\"moves\":[\"moonblast\",\"thunderbolt\",\"mysticalfire\",\"shadowball\"],\"baseAbility\":\"protosynthesis\",\"item\":\"choicespecs\",\"pokeball\":\"pokeball\",\"ability\":\"protosynthesis\",\"commanding\":false,\"reviving\":false,\"teraType\":\"Fairy\",\"terastallized\":\"\"},{\"ident\":\"p1: Quaquaval\",\"details\":\"Quaquaval, L79, M\",\"condition\":\"82/264\",\"active\":false,\"stats\":{\"atk\":235,\"def\":172,\"spa\":180,\"spd\":164,\"spe\":180},\"moves\":[\"closecombat\",\"aquastep\",\"swordsdance\",\"knockoff\"],\"baseAbility\":\"moxie\",\"item\":\"lifeorb\",\"pokeball\":\"pokeball\",\"ability\":\"moxie\",\"commanding\":false,\"reviving\":false,\"teraType\":\"Steel\",\"terastallized\":\"\"},{\"ident\":\"p1: Sawsbuck\",\"details\":\"Sawsbuck-Summer, L88, F\",\"condition\":\"284/284\",\"active\":false,\"stats\":{\"atk\":226,\"def\":173,\"spa\":156,\"spd\":173,\"spe\":217},\"moves\":[\"doubleedge\",\"hornleech\",\"highhorsepower\",\"swordsdance\"],\"baseAbility\":\"sapsipper\",\"item\":\"lifeorb\",\"pokeball\":\"pokeball\",\"ability\":\"sapsipper\",\"commanding\":false,\"reviving\":false,\"teraType\":\"Normal\",\"terastallized\":\"\"}]},\"rqid\":38}\n|inactive|Time left: 300 sec this turn | 300 sec total\n|\n|t:|1783391712\n|move|p2a: Dachsbun|Play Rough|p1a: Okidogi\n|-damage|p1a: Okidogi|97/262\n|move|p1a: Okidogi|Gunk Shot|p2a: Dachsbun\n|-supereffective|p2a: Dachsbun\n|-damage|p2a: Dachsbun|22/100\n|-status|p2a: Dachsbun|tox|[from] ability: Toxic Chain|[of] p1a: Okidogi\n|\n|-heal|p2a: Dachsbun|28/100 tox|[from] item: Leftovers\n|-damage|p2a: Dachsbun|22/100 tox|[from] psn\n|upkeep\n|turn|16\n|request|{\"active\":[{\"moves\":[{\"move\":\"Knock Off\",\"id\":\"knockoff\",\"pp\":32,\"maxpp\":32,\"target\":\"normal\",\"disabled\":false},{\"move\":\"High Horsepower\",\"id\":\"highhorsepower\",\"pp\":16,\"maxpp\":16,\"target\":\"normal\",\"disabled\":false},{\"move\":\"Drain Punch\",\"id\":\"drainpunch\",\"pp\":16,\"maxpp\":16,\"target\":\"normal\",\"disabled\":false},{\"move\":\"Gunk Shot\",\"id\":\"gunkshot\",\"pp\":6,\"maxpp\":8,\"target\":\"normal\",\"disabled\":false}],\"canTerastallize\":\"Dark\"}],\"side\":{\"name\":\"p0x0519161\",\"id\":\"p1\",\"pokemon\":[{\"ident\":\"p1: Okidogi\",\"details\":\"Okidogi, L77, M\",\"condition\":\"97/262\",\"active\":true,\"stats\":{\"atk\":242,\"def\":222,\"spa\":134,\"spd\":177,\"spe\":168},\"moves\":[\"knockoff\",\"highhorsepower\",\"drainpunch\",\"gunkshot\"],\"baseAbility\":\"toxicchain\",\"item\":\"assaultvest\",\"pokeball\":\"pokeball\",\"ability\":\"toxicchain\",\"commanding\":false,\"reviving\":false,\"teraType\":\"Dark\",\"terastallized\":\"\"},{\"ident\":\"p1: Girafarig\",\"details\":\"Girafarig, L89, M\",\"condition\":\"0 fnt\",\"active\":false,\"stats\":{\"atk\":147,\"def\":166,\"spa\":211,\"spd\":166,\"spe\":202},\"moves\":[\"shadowball\",\"dazzlinggleam\",\"psyshock\",\"nastyplot\"],\"baseAbility\":\"sapsipper\",\"item\":\"eviolite\",\"pokeball\":\"pokeball\",\"ability\":\"sapsipper\",\"commanding\":false,\"reviving\":false,\"teraType\":\"Psychic\",\"terastallized\":\"\"},{\"ident\":\"p1: Bellibolt\",\"details\":\"Bellibolt, L84, M\",\"condition\":\"206/320\",\"active\":false,\"stats\":{\"atk\":112,\"def\":201,\"spa\":221,\"spd\":188,\"spe\":124},\"moves\":[\"thunderbolt\",\"muddywater\",\"slackoff\",\"toxic\"],\"baseAbility\":\"electromorphosis\",\"item\":\"\",\"pokeball\":\"pokeball\",\"ability\":\"electromorphosis\",\"commanding\":false,\"reviving\":false,\"teraType\":\"Electric\",\"terastallized\":\"\"},{\"ident\":\"p1: Flutter Mane\",\"details\":\"Flutter Mane, L74\",\"condition\":\"203/203\",\"active\":false,\"stats\":{\"atk\":86,\"def\":124,\"spa\":243,\"spd\":243,\"spe\":243},\"moves\":[\"moonblast\",\"thunderbolt\",\"mysticalfire\",\"shadowball\"],\"baseAbility\":\"protosynthesis\",\"item\":\"choicespecs\",\"pokeball\":\"pokeball\",\"ability\":\"protosynthesis\",\"commanding\":false,\"reviving\":false,\"teraType\":\"Fairy\",\"terastallized\":\"\"},{\"ident\":\"p1: Quaquaval\",\"details\":\"Quaquaval, L79, M\",\"condition\":\"82/264\",\"active\":false,\"stats\":{\"atk\":235,\"def\":172,\"spa\":180,\"spd\":164,\"spe\":180},\"moves\":[\"closecombat\",\"aquastep\",\"swordsdance\",\"knockoff\"],\"baseAbility\":\"moxie\",\"item\":\"lifeorb\",\"pokeball\":\"pokeball\",\"ability\":\"moxie\",\"commanding\":false,\"reviving\":false,\"teraType\":\"Steel\",\"terastallized\":\"\"},{\"ident\":\"p1: Sawsbuck\",\"details\":\"Sawsbuck-Summer, L88, F\",\"condition\":\"284/284\",\"active\":false,\"stats\":{\"atk\":226,\"def\":173,\"spa\":156,\"spd\":173,\"spe\":217},\"moves\":[\"doubleedge\",\"hornleech\",\"highhorsepower\",\"swordsdance\"],\"baseAbility\":\"sapsipper\",\"item\":\"lifeorb\",\"pokeball\":\"pokeball\",\"ability\":\"sapsipper\",\"commanding\":false,\"reviving\":false,\"teraType\":\"Normal\",\"terastallized\":\"\"}]},\"rqid\":40}\n|inactive|Time left: 300 sec this turn | 300 sec total\n|\n|t:|1783391712\n|switch|p1a: Bellibolt|Bellibolt, L84, M|206/320\n|-activate|p1a: Bellibolt|move: Sticky Web\n|-unboost|p1a: Bellibolt|spe|1\n|move|p2a: Dachsbun|Play Rough|p1a: Bellibolt\n|-damage|p1a: Bellibolt|118/320\n|-start|p1a: Bellibolt|Charge|Play Rough|[from] ability: Electromorphosis\n|\n|-heal|p2a: Dachsbun|28/100 tox|[from] item: Leftovers\n|-damage|p2a: Dachsbun|16/100 tox|[from] psn\n|upkeep\n|turn|17\n|request|{\"active\":[{\"moves\":[{\"move\":\"Thunderbolt\",\"id\":\"thunderbolt\",\"pp\":21,\"maxpp\":24,\"target\":\"normal\",\"disabled\":false},{\"move\":\"Muddy Water\",\"id\":\"muddywater\",\"pp\":16,\"maxpp\":16,\"target\":\"allAdjacentFoes\",\"disabled\":false},{\"move\":\"Slack Off\",\"id\":\"slackoff\",\"pp\":7,\"maxpp\":8,\"target\":\"self\",\"disabled\":false},{\"move\":\"Toxic\",\"id\":\"toxic\",\"pp\":15,\"maxpp\":16,\"target\":\"normal\",\"disabled\":false}],\"canTerastallize\":\"Electric\"}],\"side\":{\"name\":\"p0x0519161\",\"id\":\"p1\",\"pokemon\":[{\"ident\":\"p1: Bellibolt\",\"details\":\"Bellibolt, L84, M\",\"condition\":\"118/320\",\"active\":true,\"stats\":{\"atk\":112,\"def\":201,\"spa\":221,\"spd\":188,\"spe\":124},\"moves\":[\"thunderbolt\",\"muddywater\",\"slackoff\",\"toxic\"],\"baseAbility\":\"electromorphosis\",\"item\":\"\",\"pokeball\":\"pokeball\",\"ability\":\"electromorphosis\",\"commanding\":false,\"reviving\":false,\"teraType\":\"Electric\",\"terastallized\":\"\"},{\"ident\":\"p1: Girafarig\",\"details\":\"Girafarig, L89, M\",\"condition\":\"0 fnt\",\"active\":false,\"stats\":{\"atk\":147,\"def\":166,\"spa\":211,\"spd\":166,\"spe\":202},\"moves\":[\"shadowball\",\"dazzlinggleam\",\"psyshock\",\"nastyplot\"],\"baseAbility\":\"sapsipper\",\"item\":\"eviolite\",\"pokeball\":\"pokeball\",\"ability\":\"sapsipper\",\"commanding\":false,\"reviving\":false,\"teraType\":\"Psychic\",\"terastallized\":\"\"},{\"ident\":\"p1: Okidogi\",\"details\":\"Okidogi, L77, M\",\"condition\":\"97/262\",\"active\":false,\"stats\":{\"atk\":242,\"def\":222,\"spa\":134,\"spd\":177,\"spe\":168},\"moves\":[\"knockoff\",\"highhorsepower\",\"drainpunch\",\"gunkshot\"],\"baseAbility\":\"toxicchain\",\"item\":\"assaultvest\",\"pokeball\":\"pokeball\",\"ability\":\"toxicchain\",\"commanding\":false,\"reviving\":false,\"teraType\":\"Dark\",\"terastallized\":\"\"},{\"ident\":\"p1: Flutter Mane\",\"details\":\"Flutter Mane, L74\",\"condition\":\"203/203\",\"active\":false,\"stats\":{\"atk\":86,\"def\":124,\"spa\":243,\"spd\":243,\"spe\":243},\"moves\":[\"moonblast\",\"thunderbolt\",\"mysticalfire\",\"shadowball\"],\"baseAbility\":\"protosynthesis\",\"item\":\"choicespecs\",\"pokeball\":\"pokeball\",\"ability\":\"protosynthesis\",\"commanding\":false,\"reviving\":false,\"teraType\":\"Fairy\",\"terastallized\":\"\"},{\"ident\":\"p1: Quaquaval\",\"details\":\"Quaquaval, L79, M\",\"condition\":\"82/264\",\"active\":false,\"stats\":{\"atk\":235,\"def\":172,\"spa\":180,\"spd\":164,\"spe\":180},\"moves\":[\"closecombat\",\"aquastep\",\"swordsdance\",\"knockoff\"],\"baseAbility\":\"moxie\",\"item\":\"lifeorb\",\"pokeball\":\"pokeball\",\"ability\":\"moxie\",\"commanding\":false,\"reviving\":false,\"teraType\":\"Steel\",\"terastallized\":\"\"},{\"ident\":\"p1: Sawsbuck\",\"details\":\"Sawsbuck-Summer, L88, F\",\"condition\":\"284/284\",\"active\":false,\"stats\":{\"atk\":226,\"def\":173,\"spa\":156,\"spd\":173,\"spe\":217},\"moves\":[\"doubleedge\",\"hornleech\",\"highhorsepower\",\"swordsdance\"],\"baseAbility\":\"sapsipper\",\"item\":\"lifeorb\",\"pokeball\":\"pokeball\",\"ability\":\"sapsipper\",\"commanding\":false,\"reviving\":false,\"teraType\":\"Normal\",\"terastallized\":\"\"}]},\"rqid\":42}\n|inactive|Time left: 300 sec this turn | 300 sec total\n|\n|t:|1783391712\n|move|p2a: Dachsbun|Play Rough|p1a: Bellibolt\n|-damage|p1a: Bellibolt|30/320\n|-start|p1a: Bellibolt|Charge|Play Rough|[from] ability: Electromorphosis\n|move|p1a: Bellibolt|Slack Off|p1a: Bellibolt\n|-heal|p1a: Bellibolt|190/320\n|\n|-heal|p2a: Dachsbun|22/100 tox|[from] item: Leftovers\n|-damage|p2a: Dachsbun|4/100 tox|[from] psn\n|upkeep\n|turn|18\n|request|{\"active\":[{\"moves\":[{\"move\":\"Thunderbolt\",\"id\":\"thunderbolt\",\"pp\":21,\"maxpp\":24,\"target\":\"normal\",\"disabled\":false},{\"move\":\"Muddy Water\",\"id\":\"muddywater\",\"pp\":16,\"maxpp\":16,\"target\":\"allAdjacentFoes\",\"disabled\":false},{\"move\":\"Slack Off\",\"id\":\"slackoff\",\"pp\":6,\"maxpp\":8,\"target\":\"self\",\"disabled\":false},{\"move\":\"Toxic\",\"id\":\"toxic\",\"pp\":15,\"maxpp\":16,\"target\":\"normal\",\"disabled\":false}],\"canTerastallize\":\"Electric\"}],\"side\":{\"name\":\"p0x0519161\",\"id\":\"p1\",\"pokemon\":[{\"ident\":\"p1: Bellibolt\",\"details\":\"Bellibolt, L84, M\",\"condition\":\"190/320\",\"active\":true,\"stats\":{\"atk\":112,\"def\":201,\"spa\":221,\"spd\":188,\"spe\":124},\"moves\":[\"thunderbolt\",\"muddywater\",\"slackoff\",\"toxic\"],\"baseAbility\":\"electromorphosis\",\"item\":\"\",\"pokeball\":\"pokeball\",\"ability\":\"electromorphosis\",\"commanding\":false,\"reviving\":false,\"teraType\":\"Electric\",\"terastallized\":\"\"},{\"ident\":\"p1: Girafarig\",\"details\":\"Girafarig, L89, M\",\"condition\":\"0 fnt\",\"active\":false,\"stats\":{\"atk\":147,\"def\":166,\"spa\":211,\"spd\":166,\"spe\":202},\"moves\":[\"shadowball\",\"dazzlinggleam\",\"psyshock\",\"nastyplot\"],\"baseAbility\":\"sapsipper\",\"item\":\"eviolite\",\"pokeball\":\"pokeball\",\"ability\":\"sapsipper\",\"commanding\":false,\"reviving\":false,\"teraType\":\"Psychic\",\"terastallized\":\"\"},{\"ident\":\"p1: Okidogi\",\"details\":\"Okidogi, L77, M\",\"condition\":\"97/262\",\"active\":false,\"stats\":{\"atk\":242,\"def\":222,\"spa\":134,\"spd\":177,\"spe\":168},\"moves\":[\"knockoff\",\"highhorsepower\",\"drainpunch\",\"gunkshot\"],\"baseAbility\":\"toxicchain\",\"item\":\"assaultvest\",\"pokeball\":\"pokeball\",\"ability\":\"toxicchain\",\"commanding\":false,\"reviving\":false,\"teraType\":\"Dark\",\"terastallized\":\"\"},{\"ident\":\"p1: Flutter Mane\",\"details\":\"Flutter Mane, L74\",\"condition\":\"203/203\",\"active\":false,\"stats\":{\"atk\":86,\"def\":124,\"spa\":243,\"spd\":243,\"spe\":243},\"moves\":[\"moonblast\",\"thunderbolt\",\"mysticalfire\",\"shadowball\"],\"baseAbility\":\"protosynthesis\",\"item\":\"choicespecs\",\"pokeball\":\"pokeball\",\"ability\":\"protosynthesis\",\"commanding\":false,\"reviving\":false,\"teraType\":\"Fairy\",\"terastallized\":\"\"},{\"ident\":\"p1: Quaquaval\",\"details\":\"Quaquaval, L79, M\",\"condition\":\"82/264\",\"active\":false,\"stats\":{\"atk\":235,\"def\":172,\"spa\":180,\"spd\":164,\"spe\":180},\"moves\":[\"closecombat\",\"aquastep\",\"swordsdance\",\"knockoff\"],\"baseAbility\":\"moxie\",\"item\":\"lifeorb\",\"pokeball\":\"pokeball\",\"ability\":\"moxie\",\"commanding\":false,\"reviving\":false,\"teraType\":\"Steel\",\"terastallized\":\"\"},{\"ident\":\"p1: Sawsbuck\",\"details\":\"Sawsbuck-Summer, L88, F\",\"condition\":\"284/284\",\"active\":false,\"stats\":{\"atk\":226,\"def\":173,\"spa\":156,\"spd\":173,\"spe\":217},\"moves\":[\"doubleedge\",\"hornleech\",\"highhorsepower\",\"swordsdance\"],\"baseAbility\":\"sapsipper\",\"item\":\"lifeorb\",\"pokeball\":\"pokeball\",\"ability\":\"sapsipper\",\"commanding\":false,\"reviving\":false,\"teraType\":\"Normal\",\"terastallized\":\"\"}]},\"rqid\":44}\n|inactive|Time left: 300 sec this turn | 300 sec total\n|\n|t:|1783391712\n|move|p2a: Dachsbun|Yawn|p1a: Bellibolt\n|-start|p1a: Bellibolt|move: Yawn|[of] p2a: Dachsbun\n|move|p1a: Bellibolt|Slack Off|p1a: Bellibolt\n|-heal|p1a: Bellibolt|320/320\n|\n|-heal|p2a: Dachsbun|10/100 tox|[from] item: Leftovers\n|-damage|p2a: Dachsbun|0 fnt|[from] psn\n|faint|p2a: Dachsbun\n|upkeep\n|request|{\"wait\":true,\"side\":{\"name\":\"p0x0519161\",\"id\":\"p1\",\"pokemon\":[{\"ident\":\"p1: Bellibolt\",\"details\":\"Bellibolt, L84, M\",\"condition\":\"320/320\",\"active\":true,\"stats\":{\"atk\":112,\"def\":201,\"spa\":221,\"spd\":188,\"spe\":124},\"moves\":[\"thunderbolt\",\"muddywater\",\"slackoff\",\"toxic\"],\"baseAbility\":\"electromorphosis\",\"item\":\"\",\"pokeball\":\"pokeball\",\"ability\":\"electromorphosis\",\"commanding\":false,\"reviving\":false,\"teraType\":\"Electric\",\"terastallized\":\"\"},{\"ident\":\"p1: Girafarig\",\"details\":\"Girafarig, L89, M\",\"condition\":\"0 fnt\",\"active\":false,\"stats\":{\"atk\":147,\"def\":166,\"spa\":211,\"spd\":166,\"spe\":202},\"moves\":[\"shadowball\",\"dazzlinggleam\",\"psyshock\",\"nastyplot\"],\"baseAbility\":\"sapsipper\",\"item\":\"eviolite\",\"pokeball\":\"pokeball\",\"ability\":\"sapsipper\",\"commanding\":false,\"reviving\":false,\"teraType\":\"Psychic\",\"terastallized\":\"\"},{\"ident\":\"p1: Okidogi\",\"details\":\"Okidogi, L77, M\",\"condition\":\"97/262\",\"active\":false,\"stats\":{\"atk\":242,\"def\":222,\"spa\":134,\"spd\":177,\"spe\":168},\"moves\":[\"knockoff\",\"highhorsepower\",\"drainpunch\",\"gunkshot\"],\"baseAbility\":\"toxicchain\",\"item\":\"assaultvest\",\"pokeball\":\"pokeball\",\"ability\":\"toxicchain\",\"commanding\":false,\"reviving\":false,\"teraType\":\"Dark\",\"terastallized\":\"\"},{\"ident\":\"p1: Flutter Mane\",\"details\":\"Flutter Mane, L74\",\"condition\":\"203/203\",\"active\":false,\"stats\":{\"atk\":86,\"def\":124,\"spa\":243,\"spd\":243,\"spe\":243},\"moves\":[\"moonblast\",\"thunderbolt\",\"mysticalfire\",\"shadowball\"],\"baseAbility\":\"protosynthesis\",\"item\":\"choicespecs\",\"pokeball\":\"pokeball\",\"ability\":\"protosynthesis\",\"commanding\":false,\"reviving\":false,\"teraType\":\"Fairy\",\"terastallized\":\"\"},{\"ident\":\"p1: Quaquaval\",\"details\":\"Quaquaval, L79, M\",\"condition\":\"82/264\",\"active\":false,\"stats\":{\"atk\":235,\"def\":172,\"spa\":180,\"spd\":164,\"spe\":180},\"moves\":[\"closecombat\",\"aquastep\",\"swordsdance\",\"knockoff\"],\"baseAbility\":\"moxie\",\"item\":\"lifeorb\",\"pokeball\":\"pokeball\",\"ability\":\"moxie\",\"commanding\":false,\"reviving\":false,\"teraType\":\"Steel\",\"terastallized\":\"\"},{\"ident\":\"p1: Sawsbuck\",\"details\":\"Sawsbuck-Summer, L88, F\",\"condition\":\"284/284\",\"active\":false,\"stats\":{\"atk\":226,\"def\":173,\"spa\":156,\"spd\":173,\"spe\":217},\"moves\":[\"doubleedge\",\"hornleech\",\"highhorsepower\",\"swordsdance\"],\"baseAbility\":\"sapsipper\",\"item\":\"lifeorb\",\"pokeball\":\"pokeball\",\"ability\":\"sapsipper\",\"commanding\":false,\"reviving\":false,\"teraType\":\"Normal\",\"terastallized\":\"\"}]},\"rqid\":46}\n|\n|t:|1783391713\n|switch|p2a: Cryogonal|Cryogonal, L89|100/100\n|turn|19\n|request|{\"active\":[{\"moves\":[{\"move\":\"Thunderbolt\",\"id\":\"thunderbolt\",\"pp\":21,\"maxpp\":24,\"target\":\"normal\",\"disabled\":false},{\"move\":\"Muddy Water\",\"id\":\"muddywater\",\"pp\":16,\"maxpp\":16,\"target\":\"allAdjacentFoes\",\"disabled\":false},{\"move\":\"Slack Off\",\"id\":\"slackoff\",\"pp\":5,\"maxpp\":8,\"target\":\"self\",\"disabled\":false},{\"move\":\"Toxic\",\"id\":\"toxic\",\"pp\":15,\"maxpp\":16,\"target\":\"normal\",\"disabled\":false}],\"canTerastallize\":\"Electric\"}],\"side\":{\"name\":\"p0x0519161\",\"id\":\"p1\",\"pokemon\":[{\"ident\":\"p1: Bellibolt\",\"details\":\"Bellibolt, L84, M\",\"condition\":\"320/320\",\"active\":true,\"stats\":{\"atk\":112,\"def\":201,\"spa\":221,\"spd\":188,\"spe\":124},\"moves\":[\"thunderbolt\",\"muddywater\",\"slackoff\",\"toxic\"],\"baseAbility\":\"electromorphosis\",\"item\":\"\",\"pokeball\":\"pokeball\",\"ability\":\"electromorphosis\",\"commanding\":false,\"reviving\":false,\"teraType\":\"Electric\",\"terastallized\":\"\"},{\"ident\":\"p1: Girafarig\",\"details\":\"Girafarig, L89, M\",\"condition\":\"0 fnt\",\"active\":false,\"stats\":{\"atk\":147,\"def\":166,\"spa\":211,\"spd\":166,\"spe\":202},\"moves\":[\"shadowball\",\"dazzlinggleam\",\"psyshock\",\"nastyplot\"],\"baseAbility\":\"sapsipper\",\"item\":\"eviolite\",\"pokeball\":\"pokeball\",\"ability\":\"sapsipper\",\"commanding\":false,\"reviving\":false,\"teraType\":\"Psychic\",\"terastallized\":\"\"},{\"ident\":\"p1: Okidogi\",\"details\":\"Okidogi, L77, M\",\"condition\":\"97/262\",\"active\":false,\"stats\":{\"atk\":242,\"def\":222,\"spa\":134,\"spd\":177,\"spe\":168},\"moves\":[\"knockoff\",\"highhorsepower\",\"drainpunch\",\"gunkshot\"],\"baseAbility\":\"toxicchain\",\"item\":\"assaultvest\",\"pokeball\":\"pokeball\",\"ability\":\"toxicchain\",\"commanding\":false,\"reviving\":false,\"teraType\":\"Dark\",\"terastallized\":\"\"},{\"ident\":\"p1: Flutter Mane\",\"details\":\"Flutter Mane, L74\",\"condition\":\"203/203\",\"active\":false,\"stats\":{\"atk\":86,\"def\":124,\"spa\":243,\"spd\":243,\"spe\":243},\"moves\":[\"moonblast\",\"thunderbolt\",\"mysticalfire\",\"shadowball\"],\"baseAbility\":\"protosynthesis\",\"item\":\"choicespecs\",\"pokeball\":\"pokeball\",\"ability\":\"protosynthesis\",\"commanding\":false,\"reviving\":false,\"teraType\":\"Fairy\",\"terastallized\":\"\"},{\"ident\":\"p1: Quaquaval\",\"details\":\"Quaquaval, L79, M\",\"condition\":\"82/264\",\"active\":false,\"stats\":{\"atk\":235,\"def\":172,\"spa\":180,\"spd\":164,\"spe\":180},\"moves\":[\"closecombat\",\"aquastep\",\"swordsdance\",\"knockoff\"],\"baseAbility\":\"moxie\",\"item\":\"lifeorb\",\"pokeball\":\"pokeball\",\"ability\":\"moxie\",\"commanding\":false,\"reviving\":false,\"teraType\":\"Steel\",\"terastallized\":\"\"},{\"ident\":\"p1: Sawsbuck\",\"details\":\"Sawsbuck-Summer, L88, F\",\"condition\":\"284/284\",\"active\":false,\"stats\":{\"atk\":226,\"def\":173,\"spa\":156,\"spd\":173,\"spe\":217},\"moves\":[\"doubleedge\",\"hornleech\",\"highhorsepower\",\"swordsdance\"],\"baseAbility\":\"sapsipper\",\"item\":\"lifeorb\",\"pokeball\":\"pokeball\",\"ability\":\"sapsipper\",\"commanding\":false,\"reviving\":false,\"teraType\":\"Normal\",\"terastallized\":\"\"}]},\"rqid\":48}\n|inactive|Time left: 300 sec this turn | 300 sec total\n|\n|t:|1783391713\n|switch|p1a: Quaquaval|Quaquaval, L79, M|82/264\n|-activate|p1a: Quaquaval|move: Sticky Web\n|-unboost|p1a: Quaquaval|spe|1\n|move|p2a: Cryogonal|Flash Cannon|p1a: Quaquaval\n|-resisted|p1a: Quaquaval\n|-damage|p1a: Quaquaval|45/264\n|\n|upkeep\n|turn|20\n|request|{\"active\":[{\"moves\":[{\"move\":\"Close Combat\",\"id\":\"closecombat\",\"pp\":8,\"maxpp\":8,\"target\":\"normal\",\"disabled\":false},{\"move\":\"Aqua Step\",\"id\":\"aquastep\",\"pp\":16,\"maxpp\":16,\"target\":\"normal\",\"disabled\":false},{\"move\":\"Swords Dance\",\"id\":\"swordsdance\",\"pp\":31,\"maxpp\":32,\"target\":\"self\",\"disabled\":false},{\"move\":\"Knock Off\",\"id\":\"knockoff\",\"pp\":31,\"maxpp\":32,\"target\":\"normal\",\"disabled\":false}],\"canTerastallize\":\"Steel\"}],\"side\":{\"name\":\"p0x0519161\",\"id\":\"p1\",\"pokemon\":[{\"ident\":\"p1: Quaquaval\",\"details\":\"Quaquaval, L79, M\",\"condition\":\"45/264\",\"active\":true,\"stats\":{\"atk\":235,\"def\":172,\"spa\":180,\"spd\":164,\"spe\":180},\"moves\":[\"closecombat\",\"aquastep\",\"swordsdance\",\"knockoff\"],\"baseAbility\":\"moxie\",\"item\":\"lifeorb\",\"pokeball\":\"pokeball\",\"ability\":\"moxie\",\"commanding\":false,\"reviving\":false,\"teraType\":\"Steel\",\"terastallized\":\"\"},{\"ident\":\"p1: Girafarig\",\"details\":\"Girafarig, L89, M\",\"condition\":\"0 fnt\",\"active\":false,\"stats\":{\"atk\":147,\"def\":166,\"spa\":211,\"spd\":166,\"spe\":202},\"moves\":[\"shadowball\",\"dazzlinggleam\",\"psyshock\",\"nastyplot\"],\"baseAbility\":\"sapsipper\",\"item\":\"eviolite\",\"pokeball\":\"pokeball\",\"ability\":\"sapsipper\",\"commanding\":false,\"reviving\":false,\"teraType\":\"Psychic\",\"terastallized\":\"\"},{\"ident\":\"p1: Okidogi\",\"details\":\"Okidogi, L77, M\",\"condition\":\"97/262\",\"active\":false,\"stats\":{\"atk\":242,\"def\":222,\"spa\":134,\"spd\":177,\"spe\":168},\"moves\":[\"knockoff\",\"highhorsepower\",\"drainpunch\",\"gunkshot\"],\"baseAbility\":\"toxicchain\",\"item\":\"assaultvest\",\"pokeball\":\"pokeball\",\"ability\":\"toxicchain\",\"commanding\":false,\"reviving\":false,\"teraType\":\"Dark\",\"terastallized\":\"\"},{\"ident\":\"p1: Flutter Mane\",\"details\":\"Flutter Mane, L74\",\"condition\":\"203/203\",\"active\":false,\"stats\":{\"atk\":86,\"def\":124,\"spa\":243,\"spd\":243,\"spe\":243},\"moves\":[\"moonblast\",\"thunderbolt\",\"mysticalfire\",\"shadowball\"],\"baseAbility\":\"protosynthesis\",\"item\":\"choicespecs\",\"pokeball\":\"pokeball\",\"ability\":\"protosynthesis\",\"commanding\":false,\"reviving\":false,\"teraType\":\"Fairy\",\"terastallized\":\"\"},{\"ident\":\"p1: Bellibolt\",\"details\":\"Bellibolt, L84, M\",\"condition\":\"320/320\",\"active\":false,\"stats\":{\"atk\":112,\"def\":201,\"spa\":221,\"spd\":188,\"spe\":124},\"moves\":[\"thunderbolt\",\"muddywater\",\"slackoff\",\"toxic\"],\"baseAbility\":\"electromorphosis\",\"item\":\"\",\"pokeball\":\"pokeball\",\"ability\":\"electromorphosis\",\"commanding\":false,\"reviving\":false,\"teraType\":\"Electric\",\"terastallized\":\"\"},{\"ident\":\"p1: Sawsbuck\",\"details\":\"Sawsbuck-Summer, L88, F\",\"condition\":\"284/284\",\"active\":false,\"stats\":{\"atk\":226,\"def\":173,\"spa\":156,\"spd\":173,\"spe\":217},\"moves\":[\"doubleedge\",\"hornleech\",\"highhorsepower\",\"swordsdance\"],\"baseAbility\":\"sapsipper\",\"item\":\"lifeorb\",\"pokeball\":\"pokeball\",\"ability\":\"sapsipper\",\"commanding\":false,\"reviving\":false,\"teraType\":\"Normal\",\"terastallized\":\"\"}]},\"rqid\":50}\n|inactive|Time left: 300 sec this turn | 300 sec total\n|\n|t:|1783391713\n|move|p2a: Cryogonal|Freeze-Dry|p1a: Quaquaval\n|-supereffective|p1a: Quaquaval\n|-damage|p1a: Quaquaval|0 fnt\n|faint|p1a: Quaquaval\n|\n|upkeep\n|request|{\"forceSwitch\":[true],\"side\":{\"name\":\"p0x0519161\",\"id\":\"p1\",\"pokemon\":[{\"ident\":\"p1: Quaquaval\",\"details\":\"Quaquaval, L79, M\",\"condition\":\"0 fnt\",\"active\":true,\"stats\":{\"atk\":235,\"def\":172,\"spa\":180,\"spd\":164,\"spe\":180},\"moves\":[\"closecombat\",\"aquastep\",\"swordsdance\",\"knockoff\"],\"baseAbility\":\"moxie\",\"item\":\"lifeorb\",\"pokeball\":\"pokeball\",\"ability\":\"moxie\",\"commanding\":false,\"reviving\":false,\"teraType\":\"Steel\",\"terastallized\":\"\"},{\"ident\":\"p1: Girafarig\",\"details\":\"Girafarig, L89, M\",\"condition\":\"0 fnt\",\"active\":false,\"stats\":{\"atk\":147,\"def\":166,\"spa\":211,\"spd\":166,\"spe\":202},\"moves\":[\"shadowball\",\"dazzlinggleam\",\"psyshock\",\"nastyplot\"],\"baseAbility\":\"sapsipper\",\"item\":\"eviolite\",\"pokeball\":\"pokeball\",\"ability\":\"sapsipper\",\"commanding\":false,\"reviving\":false,\"teraType\":\"Psychic\",\"terastallized\":\"\"},{\"ident\":\"p1: Okidogi\",\"details\":\"Okidogi, L77, M\",\"condition\":\"97/262\",\"active\":false,\"stats\":{\"atk\":242,\"def\":222,\"spa\":134,\"spd\":177,\"spe\":168},\"moves\":[\"knockoff\",\"highhorsepower\",\"drainpunch\",\"gunkshot\"],\"baseAbility\":\"toxicchain\",\"item\":\"assaultvest\",\"pokeball\":\"pokeball\",\"ability\":\"toxicchain\",\"commanding\":false,\"reviving\":false,\"teraType\":\"Dark\",\"terastallized\":\"\"},{\"ident\":\"p1: Flutter Mane\",\"details\":\"Flutter Mane, L74\",\"condition\":\"203/203\",\"active\":false,\"stats\":{\"atk\":86,\"def\":124,\"spa\":243,\"spd\":243,\"spe\":243},\"moves\":[\"moonblast\",\"thunderbolt\",\"mysticalfire\",\"shadowball\"],\"baseAbility\":\"protosynthesis\",\"item\":\"choicespecs\",\"pokeball\":\"pokeball\",\"ability\":\"protosynthesis\",\"commanding\":false,\"reviving\":false,\"teraType\":\"Fairy\",\"terastallized\":\"\"},{\"ident\":\"p1: Bellibolt\",\"details\":\"Bellibolt, L84, M\",\"condition\":\"320/320\",\"active\":false,\"stats\":{\"atk\":112,\"def\":201,\"spa\":221,\"spd\":188,\"spe\":124},\"moves\":[\"thunderbolt\",\"muddywater\",\"slackoff\",\"toxic\"],\"baseAbility\":\"electromorphosis\",\"item\":\"\",\"pokeball\":\"pokeball\",\"ability\":\"electromorphosis\",\"commanding\":false,\"reviving\":false,\"teraType\":\"Electric\",\"terastallized\":\"\"},{\"ident\":\"p1: Sawsbuck\",\"details\":\"Sawsbuck-Summer, L88, F\",\"condition\":\"284/284\",\"active\":false,\"stats\":{\"atk\":226,\"def\":173,\"spa\":156,\"spd\":173,\"spe\":217},\"moves\":[\"doubleedge\",\"hornleech\",\"highhorsepower\",\"swordsdance\"],\"baseAbility\":\"sapsipper\",\"item\":\"lifeorb\",\"pokeball\":\"pokeball\",\"ability\":\"sapsipper\",\"commanding\":false,\"reviving\":false,\"teraType\":\"Normal\",\"terastallized\":\"\"}]},\"noCancel\":true,\"rqid\":52}\n|inactive|Time left: 300 sec this turn | 300 sec total | 5 sec grace\n|\n|t:|1783391713\n|switch|p1a: Okidogi|Okidogi, L77, M|97/262\n|-activate|p1a: Okidogi|move: Sticky Web\n|-unboost|p1a: Okidogi|spe|1\n|turn|21\n|request|{\"active\":[{\"moves\":[{\"move\":\"Knock Off\",\"id\":\"knockoff\",\"pp\":32,\"maxpp\":32,\"target\":\"normal\",\"disabled\":false},{\"move\":\"High Horsepower\",\"id\":\"highhorsepower\",\"pp\":16,\"maxpp\":16,\"target\":\"normal\",\"disabled\":false},{\"move\":\"Drain Punch\",\"id\":\"drainpunch\",\"pp\":16,\"maxpp\":16,\"target\":\"normal\",\"disabled\":false},{\"move\":\"Gunk Shot\",\"id\":\"gunkshot\",\"pp\":6,\"maxpp\":8,\"target\":\"normal\",\"disabled\":false}],\"canTerastallize\":\"Dark\"}],\"side\":{\"name\":\"p0x0519161\",\"id\":\"p1\",\"pokemon\":[{\"ident\":\"p1: Okidogi\",\"details\":\"Okidogi, L77, M\",\"condition\":\"97/262\",\"active\":true,\"stats\":{\"atk\":242,\"def\":222,\"spa\":134,\"spd\":177,\"spe\":168},\"moves\":[\"knockoff\",\"highhorsepower\",\"drainpunch\",\"gunkshot\"],\"baseAbility\":\"toxicchain\",\"item\":\"assaultvest\",\"pokeball\":\"pokeball\",\"ability\":\"toxicchain\",\"commanding\":false,\"reviving\":false,\"teraType\":\"Dark\",\"terastallized\":\"\"},{\"ident\":\"p1: Girafarig\",\"details\":\"Girafarig, L89, M\",\"condition\":\"0 fnt\",\"active\":false,\"stats\":{\"atk\":147,\"def\":166,\"spa\":211,\"spd\":166,\"spe\":202},\"moves\":[\"shadowball\",\"dazzlinggleam\",\"psyshock\",\"nastyplot\"],\"baseAbility\":\"sapsipper\",\"item\":\"eviolite\",\"pokeball\":\"pokeball\",\"ability\":\"sapsipper\",\"commanding\":false,\"reviving\":false,\"teraType\":\"Psychic\",\"terastallized\":\"\"},{\"ident\":\"p1: Quaquaval\",\"details\":\"Quaquaval, L79, M\",\"condition\":\"0 fnt\",\"active\":false,\"stats\":{\"atk\":235,\"def\":172,\"spa\":180,\"spd\":164,\"spe\":180},\"moves\":[\"closecombat\",\"aquastep\",\"swordsdance\",\"knockoff\"],\"baseAbility\":\"moxie\",\"item\":\"lifeorb\",\"pokeball\":\"pokeball\",\"ability\":\"moxie\",\"commanding\":false,\"reviving\":false,\"teraType\":\"Steel\",\"terastallized\":\"\"},{\"ident\":\"p1: Flutter Mane\",\"details\":\"Flutter Mane, L74\",\"condition\":\"203/203\",\"active\":false,\"stats\":{\"atk\":86,\"def\":124,\"spa\":243,\"spd\":243,\"spe\":243},\"moves\":[\"moonblast\",\"thunderbolt\",\"mysticalfire\",\"shadowball\"],\"baseAbility\":\"protosynthesis\",\"item\":\"choicespecs\",\"pokeball\":\"pokeball\",\"ability\":\"protosynthesis\",\"commanding\":false,\"reviving\":false,\"teraType\":\"Fairy\",\"terastallized\":\"\"},{\"ident\":\"p1: Bellibolt\",\"details\":\"Bellibolt, L84, M\",\"condition\":\"320/320\",\"active\":false,\"stats\":{\"atk\":112,\"def\":201,\"spa\":221,\"spd\":188,\"spe\":124},\"moves\":[\"thunderbolt\",\"muddywater\",\"slackoff\",\"toxic\"],\"baseAbility\":\"electromorphosis\",\"item\":\"\",\"pokeball\":\"pokeball\",\"ability\":\"electromorphosis\",\"commanding\":false,\"reviving\":false,\"teraType\":\"Electric\",\"terastallized\":\"\"},{\"ident\":\"p1: Sawsbuck\",\"details\":\"Sawsbuck-Summer, L88, F\",\"condition\":\"284/284\",\"active\":false,\"stats\":{\"atk\":226,\"def\":173,\"spa\":156,\"spd\":173,\"spe\":217},\"moves\":[\"doubleedge\",\"hornleech\",\"highhorsepower\",\"swordsdance\"],\"baseAbility\":\"sapsipper\",\"item\":\"lifeorb\",\"pokeball\":\"pokeball\",\"ability\":\"sapsipper\",\"commanding\":false,\"reviving\":false,\"teraType\":\"Normal\",\"terastallized\":\"\"}]},\"rqid\":54}\n|inactive|Time left: 300 sec this turn | 300 sec total\n|\n|t:|1783391714\n|move|p2a: Cryogonal|Freeze-Dry|p1a: Okidogi\n|-damage|p1a: Okidogi|37/262\n|move|p1a: Okidogi|Drain Punch|p2a: Cryogonal\n|-supereffective|p2a: Cryogonal\n|-damage|p2a: Cryogonal|21/100\n|-heal|p1a: Okidogi|151/262|[from] drain|[of] p2a: Cryogonal\n|-status|p2a: Cryogonal|tox|[from] ability: Toxic Chain|[of] p1a: Okidogi\n|\n|-damage|p2a: Cryogonal|15/100 tox|[from] psn\n|upkeep\n|turn|22\n|request|{\"active\":[{\"moves\":[{\"move\":\"Knock Off\",\"id\":\"knockoff\",\"pp\":32,\"maxpp\":32,\"target\":\"normal\",\"disabled\":false},{\"move\":\"High Horsepower\",\"id\":\"highhorsepower\",\"pp\":16,\"maxpp\":16,\"target\":\"normal\",\"disabled\":false},{\"move\":\"Drain Punch\",\"id\":\"drainpunch\",\"pp\":15,\"maxpp\":16,\"target\":\"normal\",\"disabled\":false},{\"move\":\"Gunk Shot\",\"id\":\"gunkshot\",\"pp\":6,\"maxpp\":8,\"target\":\"normal\",\"disabled\":false}],\"canTerastallize\":\"Dark\"}],\"side\":{\"name\":\"p0x0519161\",\"id\":\"p1\",\"pokemon\":[{\"ident\":\"p1: Okidogi\",\"details\":\"Okidogi, L77, M\",\"condition\":\"151/262\",\"active\":true,\"stats\":{\"atk\":242,\"def\":222,\"spa\":134,\"spd\":177,\"spe\":168},\"moves\":[\"knockoff\",\"highhorsepower\",\"drainpunch\",\"gunkshot\"],\"baseAbility\":\"toxicchain\",\"item\":\"assaultvest\",\"pokeball\":\"pokeball\",\"ability\":\"toxicchain\",\"commanding\":false,\"reviving\":false,\"teraType\":\"Dark\",\"terastallized\":\"\"},{\"ident\":\"p1: Girafarig\",\"details\":\"Girafarig, L89, M\",\"condition\":\"0 fnt\",\"active\":false,\"stats\":{\"atk\":147,\"def\":166,\"spa\":211,\"spd\":166,\"spe\":202},\"moves\":[\"shadowball\",\"dazzlinggleam\",\"psyshock\",\"nastyplot\"],\"baseAbility\":\"sapsipper\",\"item\":\"eviolite\",\"pokeball\":\"pokeball\",\"ability\":\"sapsipper\",\"commanding\":false,\"reviving\":false,\"teraType\":\"Psychic\",\"terastallized\":\"\"},{\"ident\":\"p1: Quaquaval\",\"details\":\"Quaquaval, L79, M\",\"condition\":\"0 fnt\",\"active\":false,\"stats\":{\"atk\":235,\"def\":172,\"spa\":180,\"spd\":164,\"spe\":180},\"moves\":[\"closecombat\",\"aquastep\",\"swordsdance\",\"knockoff\"],\"baseAbility\":\"moxie\",\"item\":\"lifeorb\",\"pokeball\":\"pokeball\",\"ability\":\"moxie\",\"commanding\":false,\"reviving\":false,\"teraType\":\"Steel\",\"terastallized\":\"\"},{\"ident\":\"p1: Flutter Mane\",\"details\":\"Flutter Mane, L74\",\"condition\":\"203/203\",\"active\":false,\"stats\":{\"atk\":86,\"def\":124,\"spa\":243,\"spd\":243,\"spe\":243},\"moves\":[\"moonblast\",\"thunderbolt\",\"mysticalfire\",\"shadowball\"],\"baseAbility\":\"protosynthesis\",\"item\":\"choicespecs\",\"pokeball\":\"pokeball\",\"ability\":\"protosynthesis\",\"commanding\":false,\"reviving\":false,\"teraType\":\"Fairy\",\"terastallized\":\"\"},{\"ident\":\"p1: Bellibolt\",\"details\":\"Bellibolt, L84, M\",\"condition\":\"320/320\",\"active\":false,\"stats\":{\"atk\":112,\"def\":201,\"spa\":221,\"spd\":188,\"spe\":124},\"moves\":[\"thunderbolt\",\"muddywater\",\"slackoff\",\"toxic\"],\"baseAbility\":\"electromorphosis\",\"item\":\"\",\"pokeball\":\"pokeball\",\"ability\":\"electromorphosis\",\"commanding\":false,\"reviving\":false,\"teraType\":\"Electric\",\"terastallized\":\"\"},{\"ident\":\"p1: Sawsbuck\",\"details\":\"Sawsbuck-Summer, L88, F\",\"condition\":\"284/284\",\"active\":false,\"stats\":{\"atk\":226,\"def\":173,\"spa\":156,\"spd\":173,\"spe\":217},\"moves\":[\"doubleedge\",\"hornleech\",\"highhorsepower\",\"swordsdance\"],\"baseAbility\":\"sapsipper\",\"item\":\"lifeorb\",\"pokeball\":\"pokeball\",\"ability\":\"sapsipper\",\"commanding\":false,\"reviving\":false,\"teraType\":\"Normal\",\"terastallized\":\"\"}]},\"rqid\":56}\n|inactive|Time left: 300 sec this turn | 300 sec total\n|\n|t:|1783391714\n|move|p2a: Cryogonal|Freeze-Dry|p1a: Okidogi\n|-damage|p1a: Okidogi|91/262\n|-status|p1a: Okidogi|frz\n|cant|p1a: Okidogi|frz\n|\n|-damage|p2a: Cryogonal|3/100 tox|[from] psn\n|upkeep\n|turn|23\n|request|{\"active\":[{\"moves\":[{\"move\":\"Knock Off\",\"id\":\"knockoff\",\"pp\":32,\"maxpp\":32,\"target\":\"normal\",\"disabled\":false},{\"move\":\"High Horsepower\",\"id\":\"highhorsepower\",\"pp\":16,\"maxpp\":16,\"target\":\"normal\",\"disabled\":false},{\"move\":\"Drain Punch\",\"id\":\"drainpunch\",\"pp\":15,\"maxpp\":16,\"target\":\"normal\",\"disabled\":false},{\"move\":\"Gunk Shot\",\"id\":\"gunkshot\",\"pp\":6,\"maxpp\":8,\"target\":\"normal\",\"disabled\":false}],\"canTerastallize\":\"Dark\"}],\"side\":{\"name\":\"p0x0519161\",\"id\":\"p1\",\"pokemon\":[{\"ident\":\"p1: Okidogi\",\"details\":\"Okidogi, L77, M\",\"condition\":\"91/262 frz\",\"active\":true,\"stats\":{\"atk\":242,\"def\":222,\"spa\":134,\"spd\":177,\"spe\":168},\"moves\":[\"knockoff\",\"highhorsepower\",\"drainpunch\",\"gunkshot\"],\"baseAbility\":\"toxicchain\",\"item\":\"assaultvest\",\"pokeball\":\"pokeball\",\"ability\":\"toxicchain\",\"commanding\":false,\"reviving\":false,\"teraType\":\"Dark\",\"terastallized\":\"\"},{\"ident\":\"p1: Girafarig\",\"details\":\"Girafarig, L89, M\",\"condition\":\"0 fnt\",\"active\":false,\"stats\":{\"atk\":147,\"def\":166,\"spa\":211,\"spd\":166,\"spe\":202},\"moves\":[\"shadowball\",\"dazzlinggleam\",\"psyshock\",\"nastyplot\"],\"baseAbility\":\"sapsipper\",\"item\":\"eviolite\",\"pokeball\":\"pokeball\",\"ability\":\"sapsipper\",\"commanding\":false,\"reviving\":false,\"teraType\":\"Psychic\",\"terastallized\":\"\"},{\"ident\":\"p1: Quaquaval\",\"details\":\"Quaquaval, L79, M\",\"condition\":\"0 fnt\",\"active\":false,\"stats\":{\"atk\":235,\"def\":172,\"spa\":180,\"spd\":164,\"spe\":180},\"moves\":[\"closecombat\",\"aquastep\",\"swordsdance\",\"knockoff\"],\"baseAbility\":\"moxie\",\"item\":\"lifeorb\",\"pokeball\":\"pokeball\",\"ability\":\"moxie\",\"commanding\":false,\"reviving\":false,\"teraType\":\"Steel\",\"terastallized\":\"\"},{\"ident\":\"p1: Flutter Mane\",\"details\":\"Flutter Mane, L74\",\"condition\":\"203/203\",\"active\":false,\"stats\":{\"atk\":86,\"def\":124,\"spa\":243,\"spd\":243,\"spe\":243},\"moves\":[\"moonblast\",\"thunderbolt\",\"mysticalfire\",\"shadowball\"],\"baseAbility\":\"protosynthesis\",\"item\":\"choicespecs\",\"pokeball\":\"pokeball\",\"ability\":\"protosynthesis\",\"commanding\":false,\"reviving\":false,\"teraType\":\"Fairy\",\"terastallized\":\"\"},{\"ident\":\"p1: Bellibolt\",\"details\":\"Bellibolt, L84, M\",\"condition\":\"320/320\",\"active\":false,\"stats\":{\"atk\":112,\"def\":201,\"spa\":221,\"spd\":188,\"spe\":124},\"moves\":[\"thunderbolt\",\"muddywater\",\"slackoff\",\"toxic\"],\"baseAbility\":\"electromorphosis\",\"item\":\"\",\"pokeball\":\"pokeball\",\"ability\":\"electromorphosis\",\"commanding\":false,\"reviving\":false,\"teraType\":\"Electric\",\"terastallized\":\"\"},{\"ident\":\"p1: Sawsbuck\",\"details\":\"Sawsbuck-Summer, L88, F\",\"condition\":\"284/284\",\"active\":false,\"stats\":{\"atk\":226,\"def\":173,\"spa\":156,\"spd\":173,\"spe\":217},\"moves\":[\"doubleedge\",\"hornleech\",\"highhorsepower\",\"swordsdance\"],\"baseAbility\":\"sapsipper\",\"item\":\"lifeorb\",\"pokeball\":\"pokeball\",\"ability\":\"sapsipper\",\"commanding\":false,\"reviving\":false,\"teraType\":\"Normal\",\"terastallized\":\"\"}]},\"rqid\":58}\n|inactive|Time left: 300 sec this turn | 300 sec total\n|\n|t:|1783391714\n|switch|p1a: Sawsbuck|Sawsbuck-Summer, L88, F|284/284\n|-activate|p1a: Sawsbuck|move: Sticky Web\n|-unboost|p1a: Sawsbuck|spe|1\n|move|p2a: Cryogonal|Recover|p2a: Cryogonal\n|-heal|p2a: Cryogonal|53/100 tox\n|\n|-damage|p2a: Cryogonal|36/100 tox|[from] psn\n|upkeep\n|turn|24\n|request|{\"active\":[{\"moves\":[{\"move\":\"Double-Edge\",\"id\":\"doubleedge\",\"pp\":24,\"maxpp\":24,\"target\":\"normal\",\"disabled\":false},{\"move\":\"Horn Leech\",\"id\":\"hornleech\",\"pp\":16,\"maxpp\":16,\"target\":\"normal\",\"disabled\":false},{\"move\":\"High Horsepower\",\"id\":\"highhorsepower\",\"pp\":16,\"maxpp\":16,\"target\":\"normal\",\"disabled\":false},{\"move\":\"Swords Dance\",\"id\":\"swordsdance\",\"pp\":32,\"maxpp\":32,\"target\":\"self\",\"disabled\":false}],\"canTerastallize\":\"Normal\"}],\"side\":{\"name\":\"p0x0519161\",\"id\":\"p1\",\"pokemon\":[{\"ident\":\"p1: Sawsbuck\",\"details\":\"Sawsbuck-Summer, L88, F\",\"condition\":\"284/284\",\"active\":true,\"stats\":{\"atk\":226,\"def\":173,\"spa\":156,\"spd\":173,\"spe\":217},\"moves\":[\"doubleedge\",\"hornleech\",\"highhorsepower\",\"swordsdance\"],\"baseAbility\":\"sapsipper\",\"item\":\"lifeorb\",\"pokeball\":\"pokeball\",\"ability\":\"sapsipper\",\"commanding\":false,\"reviving\":false,\"teraType\":\"Normal\",\"terastallized\":\"\"},{\"ident\":\"p1: Girafarig\",\"details\":\"Girafarig, L89, M\",\"condition\":\"0 fnt\",\"active\":false,\"stats\":{\"atk\":147,\"def\":166,\"spa\":211,\"spd\":166,\"spe\":202},\"moves\":[\"shadowball\",\"dazzlinggleam\",\"psyshock\",\"nastyplot\"],\"baseAbility\":\"sapsipper\",\"item\":\"eviolite\",\"pokeball\":\"pokeball\",\"ability\":\"sapsipper\",\"commanding\":false,\"reviving\":false,\"teraType\":\"Psychic\",\"terastallized\":\"\"},{\"ident\":\"p1: Quaquaval\",\"details\":\"Quaquaval, L79, M\",\"condition\":\"0 fnt\",\"active\":false,\"stats\":{\"atk\":235,\"def\":172,\"spa\":180,\"spd\":164,\"spe\":180},\"moves\":[\"closecombat\",\"aquastep\",\"swordsdance\",\"knockoff\"],\"baseAbility\":\"moxie\",\"item\":\"lifeorb\",\"pokeball\":\"pokeball\",\"ability\":\"moxie\",\"commanding\":false,\"reviving\":false,\"teraType\":\"Steel\",\"terastallized\":\"\"},{\"ident\":\"p1: Flutter Mane\",\"details\":\"Flutter Mane, L74\",\"condition\":\"203/203\",\"active\":false,\"stats\":{\"atk\":86,\"def\":124,\"spa\":243,\"spd\":243,\"spe\":243},\"moves\":[\"moonblast\",\"thunderbolt\",\"mysticalfire\",\"shadowball\"],\"baseAbility\":\"protosynthesis\",\"item\":\"choicespecs\",\"pokeball\":\"pokeball\",\"ability\":\"protosynthesis\",\"commanding\":false,\"reviving\":false,\"teraType\":\"Fairy\",\"terastallized\":\"\"},{\"ident\":\"p1: Bellibolt\",\"details\":\"Bellibolt, L84, M\",\"condition\":\"320/320\",\"active\":false,\"stats\":{\"atk\":112,\"def\":201,\"spa\":221,\"spd\":188,\"spe\":124},\"moves\":[\"thunderbolt\",\"muddywater\",\"slackoff\",\"toxic\"],\"baseAbility\":\"electromorphosis\",\"item\":\"\",\"pokeball\":\"pokeball\",\"ability\":\"electromorphosis\",\"commanding\":false,\"reviving\":false,\"teraType\":\"Electric\",\"terastallized\":\"\"},{\"ident\":\"p1: Okidogi\",\"details\":\"Okidogi, L77, M\",\"condition\":\"91/262 frz\",\"active\":false,\"stats\":{\"atk\":242,\"def\":222,\"spa\":134,\"spd\":177,\"spe\":168},\"moves\":[\"knockoff\",\"highhorsepower\",\"drainpunch\",\"gunkshot\"],\"baseAbility\":\"toxicchain\",\"item\":\"assaultvest\",\"pokeball\":\"pokeball\",\"ability\":\"toxicchain\",\"commanding\":false,\"reviving\":false,\"teraType\":\"Dark\",\"terastallized\":\"\"}]},\"rqid\":60}\n|inactive|Time left: 300 sec this turn | 300 sec total\n|\n|t:|1783391714\n|move|p2a: Cryogonal|Freeze-Dry|p1a: Sawsbuck\n|-supereffective|p1a: Sawsbuck\n|-crit|p1a: Sawsbuck\n|-damage|p1a: Sawsbuck|6/284\n|move|p1a: Sawsbuck|Double-Edge|p2a: Cryogonal\n|-damage|p2a: Cryogonal|0 fnt\n|faint|p2a: Cryogonal\n|-damage|p1a: Sawsbuck|0 fnt|[from] Recoil\n|faint|p1a: Sawsbuck\n|\n|upkeep\n|request|{\"forceSwitch\":[true],\"side\":{\"name\":\"p0x0519161\",\"id\":\"p1\",\"pokemon\":[{\"ident\":\"p1: Sawsbuck\",\"details\":\"Sawsbuck-Summer, L88, F\",\"condition\":\"0 fnt\",\"active\":true,\"stats\":{\"atk\":226,\"def\":173,\"spa\":156,\"spd\":173,\"spe\":217},\"moves\":[\"doubleedge\",\"hornleech\",\"highhorsepower\",\"swordsdance\"],\"baseAbility\":\"sapsipper\",\"item\":\"lifeorb\",\"pokeball\":\"pokeball\",\"ability\":\"sapsipper\",\"commanding\":false,\"reviving\":false,\"teraType\":\"Normal\",\"terastallized\":\"\"},{\"ident\":\"p1: Girafarig\",\"details\":\"Girafarig, L89, M\",\"condition\":\"0 fnt\",\"active\":false,\"stats\":{\"atk\":147,\"def\":166,\"spa\":211,\"spd\":166,\"spe\":202},\"moves\":[\"shadowball\",\"dazzlinggleam\",\"psyshock\",\"nastyplot\"],\"baseAbility\":\"sapsipper\",\"item\":\"eviolite\",\"pokeball\":\"pokeball\",\"ability\":\"sapsipper\",\"commanding\":false,\"reviving\":false,\"teraType\":\"Psychic\",\"terastallized\":\"\"},{\"ident\":\"p1: Quaquaval\",\"details\":\"Quaquaval, L79, M\",\"condition\":\"0 fnt\",\"active\":false,\"stats\":{\"atk\":235,\"def\":172,\"spa\":180,\"spd\":164,\"spe\":180},\"moves\":[\"closecombat\",\"aquastep\",\"swordsdance\",\"knockoff\"],\"baseAbility\":\"moxie\",\"item\":\"lifeorb\",\"pokeball\":\"pokeball\",\"ability\":\"moxie\",\"commanding\":false,\"reviving\":false,\"teraType\":\"Steel\",\"terastallized\":\"\"},{\"ident\":\"p1: Flutter Mane\",\"details\":\"Flutter Mane, L74\",\"condition\":\"203/203\",\"active\":false,\"stats\":{\"atk\":86,\"def\":124,\"spa\":243,\"spd\":243,\"spe\":243},\"moves\":[\"moonblast\",\"thunderbolt\",\"mysticalfire\",\"shadowball\"],\"baseAbility\":\"protosynthesis\",\"item\":\"choicespecs\",\"pokeball\":\"pokeball\",\"ability\":\"protosynthesis\",\"commanding\":false,\"reviving\":false,\"teraType\":\"Fairy\",\"terastallized\":\"\"},{\"ident\":\"p1: Bellibolt\",\"details\":\"Bellibolt, L84, M\",\"condition\":\"320/320\",\"active\":false,\"stats\":{\"atk\":112,\"def\":201,\"spa\":221,\"spd\":188,\"spe\":124},\"moves\":[\"thunderbolt\",\"muddywater\",\"slackoff\",\"toxic\"],\"baseAbility\":\"electromorphosis\",\"item\":\"\",\"pokeball\":\"pokeball\",\"ability\":\"electromorphosis\",\"commanding\":false,\"reviving\":false,\"teraType\":\"Electric\",\"terastallized\":\"\"},{\"ident\":\"p1: Okidogi\",\"details\":\"Okidogi, L77, M\",\"condition\":\"91/262 frz\",\"active\":false,\"stats\":{\"atk\":242,\"def\":222,\"spa\":134,\"spd\":177,\"spe\":168},\"moves\":[\"knockoff\",\"highhorsepower\",\"drainpunch\",\"gunkshot\"],\"baseAbility\":\"toxicchain\",\"item\":\"assaultvest\",\"pokeball\":\"pokeball\",\"ability\":\"toxicchain\",\"commanding\":false,\"reviving\":false,\"teraType\":\"Dark\",\"terastallized\":\"\"}]},\"rqid\":62}\n|inactive|Time left: 300 sec this turn | 300 sec total | 5 sec grace\n|\n|t:|1783391714\n|switch|p2a: Ditto|Ditto, L87|100/100\n|switch|p1a: Flutter Mane|Flutter Mane, L74|203/203\n|-activate|p1a: Flutter Mane|move: Sticky Web\n|-unboost|p1a: Flutter Mane|spe|1\n|-transform|p2a: Ditto|p1a: Flutter Mane|[from] ability: Imposter\n|turn|25\n|request|{\"active\":[{\"moves\":[{\"move\":\"Moonblast\",\"id\":\"moonblast\",\"pp\":24,\"maxpp\":24,\"target\":\"normal\",\"disabled\":false},{\"move\":\"Thunderbolt\",\"id\":\"thunderbolt\",\"pp\":24,\"maxpp\":24,\"target\":\"normal\",\"disabled\":false},{\"move\":\"Mystical Fire\",\"id\":\"mysticalfire\",\"pp\":16,\"maxpp\":16,\"target\":\"normal\",\"disabled\":false},{\"move\":\"Shadow Ball\",\"id\":\"shadowball\",\"pp\":24,\"maxpp\":24,\"target\":\"normal\",\"disabled\":false}],\"canTerastallize\":\"Fairy\"}],\"side\":{\"name\":\"p0x0519161\",\"id\":\"p1\",\"pokemon\":[{\"ident\":\"p1: Flutter Mane\",\"details\":\"Flutter Mane, L74\",\"condition\":\"203/203\",\"active\":true,\"stats\":{\"atk\":86,\"def\":124,\"spa\":243,\"spd\":243,\"spe\":243},\"moves\":[\"moonblast\",\"thunderbolt\",\"mysticalfire\",\"shadowball\"],\"baseAbility\":\"protosynthesis\",\"item\":\"choicespecs\",\"pokeball\":\"pokeball\",\"ability\":\"protosynthesis\",\"commanding\":false,\"reviving\":false,\"teraType\":\"Fairy\",\"terastallized\":\"\"},{\"ident\":\"p1: Girafarig\",\"details\":\"Girafarig, L89, M\",\"condition\":\"0 fnt\",\"active\":false,\"stats\":{\"atk\":147,\"def\":166,\"spa\":211,\"spd\":166,\"spe\":202},\"moves\":[\"shadowball\",\"dazzlinggleam\",\"psyshock\",\"nastyplot\"],\"baseAbility\":\"sapsipper\",\"item\":\"eviolite\",\"pokeball\":\"pokeball\",\"ability\":\"sapsipper\",\"commanding\":false,\"reviving\":false,\"teraType\":\"Psychic\",\"terastallized\":\"\"},{\"ident\":\"p1: Quaquaval\",\"details\":\"Quaquaval, L79, M\",\"condition\":\"0 fnt\",\"active\":false,\"stats\":{\"atk\":235,\"def\":172,\"spa\":180,\"spd\":164,\"spe\":180},\"moves\":[\"closecombat\",\"aquastep\",\"swordsdance\",\"knockoff\"],\"baseAbility\":\"moxie\",\"item\":\"lifeorb\",\"pokeball\":\"pokeball\",\"ability\":\"moxie\",\"commanding\":false,\"reviving\":false,\"teraType\":\"Steel\",\"terastallized\":\"\"},{\"ident\":\"p1: Sawsbuck\",\"details\":\"Sawsbuck-Summer, L88, F\",\"condition\":\"0 fnt\",\"active\":false,\"stats\":{\"atk\":226,\"def\":173,\"spa\":156,\"spd\":173,\"spe\":217},\"moves\":[\"doubleedge\",\"hornleech\",\"highhorsepower\",\"swordsdance\"],\"baseAbility\":\"sapsipper\",\"item\":\"lifeorb\",\"pokeball\":\"pokeball\",\"ability\":\"sapsipper\",\"commanding\":false,\"reviving\":false,\"teraType\":\"Normal\",\"terastallized\":\"\"},{\"ident\":\"p1: Bellibolt\",\"details\":\"Bellibolt, L84, M\",\"condition\":\"320/320\",\"active\":false,\"stats\":{\"atk\":112,\"def\":201,\"spa\":221,\"spd\":188,\"spe\":124},\"moves\":[\"thunderbolt\",\"muddywater\",\"slackoff\",\"toxic\"],\"baseAbility\":\"electromorphosis\",\"item\":\"\",\"pokeball\":\"pokeball\",\"ability\":\"electromorphosis\",\"commanding\":false,\"reviving\":false,\"teraType\":\"Electric\",\"terastallized\":\"\"},{\"ident\":\"p1: Okidogi\",\"details\":\"Okidogi, L77, M\",\"condition\":\"91/262 frz\",\"active\":false,\"stats\":{\"atk\":242,\"def\":222,\"spa\":134,\"spd\":177,\"spe\":168},\"moves\":[\"knockoff\",\"highhorsepower\",\"drainpunch\",\"gunkshot\"],\"baseAbility\":\"toxicchain\",\"item\":\"assaultvest\",\"pokeball\":\"pokeball\",\"ability\":\"toxicchain\",\"commanding\":false,\"reviving\":false,\"teraType\":\"Dark\",\"terastallized\":\"\"}]},\"rqid\":6, "uploadtime": 1783391715, "views": 0, "rating": 0, "private": 0, "password": null, "_winner": "p0x0519161", "_our_name": "p0y0514607"}Mystical Fire|p1a: Flutter Mane\n|-damage|p1a: Flutter Mane|153/203\n|-unboost|p1a: Flutter Mane|spa|1\n|move|p1a: Flutter Mane|Shadow Ball|p2a: Ditto\n|-supereffective|p2a: Ditto\n|-damage|p2a: Ditto|34/100\n|\n|upkeep\n|turn|26\n|request|{\"active\":[{\"moves\":[{\"move\":\"Moonblast\",\"id\":\"moonblast\",\"pp\":24,\"maxpp\":24,\"target\":\"normal\",\"disabled\":true},{\"move\":\"Thunderbolt\",\"id\":\"thunderbolt\",\"pp\":24,\"maxpp\":24,\"target\":\"normal\",\"disabled\":true},{\"move\":\"Mystical Fire\",\"id\":\"mysticalfire\",\"pp\":16,\"maxpp\":16,\"target\":\"normal\",\"disabled\":true},{\"move\":\"Shadow Ball\",\"id\":\"shadowball\",\"pp\":23,\"maxpp\":24,\"target\":\"normal\",\"disabled\":false}]}],\"side\":{\"name\":\"p0x0519161\",\"id\":\"p1\",\"pokemon\":[{\"ident\":\"p1: Flutter Mane\",\"details\":\"Flutter Mane, L74\",\"condition\":\"153/203\",\"active\":true,\"stats\":{\"atk\":86,\"def\":124,\"spa\":243,\"spd\":243,\"spe\":243},\"moves\":[\"moonblast\",\"thunderbolt\",\"mysticalfire\",\"shadowball\"],\"baseAbility\":\"protosynthesis\",\"item\":\"choicespecs\",\"pokeball\":\"pokeball\",\"ability\":\"protosynthesis\",\"commanding\":false,\"reviving\":false,\"teraType\":\"Fairy\",\"terastallized\":\"Fairy\"},{\"ident\":\"p1: Girafarig\",\"details\":\"Girafarig, L89, M\",\"condition\":\"0 fnt\",\"active\":false,\"stats\":{\"atk\":147,\"def\":166,\"spa\":211,\"spd\":166,\"spe\":202},\"moves\":[\"shadowball\",\"dazzlinggleam\",\"psyshock\",\"nastyplot\"],\"baseAbility\":\"sapsipper\",\"item\":\"eviolite\",\"pokeball\":\"pokeball\",\"ability\":\"sapsipper\",\"commanding\":false,\"reviving\":false,\"teraType\":\"Psychic\",\"terastallized\":\"\"},{\"ident\":\"p1: Quaquaval\",\"details\":\"Quaquaval, L79, M\",\"condition\":\"0 fnt\",\"active\":false,\"stats\":{\"atk\":235,\"def\":172,\"spa\":180,\"spd\":164,\"spe\":180},\"moves\":[\"closecombat\",\"aquastep\",\"swordsdance\",\"knockoff\"],\"baseAbility\":\"moxie\",\"item\":\"lifeorb\",\"pokeball\":\"pokeball\",\"ability\":\"moxie\",\"commanding\":false,\"reviving\":false,\"teraType\":\"Steel\",\"terastallized\":\"\"},{\"ident\":\"p1: Sawsbuck\",\"details\":\"Sawsbuck-Summer, L88, F\",\"condition\":\"0 fnt\",\"active\":false,\"stats\":{\"atk\":226,\"def\":173,\"spa\":156,\"spd\":173,\"spe\":217},\"moves\":[\"doubleedge\",\"hornleech\",\"highhorsepower\",\"swordsdance\"],\"baseAbility\":\"sapsipper\",\"item\":\"lifeorb\",\"pokeball\":\"pokeball\",\"ability\":\"sapsipper\",\"commanding\":false,\"reviving\":false,\"teraType\":\"Normal\",\"terastallized\":\"\"},{\"ident\":\"p1: Bellibolt\",\"details\":\"Bellibolt, L84, M\",\"condition\":\"320/320\",\"active\":false,\"stats\":{\"atk\":112,\"def\":201,\"spa\":221,\"spd\":188,\"spe\":124},\"moves\":[\"thunderbolt\",\"muddywater\",\"slackoff\",\"toxic\"],\"baseAbility\":\"electromorphosis\",\"item\":\"\",\"pokeball\":\"pokeball\",\"ability\":\"electromorphosis\",\"commanding\":false,\"reviving\":false,\"teraType\":\"Electric\",\"terastallized\":\"\"},{\"ident\":\"p1: Okidogi\",\"details\":\"Okidogi, L77, M\",\"condition\":\"91/262 frz\",\"active\":false,\"stats\":{\"atk\":242,\"def\":222,\"spa\":134,\"spd\":177,\"spe\":168},\"moves\":[\"knockoff\",\"highhorsepower\",\"drainpunch\",\"gunkshot\"],\"baseAbility\":\"toxicchain\",\"item\":\"assaultvest\",\"pokeball\":\"pokeball\",\"ability\":\"toxicchain\",\"commanding\":false,\"reviving\":false,\"teraType\":\"Dark\",\"terastallized\":\"\"}]},\"rqid\":66}\n|inactive|Time left: 300 sec this turn | 300 sec total\n|\n|t:|1783391715\n|move|p2a: Ditto|Mystical Fire|p1a: Flutter Mane\n|-damage|p1a: Flutter Mane|101/203\n|-unboost|p1a: Flutter Mane|spa|1\n|move|p1a: Flutter Mane|Shadow Ball|p2a: Ditto\n|-supereffective|p2a: Ditto\n|-damage|p2a: Ditto|0 fnt\n|faint|p2a: Ditto\n|-end|p2a: Ditto|Protosynthesis|[silent]\n|\n|win|p0x0519161", "uploadtime": 1783391715, "views": 0, "rating": 0, "private": 0, "password": null, "_winner": "p0x0519161", "_our_name": "p0x0519161"}