{"id": "battle-gen9randombattle-301", "formatid": "gen9randombattle", "format": "[Gen 9] Random Battle", "players": ["p0x099a2f1", "p0y0993864"], "log": "|init|battle\n|title|p0x099a2f1 vs. p0y0993864\n|j|\u2606p0x099a2f1\n|j|\u2606p0y0993864\n|t:|1783392526\n|gametype|singles\n|player|p1|p0x099a2f1|266|\n|player|p2|p0y0993864|102|\n|gen|9\n|tier|[Gen 9] Random Battle\n|rule|Species Clause: Limit one of each Pok\u00e9mon\n|rule|HP Percentage Mod: HP is shown in percentages\n|rule|Sleep Clause Mod: Limit one foe put to sleep\n|rule|Illusion Level Mod: Illusion disguises the Pok\u00e9mon's true level\n|\n|t:|1783392526\n|teamsize|p1|6\n|teamsize|p2|6\n|start\n|switch|p1a: Bronzong|Bronzong, L88|100/100\n|switch|p2a: Mismagius|Mismagius, L86, M|243/243\n|turn|1\n|request|{\"active\":[{\"moves\":[{\"move\":\"Energy Ball\",\"id\":\"energyball\",\"pp\":16,\"maxpp\":16,\"target\":\"normal\",\"disabled\":false},{\"move\":\"Trick\",\"id\":\"trick\",\"pp\":16,\"maxpp\":16,\"target\":\"normal\",\"disabled\":false},{\"move\":\"Thunderbolt\",\"id\":\"thunderbolt\",\"pp\":24,\"maxpp\":24,\"target\":\"normal\",\"disabled\":false},{\"move\":\"Shadow Ball\",\"id\":\"shadowball\",\"pp\":24,\"maxpp\":24,\"target\":\"normal\",\"disabled\":false}],\"canTerastallize\":\"Ghost\"}],\"side\":{\"name\":\"p0y0993864\",\"id\":\"p2\",\"pokemon\":[{\"ident\":\"p2: Mismagius\",\"details\":\"Mismagius, L86, M\",\"condition\":\"243/243\",\"active\":true,\"stats\":{\"atk\":108,\"def\":152,\"spa\":230,\"spd\":230,\"spe\":230},\"moves\":[\"energyball\",\"trick\",\"thunderbolt\",\"shadowball\"],\"baseAbility\":\"levitate\",\"item\":\"choicespecs\",\"pokeball\":\"pokeball\",\"ability\":\"levitate\",\"commanding\":false,\"reviving\":false,\"teraType\":\"Ghost\",\"terastallized\":\"\"},{\"ident\":\"p2: Slowbro\",\"details\":\"Slowbro, L85, F\",\"condition\":\"300/300\",\"active\":false,\"stats\":{\"atk\":132,\"def\":236,\"spa\":219,\"spd\":185,\"spe\":100},\"moves\":[\"scald\",\"bodypress\",\"irondefense\",\"slackoff\"],\"baseAbility\":\"regenerator\",\"item\":\"leftovers\",\"pokeball\":\"pokeball\",\"ability\":\"regenerator\",\"commanding\":false,\"reviving\":false,\"teraType\":\"Fighting\",\"terastallized\":\"\"},{\"ident\":\"p2: Zarude\",\"details\":\"Zarude-Dada, L77\",\"condition\":\"288/288\",\"active\":false,\"stats\":{\"atk\":229,\"def\":206,\"spa\":152,\"spd\":191,\"spe\":206},\"moves\":[\"closecombat\",\"powerwhip\",\"knockoff\",\"uturn\"],\"baseAbility\":\"leafguard\",\"item\":\"choicescarf\",\"pokeball\":\"pokeball\",\"ability\":\"leafguard\",\"commanding\":false,\"reviving\":false,\"teraType\":\"Grass\",\"terastallized\":\"\"},{\"ident\":\"p2: Zangoose\",\"details\":\"Zangoose, L85, M\",\"condition\":\"263/263\",\"active\":false,\"stats\":{\"atk\":244,\"def\":151,\"spa\":151,\"spd\":151,\"spe\":202},\"moves\":[\"quickattack\",\"swordsdance\",\"knockoff\",\"facade\"],\"baseAbility\":\"toxicboost\",\"item\":\"toxicorb\",\"pokeball\":\"pokeball\",\"ability\":\"toxicboost\",\"commanding\":false,\"reviving\":false,\"teraType\":\"Normal\",\"terastallized\":\"\"},{\"ident\":\"p2: Forretress\",\"details\":\"Forretress, L84, F\",\"condition\":\"263/263\",\"active\":false,\"stats\":{\"atk\":199,\"def\":283,\"spa\":149,\"spd\":149,\"spe\":115},\"moves\":[\"stealthrock\",\"bodypress\",\"ironhead\",\"spikes\"],\"baseAbility\":\"sturdy\",\"item\":\"leftovers\",\"pokeball\":\"pokeball\",\"ability\":\"sturdy\",\"commanding\":false,\"reviving\":false,\"teraType\":\"Water\",\"terastallized\":\"\"},{\"ident\":\"p2: Primarina\",\"details\":\"Primarina, L83, F\",\"condition\":\"268/268\",\"active\":false,\"stats\":{\"atk\":171,\"def\":171,\"spa\":257,\"spd\":240,\"spe\":147},\"moves\":[\"moonblast\",\"psychic\",\"hydropump\",\"flipturn\"],\"baseAbility\":\"torrent\",\"item\":\"choicespecs\",\"pokeball\":\"pokeball\",\"ability\":\"torrent\",\"commanding\":false,\"reviving\":false,\"teraType\":\"Water\",\"terastallized\":\"\"}]},\"rqid\":3}\n|inactive|Battle timer is ON: inactive players will automatically lose when time's up. (requested by p0x099a2f1)\n|inactive|Time left: 300 sec this turn | 300 sec total | 60 sec grace\n|html|<div class=\"message-error\">You must be registered to chat in temporary rooms (like battles).</div>You may register in the <button name=\"openOptions\"><i class=\"fa fa-cog\"></i> Options</button> menu.\n|inactive|p0y0993864 also wants the timer to be on.\n|\n|t:|1783392526\n|switch|p1a: Mightyena|Mightyena, L96, M|100/100\n|-ability|p1a: Mightyena|Intimidate|boost\n|-unboost|p2a: Mismagius|atk|1\n|move|p2a: Mismagius|Shadow Ball|p1a: Mightyena\n|-resisted|p1a: Mightyena\n|-damage|p1a: Mightyena|81/100\n|\n|upkeep\n|turn|2\n|request|{\"active\":[{\"moves\":[{\"move\":\"Energy Ball\",\"id\":\"energyball\",\"pp\":16,\"maxpp\":16,\"target\":\"normal\",\"disabled\":true},{\"move\":\"Trick\",\"id\":\"trick\",\"pp\":16,\"maxpp\":16,\"target\":\"normal\",\"disabled\":true},{\"move\":\"Thunderbolt\",\"id\":\"thunderbolt\",\"pp\":24,\"maxpp\":24,\"target\":\"normal\",\"disabled\":true},{\"move\":\"Shadow Ball\",\"id\":\"shadowball\",\"pp\":23,\"maxpp\":24,\"target\":\"normal\",\"disabled\":false}],\"canTerastallize\":\"Ghost\"}],\"side\":{\"name\":\"p0y0993864\",\"id\":\"p2\",\"pokemon\":[{\"ident\":\"p2: Mismagius\",\"details\":\"Mismagius, L86, M\",\"condition\":\"243/243\",\"active\":true,\"stats\":{\"atk\":108,\"def\":152,\"spa\":230,\"spd\":230,\"spe\":230},\"moves\":[\"energyball\",\"trick\",\"thunderbolt\",\"shadowball\"],\"baseAbility\":\"levitate\",\"item\":\"choicespecs\",\"pokeball\":\"pokeball\",\"ability\":\"levitate\",\"commanding\":false,\"reviving\":false,\"teraType\":\"Ghost\",\"terastallized\":\"\"},{\"ident\":\"p2: Slowbro\",\"details\":\"Slowbro, L85, F\",\"condition\":\"300/300\",\"active\":false,\"stats\":{\"atk\":132,\"def\":236,\"spa\":219,\"spd\":185,\"spe\":100},\"moves\":[\"scald\",\"bodypress\",\"irondefense\",\"slackoff\"],\"baseAbility\":\"regenerator\",\"item\":\"leftovers\",\"pokeball\":\"pokeball\",\"ability\":\"regenerator\",\"commanding\":false,\"reviving\":false,\"teraType\":\"Fighting\",\"terastallized\":\"\"},{\"ident\":\"p2: Zarude\",\"details\":\"Zarude-Dada, L77\",\"condition\":\"288/288\",\"active\":false,\"stats\":{\"atk\":229,\"def\":206,\"spa\":152,\"spd\":191,\"spe\":206},\"moves\":[\"closecombat\",\"powerwhip\",\"knockoff\",\"uturn\"],\"baseAbility\":\"leafguard\",\"item\":\"choicescarf\",\"pokeball\":\"pokeball\",\"ability\":\"leafguard\",\"commanding\":false,\"reviving\":false,\"teraType\":\"Grass\",\"terastallized\":\"\"},{\"ident\":\"p2: Zangoose\",\"details\":\"Zangoose, L85, M\",\"condition\":\"263/263\",\"active\":false,\"stats\":{\"atk\":244,\"def\":151,\"spa\":151,\"spd\":151,\"spe\":202},\"moves\":[\"quickattack\",\"swordsdance\",\"knockoff\",\"facade\"],\"baseAbility\":\"toxicboost\",\"item\":\"toxicorb\",\"pokeball\":\"pokeball\",\"ability\":\"toxicboost\",\"commanding\":false,\"reviving\":false,\"teraType\":\"Normal\",\"terastallized\":\"\"},{\"ident\":\"p2: Forretress\",\"details\":\"Forretress, L84, F\",\"condition\":\"263/263\",\"active\":false,\"stats\":{\"atk\":199,\"def\":283,\"spa\":149,\"spd\":149,\"spe\":115},\"moves\":[\"stealthrock\",\"bodypress\",\"ironhead\",\"spikes\"],\"baseAbility\":\"sturdy\",\"item\":\"leftovers\",\"pokeball\":\"pokeball\",\"ability\":\"sturdy\",\"commanding\":false,\"reviving\":false,\"teraType\":\"Water\",\"terastallized\":\"\"},{\"ident\":\"p2: Primarina\",\"details\":\"Primarina, L83, F\",\"condition\":\"268/268\",\"active\":false,\"stats\":{\"atk\":171,\"def\":171,\"spa\":257,\"spd\":240,\"spe\":147},\"moves\":[\"moonblast\",\"psychic\",\"hydropump\",\"flipturn\"],\"baseAbility\":\"torrent\",\"item\":\"choicespecs\",\"pokeball\":\"pokeball\",\"ability\":\"torrent\",\"commanding\":false,\"reviving\":false,\"teraType\":\"Water\",\"terastallized\":\"\"}]},\"rqid\":5}\n|inactive|Time left: 300 sec this turn | 300 sec total\n|\n|t:|1783392526\n|switch|p2a: Forretress|Forretress, L84, F|263/263\n|switch|p1a: Vikavolt|Vikavolt, L83, M|100/100\n|\n|upkeep\n|turn|3\n|request|{\"active\":[{\"moves\":[{\"move\":\"Stealth Rock\",\"id\":\"stealthrock\",\"pp\":32,\"maxpp\":32,\"target\":\"foeSide\",\"disabled\":false},{\"move\":\"Body Press\",\"id\":\"bodypress\",\"pp\":16,\"maxpp\":16,\"target\":\"normal\",\"disabled\":false},{\"move\":\"Iron Head\",\"id\":\"ironhead\",\"pp\":24,\"maxpp\":24,\"target\":\"normal\",\"disabled\":false},{\"move\":\"Spikes\",\"id\":\"spikes\",\"pp\":32,\"maxpp\":32,\"target\":\"foeSide\",\"disabled\":false}],\"canTerastallize\":\"Water\"}],\"side\":{\"name\":\"p0y0993864\",\"id\":\"p2\",\"pokemon\":[{\"ident\":\"p2: Forretress\",\"details\":\"Forretress, L84, F\",\"condition\":\"263/263\",\"active\":true,\"stats\":{\"atk\":199,\"def\":283,\"spa\":149,\"spd\":149,\"spe\":115},\"moves\":[\"stealthrock\",\"bodypress\",\"ironhead\",\"spikes\"],\"baseAbility\":\"sturdy\",\"item\":\"leftovers\",\"pokeball\":\"pokeball\",\"ability\":\"sturdy\",\"commanding\":false,\"reviving\":false,\"teraType\":\"Water\",\"terastallized\":\"\"},{\"ident\":\"p2: Slowbro\",\"details\":\"Slowbro, L85, F\",\"condition\":\"300/300\",\"active\":false,\"stats\":{\"atk\":132,\"def\":236,\"spa\":219,\"spd\":185,\"spe\":100},\"moves\":[\"scald\",\"bodypress\",\"irondefense\",\"slackoff\"],\"baseAbility\":\"regenerator\",\"item\":\"leftovers\",\"pokeball\":\"pokeball\",\"ability\":\"regenerator\",\"commanding\":false,\"reviving\":false,\"teraType\":\"Fighting\",\"terastallized\":\"\"},{\"ident\":\"p2: Zarude\",\"details\":\"Zarude-Dada, L77\",\"condition\":\"288/288\",\"active\":false,\"stats\":{\"atk\":229,\"def\":206,\"spa\":152,\"spd\":191,\"spe\":206},\"moves\":[\"closecombat\",\"powerwhip\",\"knockoff\",\"uturn\"],\"baseAbility\":\"leafguard\",\"item\":\"choicescarf\",\"pokeball\":\"pokeball\",\"ability\":\"leafguard\",\"commanding\":false,\"reviving\":false,\"teraType\":\"Grass\",\"terastallized\":\"\"},{\"ident\":\"p2: Zangoose\",\"details\":\"Zangoose, L85, M\",\"condition\":\"263/263\",\"active\":false,\"stats\":{\"atk\":244,\"def\":151,\"spa\":151,\"spd\":151,\"spe\":202},\"moves\":[\"quickattack\",\"swordsdance\",\"knockoff\",\"facade\"],\"baseAbility\":\"toxicboost\",\"item\":\"toxicorb\",\"pokeball\":\"pokeball\",\"ability\":\"toxicboost\",\"commanding\":false,\"reviving\":false,\"teraType\":\"Normal\",\"terastallized\":\"\"},{\"ident\":\"p2: Mismagius\",\"details\":\"Mismagius, L86, M\",\"condition\":\"243/243\",\"active\":false,\"stats\":{\"atk\":108,\"def\":152,\"spa\":230,\"spd\":230,\"spe\":230},\"moves\":[\"energyball\",\"trick\",\"thunderbolt\",\"shadowball\"],\"baseAbility\":\"levitate\",\"item\":\"choicespecs\",\"pokeball\":\"pokeball\",\"ability\":\"levitate\",\"commanding\":false,\"reviving\":false,\"teraType\":\"Ghost\",\"terastallized\":\"\"},{\"ident\":\"p2: Primarina\",\"details\":\"Primarina, L83, F\",\"condition\":\"268/268\",\"active\":false,\"stats\":{\"atk\":171,\"def\":171,\"spa\":257,\"spd\":240,\"spe\":147},\"moves\":[\"moonblast\",\"psychic\",\"hydropump\",\"flipturn\"],\"baseAbility\":\"torrent\",\"item\":\"choicespecs\",\"pokeball\":\"pokeball\",\"ability\":\"torrent\",\"commanding\":false,\"reviving\":false,\"teraType\":\"Water\",\"terastallized\":\"\"}]},\"rqid\":7}\n|inactive|Time left: 300 sec this turn | 300 sec total\n|\n|t:|1783392527\n|switch|p2a: Zangoose|Zangoose, L85, M|263/263\n|move|p1a: Vikavolt|Thunderbolt|p2a: Zangoose\n|-damage|p2a: Zangoose|97/263\n|\n|-status|p2a: Zangoose|tox|[from] item: Toxic Orb\n|upkeep\n|turn|4\n|request|{\"active\":[{\"moves\":[{\"move\":\"Quick Attack\",\"id\":\"quickattack\",\"pp\":48,\"maxpp\":48,\"target\":\"normal\",\"disabled\":false},{\"move\":\"Swords Dance\",\"id\":\"swordsdance\",\"pp\":32,\"maxpp\":32,\"target\":\"self\",\"disabled\":false},{\"move\":\"Knock Off\",\"id\":\"knockoff\",\"pp\":32,\"maxpp\":32,\"target\":\"normal\",\"disabled\":false},{\"move\":\"Facade\",\"id\":\"facade\",\"pp\":32,\"maxpp\":32,\"target\":\"normal\",\"disabled\":false}],\"canTerastallize\":\"Normal\"}],\"side\":{\"name\":\"p0y0993864\",\"id\":\"p2\",\"pokemon\":[{\"ident\":\"p2: Zangoose\",\"details\":\"Zangoose, L85, M\",\"condition\":\"97/263 tox\",\"active\":true,\"stats\":{\"atk\":244,\"def\":151,\"spa\":151,\"spd\":151,\"spe\":202},\"moves\":[\"quickattack\",\"swordsdance\",\"knockoff\",\"facade\"],\"baseAbility\":\"toxicboost\",\"item\":\"toxicorb\",\"pokeball\":\"pokeball\",\"ability\":\"toxicboost\",\"commanding\":false,\"reviving\":false,\"teraType\":\"Normal\",\"terastallized\":\"\"},{\"ident\":\"p2: Slowbro\",\"details\":\"Slowbro, L85, F\",\"condition\":\"300/300\",\"active\":false,\"stats\":{\"atk\":132,\"def\":236,\"spa\":219,\"spd\":185,\"spe\":100},\"moves\":[\"scald\",\"bodypress\",\"irondefense\",\"slackoff\"],\"baseAbility\":\"regenerator\",\"item\":\"leftovers\",\"pokeball\":\"pokeball\",\"ability\":\"regenerator\",\"commanding\":false,\"reviving\":false,\"teraType\":\"Fighting\",\"terastallized\":\"\"},{\"ident\":\"p2: Zarude\",\"details\":\"Zarude-Dada, L77\",\"condition\":\"288/288\",\"active\":false,\"stats\":{\"atk\":229,\"def\":206,\"spa\":152,\"spd\":191,\"spe\":206},\"moves\":[\"closecombat\",\"powerwhip\",\"knockoff\",\"uturn\"],\"baseAbility\":\"leafguard\",\"item\":\"choicescarf\",\"pokeball\":\"pokeball\",\"ability\":\"leafguard\",\"commanding\":false,\"reviving\":false,\"teraType\":\"Grass\",\"terastallized\":\"\"},{\"ident\":\"p2: Forretress\",\"details\":\"Forretress, L84, F\",\"condition\":\"263/263\",\"active\":false,\"stats\":{\"atk\":199,\"def\":283,\"spa\":149,\"spd\":149,\"spe\":115},\"moves\":[\"stealthrock\",\"bodypress\",\"ironhead\",\"spikes\"],\"baseAbility\":\"sturdy\",\"item\":\"leftovers\",\"pokeball\":\"pokeball\",\"ability\":\"sturdy\",\"commanding\":false,\"reviving\":false,\"teraType\":\"Water\",\"terastallized\":\"\"},{\"ident\":\"p2: Mismagius\",\"details\":\"Mismagius, L86, M\",\"condition\":\"243/243\",\"active\":false,\"stats\":{\"atk\":108,\"def\":152,\"spa\":230,\"spd\":230,\"spe\":230},\"moves\":[\"energyball\",\"trick\",\"thunderbolt\",\"shadowball\"],\"baseAbility\":\"levitate\",\"item\":\"choicespecs\",\"pokeball\":\"pokeball\",\"ability\":\"levitate\",\"commanding\":false,\"reviving\":false,\"teraType\":\"Ghost\",\"terastallized\":\"\"},{\"ident\":\"p2: Primarina\",\"details\":\"Primarina, L83, F\",\"condition\":\"268/268\",\"active\":false,\"stats\":{\"atk\":171,\"def\":171,\"spa\":257,\"spd\":240,\"spe\":147},\"moves\":[\"moonblast\",\"psychic\",\"hydropump\",\"flipturn\"],\"baseAbility\":\"torrent\",\"item\":\"choicespecs\",\"pokeball\":\"pokeball\",\"ability\":\"torrent\",\"commanding\":false,\"reviving\":false,\"teraType\":\"Water\",\"terastallized\":\"\"}]},\"rqid\":9}\n|inactive|Time left: 300 sec this turn | 300 sec total\n|\n|t:|1783392527\n|switch|p1a: Bronzong|Bronzong, L88|100/100\n|move|p2a: Zangoose|Facade|p1a: Bronzong\n|-resisted|p1a: Bronzong\n|-damage|p1a: Bronzong|59/100\n|\n|-damage|p2a: Zangoose|81/263 tox|[from] psn\n|upkeep\n|turn|5\n|request|{\"active\":[{\"moves\":[{\"move\":\"Quick Attack\",\"id\":\"quickattack\",\"pp\":48,\"maxpp\":48,\"target\":\"normal\",\"disabled\":false},{\"move\":\"Swords Dance\",\"id\":\"swordsdance\",\"pp\":32,\"maxpp\":32,\"target\":\"self\",\"disabled\":false},{\"move\":\"Knock Off\",\"id\":\"knockoff\",\"pp\":32,\"maxpp\":32,\"target\":\"normal\",\"disabled\":false},{\"move\":\"Facade\",\"id\":\"facade\",\"pp\":31,\"maxpp\":32,\"target\":\"normal\",\"disabled\":false}],\"canTerastallize\":\"Normal\"}],\"side\":{\"name\":\"p0y0993864\",\"id\":\"p2\",\"pokemon\":[{\"ident\":\"p2: Zangoose\",\"details\":\"Zangoose, L85, M\",\"condition\":\"81/263 tox\",\"active\":true,\"stats\":{\"atk\":244,\"def\":151,\"spa\":151,\"spd\":151,\"spe\":202},\"moves\":[\"quickattack\",\"swordsdance\",\"knockoff\",\"facade\"],\"baseAbility\":\"toxicboost\",\"item\":\"toxicorb\",\"pokeball\":\"pokeball\",\"ability\":\"toxicboost\",\"commanding\":false,\"reviving\":false,\"teraType\":\"Normal\",\"terastallized\":\"\"},{\"ident\":\"p2: Slowbro\",\"details\":\"Slowbro, L85, F\",\"condition\":\"300/300\",\"active\":false,\"stats\":{\"atk\":132,\"def\":236,\"spa\":219,\"spd\":185,\"spe\":100},\"moves\":[\"scald\",\"bodypress\",\"irondefense\",\"slackoff\"],\"baseAbility\":\"regenerator\",\"item\":\"leftovers\",\"pokeball\":\"pokeball\",\"ability\":\"regenerator\",\"commanding\":false,\"reviving\":false,\"teraType\":\"Fighting\",\"terastallized\":\"\"},{\"ident\":\"p2: Zarude\",\"details\":\"Zarude-Dada, L77\",\"condition\":\"288/288\",\"active\":false,\"stats\":{\"atk\":229,\"def\":206,\"spa\":152,\"spd\":191,\"spe\":206},\"moves\":[\"closecombat\",\"powerwhip\",\"knockoff\",\"uturn\"],\"baseAbility\":\"leafguard\",\"item\":\"choicescarf\",\"pokeball\":\"pokeball\",\"ability\":\"leafguard\",\"commanding\":false,\"reviving\":false,\"teraType\":\"Grass\",\"terastallized\":\"\"},{\"ident\":\"p2: Forretress\",\"details\":\"Forretress, L84, F\",\"condition\":\"263/263\",\"active\":false,\"stats\":{\"atk\":199,\"def\":283,\"spa\":149,\"spd\":149,\"spe\":115},\"moves\":[\"stealthrock\",\"bodypress\",\"ironhead\",\"spikes\"],\"baseAbility\":\"sturdy\",\"item\":\"leftovers\",\"pokeball\":\"pokeball\",\"ability\":\"sturdy\",\"commanding\":false,\"reviving\":false,\"teraType\":\"Water\",\"terastallized\":\"\"},{\"ident\":\"p2: Mismagius\",\"details\":\"Mismagius, L86, M\",\"condition\":\"243/243\",\"active\":false,\"stats\":{\"atk\":108,\"def\":152,\"spa\":230,\"spd\":230,\"spe\":230},\"moves\":[\"energyball\",\"trick\",\"thunderbolt\",\"shadowball\"],\"baseAbility\":\"levitate\",\"item\":\"choicespecs\",\"pokeball\":\"pokeball\",\"ability\":\"levitate\",\"commanding\":false,\"reviving\":false,\"teraType\":\"Ghost\",\"terastallized\":\"\"},{\"ident\":\"p2: Primarina\",\"details\":\"Primarina, L83, F\",\"condition\":\"268/268\",\"active\":false,\"stats\":{\"atk\":171,\"def\":171,\"spa\":257,\"spd\":240,\"spe\":147},\"moves\":[\"moonblast\",\"psychic\",\"hydropump\",\"flipturn\"],\"baseAbility\":\"torrent\",\"item\":\"choicespecs\",\"pokeball\":\"pokeball\",\"ability\":\"torrent\",\"commanding\":false,\"reviving\":false,\"teraType\":\"Water\",\"terastallized\":\"\"}]},\"rqid\":11}\n|inactive|Time left: 300 sec this turn | 300 sec total\n|\n|t:|1783392527\n|switch|p1a: Mightyena|Mightyena, L96, M|81/100\n|-ability|p1a: Mightyena|Intimidate|boost\n|-unboost|p2a: Zangoose|atk|1\n|move|p2a: Zangoose|Knock Off|p1a: Mightyena\n|-resisted|p1a: Mightyena\n|-damage|p1a: Mightyena|65/100\n|-enditem|p1a: Mightyena|Assault Vest|[from] move: Knock Off|[of] p2a: Zangoose\n|\n|-damage|p2a: Zangoose|49/263 tox|[from] psn\n|upkeep\n|turn|6\n|request|{\"active\":[{\"moves\":[{\"move\":\"Quick Attack\",\"id\":\"quickattack\",\"pp\":48,\"maxpp\":48,\"target\":\"normal\",\"disabled\":false},{\"move\":\"Swords Dance\",\"id\":\"swordsdance\",\"pp\":32,\"maxpp\":32,\"target\":\"self\",\"disabled\":false},{\"move\":\"Knock Off\",\"id\":\"knockoff\",\"pp\":31,\"maxpp\":32,\"target\":\"normal\",\"disabled\":false},{\"move\":\"Facade\",\"id\":\"facade\",\"pp\":31,\"maxpp\":32,\"target\":\"normal\",\"disabled\":false}],\"canTerastallize\":\"Normal\"}],\"side\":{\"name\":\"p0y0993864\",\"id\":\"p2\",\"pokemon\":[{\"ident\":\"p2: Zangoose\",\"details\":\"Zangoose, L85, M\",\"condition\":\"49/263 tox\",\"active\":true,\"stats\":{\"atk\":244,\"def\":151,\"spa\":151,\"spd\":151,\"spe\":202},\"moves\":[\"quickattack\",\"swordsdance\",\"knockoff\",\"facade\"],\"baseAbility\":\"toxicboost\",\"item\":\"toxicorb\",\"pokeball\":\"pokeball\",\"ability\":\"toxicboost\",\"commanding\":false,\"reviving\":false,\"teraType\":\"Normal\",\"terastallized\":\"\"},{\"ident\":\"p2: Slowbro\",\"details\":\"Slowbro, L85, F\",\"condition\":\"300/300\",\"active\":false,\"stats\":{\"atk\":132,\"def\":236,\"spa\":219,\"spd\":185,\"spe\":100},\"moves\":[\"scald\",\"bodypress\",\"irondefense\",\"slackoff\"],\"baseAbility\":\"regenerator\",\"item\":\"leftovers\",\"pokeball\":\"pokeball\",\"ability\":\"regenerator\",\"commanding\":false,\"reviving\":false,\"teraType\":\"Fighting\",\"terastallized\":\"\"},{\"ident\":\"p2: Zarude\",\"details\":\"Zarude-Dada, L77\",\"condition\":\"288/288\",\"active\":false,\"stats\":{\"atk\":229,\"def\":206,\"spa\":152,\"spd\":191,\"spe\":206},\"moves\":[\"closecombat\",\"powerwhip\",\"knockoff\",\"uturn\"],\"baseAbility\":\"leafguard\",\"item\":\"choicescarf\",\"pokeball\":\"pokeball\",\"ability\":\"leafguard\",\"commanding\":false,\"reviving\":false,\"teraType\":\"Grass\",\"terastallized\":\"\"},{\"ident\":\"p2: Forretress\",\"details\":\"Forretress, L84, F\",\"condition\":\"263/263\",\"active\":false,\"stats\":{\"atk\":199,\"def\":283,\"spa\":149,\"spd\":149,\"spe\":115},\"moves\":[\"stealthrock\",\"bodypress\",\"ironhead\",\"spikes\"],\"baseAbility\":\"sturdy\",\"item\":\"leftovers\",\"pokeball\":\"pokeball\",\"ability\":\"sturdy\",\"commanding\":false,\"reviving\":false,\"teraType\":\"Water\",\"terastallized\":\"\"},{\"ident\":\"p2: Mismagius\",\"details\":\"Mismagius, L86, M\",\"condition\":\"243/243\",\"active\":false,\"stats\":{\"atk\":108,\"def\":152,\"spa\":230,\"spd\":230,\"spe\":230},\"moves\":[\"energyball\",\"trick\",\"thunderbolt\",\"shadowball\"],\"baseAbility\":\"levitate\",\"item\":\"choicespecs\",\"pokeball\":\"pokeball\",\"ability\":\"levitate\",\"commanding\":false,\"reviving\":false,\"teraType\":\"Ghost\",\"terastallized\":\"\"},{\"ident\":\"p2: Primarina\",\"details\":\"Primarina, L83, F\",\"condition\":\"268/268\",\"active\":false,\"stats\":{\"atk\":171,\"def\":171,\"spa\":257,\"spd\":240,\"spe\":147},\"moves\":[\"moonblast\",\"psychic\",\"hydropump\",\"flipturn\"],\"baseAbility\":\"torrent\",\"item\":\"choicespecs\",\"pokeball\":\"pokeball\",\"ability\":\"torrent\",\"commanding\":false,\"reviving\":false,\"teraType\":\"Water\",\"terastallized\":\"\"}]},\"rqid\":13}\n|inactive|Time left: 300 sec this turn | 300 sec total\n|\n|t:|1783392527\n|switch|p2a: Primarina|Primarina, L83, F|268/268\n|move|p1a: Mightyena|Sucker Punch||[still]\n|-fail|p1a: Mightyena\n|\n|upkeep\n|turn|7\n|request|{\"active\":[{\"moves\":[{\"move\":\"Moonblast\",\"id\":\"moonblast\",\"pp\":24,\"maxpp\":24,\"target\":\"normal\",\"disabled\":false},{\"move\":\"Psychic\",\"id\":\"psychic\",\"pp\":16,\"maxpp\":16,\"target\":\"normal\",\"disabled\":false},{\"move\":\"Hydro Pump\",\"id\":\"hydropump\",\"pp\":8,\"maxpp\":8,\"target\":\"normal\",\"disabled\":false},{\"move\":\"Flip Turn\",\"id\":\"flipturn\",\"pp\":32,\"maxpp\":32,\"target\":\"normal\",\"disabled\":false}],\"canTerastallize\":\"Water\"}],\"side\":{\"name\":\"p0y0993864\",\"id\":\"p2\",\"pokemon\":[{\"ident\":\"p2: Primarina\",\"details\":\"Primarina, L83, F\",\"condition\":\"268/268\",\"active\":true,\"stats\":{\"atk\":171,\"def\":171,\"spa\":257,\"spd\":240,\"spe\":147},\"moves\":[\"moonblast\",\"psychic\",\"hydropump\",\"flipturn\"],\"baseAbility\":\"torrent\",\"item\":\"choicespecs\",\"pokeball\":\"pokeball\",\"ability\":\"torrent\",\"commanding\":false,\"reviving\":false,\"teraType\":\"Water\",\"terastallized\":\"\"},{\"ident\":\"p2: Slowbro\",\"details\":\"Slowbro, L85, F\",\"condition\":\"300/300\",\"active\":false,\"stats\":{\"atk\":132,\"def\":236,\"spa\":219,\"spd\":185,\"spe\":100},\"moves\":[\"scald\",\"bodypress\",\"irondefense\",\"slackoff\"],\"baseAbility\":\"regenerator\",\"item\":\"leftovers\",\"pokeball\":\"pokeball\",\"ability\":\"regenerator\",\"commanding\":false,\"reviving\":false,\"teraType\":\"Fighting\",\"terastallized\":\"\"},{\"ident\":\"p2: Zarude\",\"details\":\"Zarude-Dada, L77\",\"condition\":\"288/288\",\"active\":false,\"stats\":{\"atk\":229,\"def\":206,\"spa\":152,\"spd\":191,\"spe\":206},\"moves\":[\"closecombat\",\"powerwhip\",\"knockoff\",\"uturn\"],\"baseAbility\":\"leafguard\",\"item\":\"choicescarf\",\"pokeball\":\"pokeball\",\"ability\":\"leafguard\",\"commanding\":false,\"reviving\":false,\"teraType\":\"Grass\",\"terastallized\":\"\"},{\"ident\":\"p2: Forretress\",\"details\":\"Forretress, L84, F\",\"condition\":\"263/263\",\"active\":false,\"stats\":{\"atk\":199,\"def\":283,\"spa\":149,\"spd\":149,\"spe\":115},\"moves\":[\"stealthrock\",\"bodypress\",\"ironhead\",\"spikes\"],\"baseAbility\":\"sturdy\",\"item\":\"leftovers\",\"pokeball\":\"pokeball\",\"ability\":\"sturdy\",\"commanding\":false,\"reviving\":false,\"teraType\":\"Water\",\"terastallized\":\"\"},{\"ident\":\"p2: Mismagius\",\"details\":\"Mismagius, L86, M\",\"condition\":\"243/243\",\"active\":false,\"stats\":{\"atk\":108,\"def\":152,\"spa\":230,\"spd\":230,\"spe\":230},\"moves\":[\"energyball\",\"trick\",\"thunderbolt\",\"shadowball\"],\"baseAbility\":\"levitate\",\"item\":\"choicespecs\",\"pokeball\":\"pokeball\",\"ability\":\"levitate\",\"commanding\":false,\"reviving\":false,\"teraType\":\"Ghost\",\"terastallized\":\"\"},{\"ident\":\"p2: Zangoose\",\"details\":\"Zangoose, L85, M\",\"condition\":\"49/263 tox\",\"active\":false,\"stats\":{\"atk\":244,\"def\":151,\"spa\":151,\"spd\":151,\"spe\":202},\"moves\":[\"quickattack\",\"swordsdance\",\"knockoff\",\"facade\"],\"baseAbility\":\"toxicboost\",\"item\":\"toxicorb\",\"pokeball\":\"pokeball\",\"ability\":\"toxicboost\",\"commanding\":false,\"reviving\":false,\"teraType\":\"Normal\",\"terastallized\":\"\"}]},\"rqid\":15}\n|inactive|Time left: 300 sec this turn | 300 sec total\n|\n|t:|1783392528\n|move|p1a: Mightyena|Poison Fang|p2a: Primarina\n|-supereffective|p2a: Primarina\n|-damage|p2a: Primarina|164/268\n|-status|p2a: Primarina|tox\n|move|p2a: Primarina|Moonblast|p1a: Mightyena\n|-supereffective|p1a: Mightyena\n|-damage|p1a: Mightyena|0 fnt\n|faint|p1a: Mightyena\n|\n|-damage|p2a: Primarina|148/268 tox|[from] psn\n|upkeep\n|request|{\"wait\":true,\"side\":{\"name\":\"p0y0993864\",\"id\":\"p2\",\"pokemon\":[{\"ident\":\"p2: Primarina\",\"details\":\"Primarina, L83, F\",\"condition\":\"148/268 tox\",\"active\":true,\"stats\":{\"atk\":171,\"def\":171,\"spa\":257,\"spd\":240,\"spe\":147},\"moves\":[\"moonblast\",\"psychic\",\"hydropump\",\"flipturn\"],\"baseAbility\":\"torrent\",\"item\":\"choicespecs\",\"pokeball\":\"pokeball\",\"ability\":\"torrent\",\"commanding\":false,\"reviving\":false,\"teraType\":\"Water\",\"terastallized\":\"\"},{\"ident\":\"p2: Slowbro\",\"details\":\"Slowbro, L85, F\",\"condition\":\"300/300\",\"active\":false,\"stats\":{\"atk\":132,\"def\":236,\"spa\":219,\"spd\":185,\"spe\":100},\"moves\":[\"scald\",\"bodypress\",\"irondefense\",\"slackoff\"],\"baseAbility\":\"regenerator\",\"item\":\"leftovers\",\"pokeball\":\"pokeball\",\"ability\":\"regenerator\",\"commanding\":false,\"reviving\":false,\"teraType\":\"Fighting\",\"terastallized\":\"\"},{\"ident\":\"p2: Zarude\",\"details\":\"Zarude-Dada, L77\",\"condition\":\"288/288\",\"active\":false,\"stats\":{\"atk\":229,\"def\":206,\"spa\":152,\"spd\":191,\"spe\":206},\"moves\":[\"closecombat\",\"powerwhip\",\"knockoff\",\"uturn\"],\"baseAbility\":\"leafguard\",\"item\":\"choicescarf\",\"pokeball\":\"pokeball\",\"ability\":\"leafguard\",\"commanding\":false,\"reviving\":false,\"teraType\":\"Grass\",\"terastallized\":\"\"},{\"ident\":\"p2: Forretress\",\"details\":\"Forretress, L84, F\",\"condition\":\"263/263\",\"active\":false,\"stats\":{\"atk\":199,\"def\":283,\"spa\":149,\"spd\":149,\"spe\":115},\"moves\":[\"stealthrock\",\"bodypress\",\"ironhead\",\"spikes\"],\"baseAbility\":\"sturdy\",\"item\":\"leftovers\",\"pokeball\":\"pokeball\",\"ability\":\"sturdy\",\"commanding\":false,\"reviving\":false,\"teraType\":\"Water\",\"terastallized\":\"\"},{\"ident\":\"p2: Mismagius\",\"details\":\"Mismagius, L86, M\",\"condition\":\"243/243\",\"active\":false,\"stats\":{\"atk\":108,\"def\":152,\"spa\":230,\"spd\":230,\"spe\":230},\"moves\":[\"energyball\",\"trick\",\"thunderbolt\",\"shadowball\"],\"baseAbility\":\"levitate\",\"item\":\"choicespecs\",\"pokeball\":\"pokeball\",\"ability\":\"levitate\",\"commanding\":false,\"reviving\":false,\"teraType\":\"Ghost\",\"terastallized\":\"\"},{\"ident\":\"p2: Zangoose\",\"details\":\"Zangoose, L85, M\",\"condition\":\"49/263 tox\",\"active\":false,\"stats\":{\"atk\":244,\"def\":151,\"spa\":151,\"spd\":151,\"spe\":202},\"moves\":[\"quickattack\",\"swordsdance\",\"knockoff\",\"facade\"],\"baseAbility\":\"toxicboost\",\"item\":\"toxicorb\",\"pokeball\":\"pokeball\",\"ability\":\"toxicboost\",\"commanding\":false,\"reviving\":false,\"teraType\":\"Normal\",\"terastallized\":\"\"}]},\"rqid\":17}\n|\n|t:|1783392528\n|switch|p1a: Alcremie|Alcremie, L90, F|100/100\n|turn|8\n|request|{\"active\":[{\"moves\":[{\"move\":\"Moonblast\",\"id\":\"moonblast\",\"pp\":23,\"maxpp\":24,\"target\":\"normal\",\"disabled\":false},{\"move\":\"Psychic\",\"id\":\"psychic\",\"pp\":16,\"maxpp\":16,\"target\":\"normal\",\"disabled\":true},{\"move\":\"Hydro Pump\",\"id\":\"hydropump\",\"pp\":8,\"maxpp\":8,\"target\":\"normal\",\"disabled\":true},{\"move\":\"Flip Turn\",\"id\":\"flipturn\",\"pp\":32,\"maxpp\":32,\"target\":\"normal\",\"disabled\":true}],\"canTerastallize\":\"Water\"}],\"side\":{\"name\":\"p0y0993864\",\"id\":\"p2\",\"pokemon\":[{\"ident\":\"p2: Primarina\",\"details\":\"Primarina, L83, F\",\"condition\":\"148/268 tox\",\"active\":true,\"stats\":{\"atk\":171,\"def\":171,\"spa\":257,\"spd\":240,\"spe\":147},\"moves\":[\"moonblast\",\"psychic\",\"hydropump\",\"flipturn\"],\"baseAbility\":\"torrent\",\"item\":\"choicespecs\",\"pokeball\":\"pokeball\",\"ability\":\"torrent\",\"commanding\":false,\"reviving\":false,\"teraType\":\"Water\",\"terastallized\":\"\"},{\"ident\":\"p2: Slowbro\",\"details\":\"Slowbro, L85, F\",\"condition\":\"300/300\",\"active\":false,\"stats\":{\"atk\":132,\"def\":236,\"spa\":219,\"spd\":185,\"spe\":100},\"moves\":[\"scald\",\"bodypress\",\"irondefense\",\"slackoff\"],\"baseAbility\":\"regenerator\",\"item\":\"leftovers\",\"pokeball\":\"pokeball\",\"ability\":\"regenerator\",\"commanding\":false,\"reviving\":false,\"teraType\":\"Fighting\",\"terastallized\":\"\"},{\"ident\":\"p2: Zarude\",\"details\":\"Zarude-Dada, L77\",\"condition\":\"288/288\",\"active\":false,\"stats\":{\"atk\":229,\"def\":206,\"spa\":152,\"spd\":191,\"spe\":206},\"moves\":[\"closecombat\",\"powerwhip\",\"knockoff\",\"uturn\"],\"baseAbility\":\"leafguard\",\"item\":\"choicescarf\",\"pokeball\":\"pokeball\",\"ability\":\"leafguard\",\"commanding\":false,\"reviving\":false,\"teraType\":\"Grass\",\"terastallized\":\"\"},{\"ident\":\"p2: Forretress\",\"details\":\"Forretress, L84, F\",\"condition\":\"263/263\",\"active\":false,\"stats\":{\"atk\":199,\"def\":283,\"spa\":149,\"spd\":149,\"spe\":115},\"moves\":[\"stealthrock\",\"bodypress\",\"ironhead\",\"spikes\"],\"baseAbility\":\"sturdy\",\"item\":\"leftovers\",\"pokeball\":\"pokeball\",\"ability\":\"sturdy\",\"commanding\":false,\"reviving\":false,\"teraType\":\"Water\",\"terastallized\":\"\"},{\"ident\":\"p2: Mismagius\",\"details\":\"Mismagius, L86, M\",\"condition\":\"243/243\",\"active\":false,\"stats\":{\"atk\":108,\"def\":152,\"spa\":230,\"spd\":230,\"spe\":230},\"moves\":[\"energyball\",\"trick\",\"thunderbolt\",\"shadowball\"],\"baseAbility\":\"levitate\",\"item\":\"choicespecs\",\"pokeball\":\"pokeball\",\"ability\":\"levitate\",\"commanding\":false,\"reviving\":false,\"teraType\":\"Ghost\",\"terastallized\":\"\"},{\"ident\":\"p2: Zangoose\",\"details\":\"Zangoose, L85, M\",\"condition\":\"49/263 tox\",\"active\":false,\"stats\":{\"atk\":244,\"def\":151,\"spa\":151,\"spd\":151,\"spe\":202},\"moves\":[\"quickattack\",\"swordsdance\",\"knockoff\",\"facade\"],\"baseAbility\":\"toxicboost\",\"item\":\"toxicorb\",\"pokeball\":\"pokeball\",\"ability\":\"toxicboost\",\"commanding\":false,\"reviving\":false,\"teraType\":\"Normal\",\"terastallized\":\"\"}]},\"rqid\":19}\n|inactive|Time left: 300 sec this turn | 300 sec total\n|\n|t:|1783392528\n|move|p1a: Alcremie|Calm Mind|p1a: Alcremie\n|-boost|p1a: Alcremie|spa|1\n|-boost|p1a: Alcremie|spd|1\n|move|p2a: Primarina|Moonblast|p1a: Alcremie\n|-damage|p1a: Alcremie|64/100\n|-unboost|p1a: Alcremie|spa|1\n|\n|-heal|p1a: Alcremie|70/100|[from] item: Leftovers\n|-damage|p2a: Primarina|116/268 tox|[from] psn\n|upkeep\n|turn|9\n|request|{\"active\":[{\"moves\":[{\"move\":\"Moonblast\",\"id\":\"moonblast\",\"pp\":22,\"maxpp\":24,\"target\":\"normal\",\"disabled\":false},{\"move\":\"Psychic\",\"id\":\"psychic\",\"pp\":16,\"maxpp\":16,\"target\":\"normal\",\"disabled\":true},{\"move\":\"Hydro Pump\",\"id\":\"hydropump\",\"pp\":8,\"maxpp\":8,\"target\":\"normal\",\"disabled\":true},{\"move\":\"Flip Turn\",\"id\":\"flipturn\",\"pp\":32,\"maxpp\":32,\"target\":\"normal\",\"disabled\":true}],\"canTerastallize\":\"Water\"}],\"side\":{\"name\":\"p0y0993864\",\"id\":\"p2\",\"pokemon\":[{\"ident\":\"p2: Primarina\",\"details\":\"Primarina, L83, F\",\"condition\":\"116/268 tox\",\"active\":true,\"stats\":{\"atk\":171,\"def\":171,\"spa\":257,\"spd\":240,\"spe\":147},\"moves\":[\"moonblast\",\"psychic\",\"hydropump\",\"flipturn\"],\"baseAbility\":\"torrent\",\"item\":\"choicespecs\",\"pokeball\":\"pokeball\",\"ability\":\"torrent\",\"commanding\":false,\"reviving\":false,\"teraType\":\"Water\",\"terastallized\":\"\"},{\"ident\":\"p2: Slowbro\",\"details\":\"Slowbro, L85, F\",\"condition\":\"300/300\",\"active\":false,\"stats\":{\"atk\":132,\"def\":236,\"spa\":219,\"spd\":185,\"spe\":100},\"moves\":[\"scald\",\"bodypress\",\"irondefense\",\"slackoff\"],\"baseAbility\":\"regenerator\",\"item\":\"leftovers\",\"pokeball\":\"pokeball\",\"ability\":\"regenerator\",\"commanding\":false,\"reviving\":false,\"teraType\":\"Fighting\",\"terastallized\":\"\"},{\"ident\":\"p2: Zarude\",\"details\":\"Zarude-Dada, L77\",\"condition\":\"288/288\",\"active\":false,\"stats\":{\"atk\":229,\"def\":206,\"spa\":152,\"spd\":191,\"spe\":206},\"moves\":[\"closecombat\",\"powerwhip\",\"knockoff\",\"uturn\"],\"baseAbility\":\"leafguard\",\"item\":\"choicescarf\",\"pokeball\":\"pokeball\",\"ability\":\"leafguard\",\"commanding\":false,\"reviving\":false,\"teraType\":\"Grass\",\"terastallized\":\"\"},{\"ident\":\"p2: Forretress\",\"details\":\"Forretress, L84, F\",\"condition\":\"263/263\",\"active\":false,\"stats\":{\"atk\":199,\"def\":283,\"spa\":149,\"spd\":149,\"spe\":115},\"moves\":[\"stealthrock\",\"bodypress\",\"ironhead\",\"spikes\"],\"baseAbility\":\"sturdy\",\"item\":\"leftovers\",\"pokeball\":\"pokeball\",\"ability\":\"sturdy\",\"commanding\":false,\"reviving\":false,\"teraType\":\"Water\",\"terastallized\":\"\"},{\"ident\":\"p2: Mismagius\",\"details\":\"Mismagius, L86, M\",\"condition\":\"243/243\",\"active\":false,\"stats\":{\"atk\":108,\"def\":152,\"spa\":230,\"spd\":230,\"spe\":230},\"moves\":[\"energyball\",\"trick\",\"thunderbolt\",\"shadowball\"],\"baseAbility\":\"levitate\",\"item\":\"choicespecs\",\"pokeball\":\"pokeball\",\"ability\":\"levitate\",\"commanding\":false,\"reviving\":false,\"teraType\":\"Ghost\",\"terastallized\":\"\"},{\"ident\":\"p2: Zangoose\",\"details\":\"Zangoose, L85, M\",\"condition\":\"49/263 tox\",\"active\":false,\"stats\":{\"atk\":244,\"def\":151,\"spa\":151,\"spd\":151,\"spe\":202},\"moves\":[\"quickattack\",\"swordsdance\",\"knockoff\",\"facade\"],\"baseAbility\":\"toxicboost\",\"item\":\"toxicorb\",\"pokeball\":\"pokeball\",\"ability\":\"toxicboost\",\"commanding\":false,\"reviving\":false,\"teraType\":\"Normal\",\"terastallized\":\"\"}]},\"rqid\":21}\n|inactive|Time left: 300 sec this turn | 300 sec total\n|\n|t:|1783392528\n|move|p1a: Alcremie|Calm Mind|p1a: Alcremie\n|-boost|p1a: Alcremie|spa|1\n|-boost|p1a: Alcremie|spd|1\n|move|p2a: Primarina|Moonblast|p1a: Alcremie\n|-damage|p1a: Alcremie|46/100\n|\n|-heal|p1a: Alcremie|52/100|[from] item: Leftovers\n|-damage|p2a: Primarina|68/268 tox|[from] psn\n|upkeep\n|turn|10\n|request|{\"active\":[{\"moves\":[{\"move\":\"Moonblast\",\"id\":\"moonblast\",\"pp\":21,\"maxpp\":24,\"target\":\"normal\",\"disabled\":false},{\"move\":\"Psychic\",\"id\":\"psychic\",\"pp\":16,\"maxpp\":16,\"target\":\"normal\",\"disabled\":true},{\"move\":\"Hydro Pump\",\"id\":\"hydropump\",\"pp\":8,\"maxpp\":8,\"target\":\"normal\",\"disabled\":true},{\"move\":\"Flip Turn\",\"id\":\"flipturn\",\"pp\":32,\"maxpp\":32,\"target\":\"normal\",\"disabled\":true}],\"canTerastallize\":\"Water\"}],\"side\":{\"name\":\"p0y0993864\",\"id\":\"p2\",\"pokemon\":[{\"ident\":\"p2: Primarina\",\"details\":\"Primarina, L83, F\",\"condition\":\"68/268 tox\",\"active\":true,\"stats\":{\"atk\":171,\"def\":171,\"spa\":257,\"spd\":240,\"spe\":147},\"moves\":[\"moonblast\",\"psychic\",\"hydropump\",\"flipturn\"],\"baseAbility\":\"torrent\",\"item\":\"choicespecs\",\"pokeball\":\"pokeball\",\"ability\":\"torrent\",\"commanding\":false,\"reviving\":false,\"teraType\":\"Water\",\"terastallized\":\"\"},{\"ident\":\"p2: Slowbro\",\"details\":\"Slowbro, L85, F\",\"condition\":\"300/300\",\"active\":false,\"stats\":{\"atk\":132,\"def\":236,\"spa\":219,\"spd\":185,\"spe\":100},\"moves\":[\"scald\",\"bodypress\",\"irondefense\",\"slackoff\"],\"baseAbility\":\"regenerator\",\"item\":\"leftovers\",\"pokeball\":\"pokeball\",\"ability\":\"regenerator\",\"commanding\":false,\"reviving\":false,\"teraType\":\"Fighting\",\"terastallized\":\"\"},{\"ident\":\"p2: Zarude\",\"details\":\"Zarude-Dada, L77\",\"condition\":\"288/288\",\"active\":false,\"stats\":{\"atk\":229,\"def\":206,\"spa\":152,\"spd\":191,\"spe\":206},\"moves\":[\"closecombat\",\"powerwhip\",\"knockoff\",\"uturn\"],\"baseAbility\":\"leafguard\",\"item\":\"choicescarf\",\"pokeball\":\"pokeball\",\"ability\":\"leafguard\",\"commanding\":false,\"reviving\":false,\"teraType\":\"Grass\",\"terastallized\":\"\"},{\"ident\":\"p2: Forretress\",\"details\":\"Forretress, L84, F\",\"condition\":\"263/263\",\"active\":false,\"stats\":{\"atk\":199,\"def\":283,\"spa\":149,\"spd\":149,\"spe\":115},\"moves\":[\"stealthrock\",\"bodypress\",\"ironhead\",\"spikes\"],\"baseAbility\":\"sturdy\",\"item\":\"leftovers\",\"pokeball\":\"pokeball\",\"ability\":\"sturdy\",\"commanding\":false,\"reviving\":false,\"teraType\":\"Water\",\"terastallized\":\"\"},{\"ident\":\"p2: Mismagius\",\"details\":\"Mismagius, L86, M\",\"condition\":\"243/243\",\"active\":false,\"stats\":{\"atk\":108,\"def\":152,\"spa\":230,\"spd\":230,\"spe\":230},\"moves\":[\"energyball\",\"trick\",\"thunderbolt\",\"shadowball\"],\"baseAbility\":\"levitate\",\"item\":\"choicespecs\",\"pokeball\":\"pokeball\",\"ability\":\"levitate\",\"commanding\":false,\"reviving\":false,\"teraType\":\"Ghost\",\"terastallized\":\"\"},{\"ident\":\"p2: Zangoose\",\"details\":\"Zangoose, L85, M\",\"condition\":\"49/263 tox\",\"active\":false,\"stats\":{\"atk\":244,\"def\":151,\"spa\":151,\"spd\":151,\"spe\":202},\"moves\":[\"quickattack\",\"swordsdance\",\"knockoff\",\"facade\"],\"baseAbility\":\"toxicboost\",\"item\":\"toxicorb\",\"pokeball\":\"pokeball\",\"ability\":\"toxicboost\",\"commanding\":false,\"reviving\":false,\"teraType\":\"Normal\",\"terastallized\":\"\"}]},\"rqid\":23}\n|inactive|Time left: 300 sec this turn | 300 sec total\n|\n|t:|1783392529\n|move|p1a: Alcremie|Alluring Voice|p2a: Primarina\n|-damage|p2a: Primarina|0 fnt\n|faint|p2a: Primarina\n|\n|-heal|p1a: Alcremie|58/100|[from] item: Leftovers\n|upkeep\n|request|{\"forceSwitch\":[true],\"side\":{\"name\":\"p0y0993864\",\"id\":\"p2\",\"pokemon\":[{\"ident\":\"p2: Primarina\",\"details\":\"Primarina, L83, F\",\"condition\":\"0 fnt\",\"active\":true,\"stats\":{\"atk\":171,\"def\":171,\"spa\":257,\"spd\":240,\"spe\":147},\"moves\":[\"moonblast\",\"psychic\",\"hydropump\",\"flipturn\"],\"baseAbility\":\"torrent\",\"item\":\"choicespecs\",\"pokeball\":\"pokeball\",\"ability\":\"torrent\",\"commanding\":false,\"reviving\":false,\"teraType\":\"Water\",\"terastallized\":\"\"},{\"ident\":\"p2: Slowbro\",\"details\":\"Slowbro, L85, F\",\"condition\":\"300/300\",\"active\":false,\"stats\":{\"atk\":132,\"def\":236,\"spa\":219,\"spd\":185,\"spe\":100},\"moves\":[\"scald\",\"bodypress\",\"irondefense\",\"slackoff\"],\"baseAbility\":\"regenerator\",\"item\":\"leftovers\",\"pokeball\":\"pokeball\",\"ability\":\"regenerator\",\"commanding\":false,\"reviving\":false,\"teraType\":\"Fighting\",\"terastallized\":\"\"},{\"ident\":\"p2: Zarude\",\"details\":\"Zarude-Dada, L77\",\"condition\":\"288/288\",\"active\":false,\"stats\":{\"atk\":229,\"def\":206,\"spa\":152,\"spd\":191,\"spe\":206},\"moves\":[\"closecombat\",\"powerwhip\",\"knockoff\",\"uturn\"],\"baseAbility\":\"leafguard\",\"item\":\"choicescarf\",\"pokeball\":\"pokeball\",\"ability\":\"leafguard\",\"commanding\":false,\"reviving\":false,\"teraType\":\"Grass\",\"terastallized\":\"\"},{\"ident\":\"p2: Forretress\",\"details\":\"Forretress, L84, F\",\"condition\":\"263/263\",\"active\":false,\"stats\":{\"atk\":199,\"def\":283,\"spa\":149,\"spd\":149,\"spe\":115},\"moves\":[\"stealthrock\",\"bodypress\",\"ironhead\",\"spikes\"],\"baseAbility\":\"sturdy\",\"item\":\"leftovers\",\"pokeball\":\"pokeball\",\"ability\":\"sturdy\",\"commanding\":false,\"reviving\":false,\"teraType\":\"Water\",\"terastallized\":\"\"},{\"ident\":\"p2: Mismagius\",\"details\":\"Mismagius, L86, M\",\"condition\":\"243/243\",\"active\":false,\"stats\":{\"atk\":108,\"def\":152,\"spa\":230,\"spd\":230,\"spe\":230},\"moves\":[\"energyball\",\"trick\",\"thunderbolt\",\"shadowball\"],\"baseAbility\":\"levitate\",\"item\":\"choicespecs\",\"pokeball\":\"pokeball\",\"ability\":\"levitate\",\"commanding\":false,\"reviving\":false,\"teraType\":\"Ghost\",\"terastallized\":\"\"},{\"ident\":\"p2: Zangoose\",\"details\":\"Zangoose, L85, M\",\"condition\":\"49/263 tox\",\"active\":false,\"stats\":{\"atk\":244,\"def\":151,\"spa\":151,\"spd\":151,\"spe\":202},\"moves\":[\"quickattack\",\"swordsdance\",\"knockoff\",\"facade\"],\"baseAbility\":\"toxicboost\",\"item\":\"toxicorb\",\"pokeball\":\"pokeball\",\"ability\":\"toxicboost\",\"commanding\":false,\"reviving\":false,\"teraType\":\"Normal\",\"terastallized\":\"\"}]},\"noCancel\":true,\"rqid\":25}\n|inactive|Time left: 300 sec this turn | 300 sec total | 5 sec grace\n|\n|t:|1783392529\n|switch|p2a: Zangoose|Zangoose, L85, M|49/263 tox\n|turn|11\n|request|{\"active\":[{\"moves\":[{\"move\":\"Quick Attack\",\"id\":\"quickattack\",\"pp\":48,\"maxpp\":48,\"target\":\"normal\",\"disabled\":false},{\"move\":\"Swords Dance\",\"id\":\"swordsdance\",\"pp\":32,\"maxpp\":32,\"target\":\"self\",\"disabled\":false},{\"move\":\"Knock Off\",\"id\":\"knockoff\",\"pp\":31,\"maxpp\":32,\"target\":\"normal\",\"disabled\":false},{\"move\":\"Facade\",\"id\":\"facade\",\"pp\":31,\"maxpp\":32,\"target\":\"normal\",\"disabled\":false}],\"canTerastallize\":\"Normal\"}],\"side\":{\"name\":\"p0y0993864\",\"id\":\"p2\",\"pokemon\":[{\"ident\":\"p2: Zangoose\",\"details\":\"Zangoose, L85, M\",\"condition\":\"49/263 tox\",\"active\":true,\"stats\":{\"atk\":244,\"def\":151,\"spa\":151,\"spd\":151,\"spe\":202},\"moves\":[\"quickattack\",\"swordsdance\",\"knockoff\",\"facade\"],\"baseAbility\":\"toxicboost\",\"item\":\"toxicorb\",\"pokeball\":\"pokeball\",\"ability\":\"toxicboost\",\"commanding\":false,\"reviving\":false,\"teraType\":\"Normal\",\"terastallized\":\"\"},{\"ident\":\"p2: Slowbro\",\"details\":\"Slowbro, L85, F\",\"condition\":\"300/300\",\"active\":false,\"stats\":{\"atk\":132,\"def\":236,\"spa\":219,\"spd\":185,\"spe\":100},\"moves\":[\"scald\",\"bodypress\",\"irondefense\",\"slackoff\"],\"baseAbility\":\"regenerator\",\"item\":\"leftovers\",\"pokeball\":\"pokeball\",\"ability\":\"regenerator\",\"commanding\":false,\"reviving\":false,\"teraType\":\"Fighting\",\"terastallized\":\"\"},{\"ident\":\"p2: Zarude\",\"details\":\"Zarude-Dada, L77\",\"condition\":\"288/288\",\"active\":false,\"stats\":{\"atk\":229,\"def\":206,\"spa\":152,\"spd\":191,\"spe\":206},\"moves\":[\"closecombat\",\"powerwhip\",\"knockoff\",\"uturn\"],\"baseAbility\":\"leafguard\",\"item\":\"choicescarf\",\"pokeball\":\"pokeball\",\"ability\":\"leafguard\",\"commanding\":false,\"reviving\":false,\"teraType\":\"Grass\",\"terastallized\":\"\"},{\"ident\":\"p2: Forretress\",\"details\":\"Forretress, L84, F\",\"condition\":\"263/263\",\"active\":false,\"stats\":{\"atk\":199,\"def\":283,\"spa\":149,\"spd\":149,\"spe\":115},\"moves\":[\"stealthrock\",\"bodypress\",\"ironhead\",\"spikes\"],\"baseAbility\":\"sturdy\",\"item\":\"leftovers\",\"pokeball\":\"pokeball\",\"ability\":\"sturdy\",\"commanding\":false,\"reviving\":false,\"teraType\":\"Water\",\"terastallized\":\"\"},{\"ident\":\"p2: Mismagius\",\"details\":\"Mismagius, L86, M\",\"condition\":\"243/243\",\"active\":false,\"stats\":{\"atk\":108,\"def\":152,\"spa\":230,\"spd\":230,\"spe\":230},\"moves\":[\"energyball\",\"trick\",\"thunderbolt\",\"shadowball\"],\"baseAbility\":\"levitate\",\"item\":\"choicespecs\",\"pokeball\":\"pokeball\",\"ability\":\"levitate\",\"commanding\":false,\"reviving\":false,\"teraType\":\"Ghost\",\"terastallized\":\"\"},{\"ident\":\"p2: Primarina\",\"details\":\"Primarina, L83, F\",\"condition\":\"0 fnt\",\"active\":false,\"stats\":{\"atk\":171,\"def\":171,\"spa\":257,\"spd\":240,\"spe\":147},\"moves\":[\"moonblast\",\"psychic\",\"hydropump\",\"flipturn\"],\"baseAbility\":\"torrent\",\"item\":\"choicespecs\",\"pokeball\":\"pokeball\",\"ability\":\"torrent\",\"commanding\":false,\"reviving\":false,\"teraType\":\"Water\",\"terastallized\":\"\"}]},\"rqid\":27}\n|inactive|Time left: 300 sec this turn | 300 sec total\n|\n|t:|1783392529\n|switch|p1a: Bronzong|Bronzong, L88|59/100\n|move|p2a: Zangoose|Facade|p1a: Bronzong\n|-resisted|p1a: Bronzong\n|-damage|p1a: Bronzong|20/100\n|\n|-damage|p2a: Zangoose|33/263 tox|[from] psn\n|upkeep\n|turn|12\n|request|{\"active\":[{\"moves\":[{\"move\":\"Quick Attack\",\"id\":\"quickattack\",\"pp\":48,\"maxpp\":48,\"target\":\"normal\",\"disabled\":false},{\"move\":\"Swords Dance\",\"id\":\"swordsdance\",\"pp\":32,\"maxpp\":32,\"target\":\"self\",\"disabled\":false},{\"move\":\"Knock Off\",\"id\":\"knockoff\",\"pp\":31,\"maxpp\":32,\"target\":\"normal\",\"disabled\":false},{\"move\":\"Facade\",\"id\":\"facade\",\"pp\":30,\"maxpp\":32,\"target\":\"normal\",\"disabled\":false}],\"canTerastallize\":\"Normal\"}],\"side\":{\"name\":\"p0y0993864\",\"id\":\"p2\",\"pokemon\":[{\"ident\":\"p2: Zangoose\",\"details\":\"Zangoose, L85, M\",\"condition\":\"33/263 tox\",\"active\":true,\"stats\":{\"atk\":244,\"def\":151,\"spa\":151,\"spd\":151,\"spe\":202},\"moves\":[\"quickattack\",\"swordsdance\",\"knockoff\",\"facade\"],\"baseAbility\":\"toxicboost\",\"item\":\"toxicorb\",\"pokeball\":\"pokeball\",\"ability\":\"toxicboost\",\"commanding\":false,\"reviving\":false,\"teraType\":\"Normal\",\"terastallized\":\"\"},{\"ident\":\"p2: Slowbro\",\"details\":\"Slowbro, L85, F\",\"condition\":\"300/300\",\"active\":false,\"stats\":{\"atk\":132,\"def\":236,\"spa\":219,\"spd\":185,\"spe\":100},\"moves\":[\"scald\",\"bodypress\",\"irondefense\",\"slackoff\"],\"baseAbility\":\"regenerator\",\"item\":\"leftovers\",\"pokeball\":\"pokeball\",\"ability\":\"regenerator\",\"commanding\":false,\"reviving\":false,\"teraType\":\"Fighting\",\"terastallized\":\"\"},{\"ident\":\"p2: Zarude\",\"details\":\"Zarude-Dada, L77\",\"condition\":\"288/288\",\"active\":false,\"stats\":{\"atk\":229,\"def\":206,\"spa\":152,\"spd\":191,\"spe\":206},\"moves\":[\"closecombat\",\"powerwhip\",\"knockoff\",\"uturn\"],\"baseAbility\":\"leafguard\",\"item\":\"choicescarf\",\"pokeball\":\"pokeball\",\"ability\":\"leafguard\",\"commanding\":false,\"reviving\":false,\"teraType\":\"Grass\",\"terastallized\":\"\"},{\"ident\":\"p2: Forretress\",\"details\":\"Forretress, L84, F\",\"condition\":\"263/263\",\"active\":false,\"stats\":{\"atk\":199,\"def\":283,\"spa\":149,\"spd\":149,\"spe\":115},\"moves\":[\"stealthrock\",\"bodypress\",\"ironhead\",\"spikes\"],\"baseAbility\":\"sturdy\",\"item\":\"leftovers\",\"pokeball\":\"pokeball\",\"ability\":\"sturdy\",\"commanding\":false,\"reviving\":false,\"teraType\":\"Water\",\"terastallized\":\"\"},{\"ident\":\"p2: Mismagius\",\"details\":\"Mismagius, L86, M\",\"condition\":\"243/243\",\"active\":false,\"stats\":{\"atk\":108,\"def\":152,\"spa\":230,\"spd\":230,\"spe\":230},\"moves\":[\"energyball\",\"trick\",\"thunderbolt\",\"shadowball\"],\"baseAbility\":\"levitate\",\"item\":\"choicespecs\",\"pokeball\":\"pokeball\",\"ability\":\"levitate\",\"commanding\":false,\"reviving\":false,\"teraType\":\"Ghost\",\"terastallized\":\"\"},{\"ident\":\"p2: Primarina\",\"details\":\"Primarina, L83, F\",\"condition\":\"0 fnt\",\"active\":false,\"stats\":{\"atk\":171,\"def\":171,\"spa\":257,\"spd\":240,\"spe\":147},\"moves\":[\"moonblast\",\"psychic\",\"hydropump\",\"flipturn\"],\"baseAbility\":\"torrent\",\"item\":\"choicespecs\",\"pokeball\":\"pokeball\",\"ability\":\"torrent\",\"commanding\":false,\"reviving\":false,\"teraType\":\"Water\",\"terastallized\":\"\"}]},\"rqid\":29}\n|inactive|Time left: 300 sec this turn | 300 sec total\n|\n|t:|1783392529\n|move|p2a: Zangoose|Facade|p1a: Bronzong\n|-resisted|p1a: Bronzong\n|-damage|p1a: Bronzong|0 fnt\n|faint|p1a: Bronzong\n|\n|-damage|p2a: Zangoose|1/263 tox|[from] psn\n|upkeep\n|request|{\"wait\":true,\"side\":{\"name\":\"p0y0993864\",\"id\":\"p2\",\"pokemon\":[{\"ident\":\"p2: Zangoose\",\"details\":\"Zangoose, L85, M\",\"condition\":\"1/263 tox\",\"active\":true,\"stats\":{\"atk\":244,\"def\":151,\"spa\":151,\"spd\":151,\"spe\":202},\"moves\":[\"quickattack\",\"swordsdance\",\"knockoff\",\"facade\"],\"baseAbility\":\"toxicboost\",\"item\":\"toxicorb\",\"pokeball\":\"pokeball\",\"ability\":\"toxicboost\",\"commanding\":false,\"reviving\":false,\"teraType\":\"Normal\",\"terastallized\":\"\"},{\"ident\":\"p2: Slowbro\",\"details\":\"Slowbro, L85, F\",\"condition\":\"300/300\",\"active\":false,\"stats\":{\"atk\":132,\"def\":236,\"spa\":219,\"spd\":185,\"spe\":100},\"moves\":[\"scald\",\"bodypress\",\"irondefense\",\"slackoff\"],\"baseAbility\":\"regenerator\",\"item\":\"leftovers\",\"pokeball\":\"pokeball\",\"ability\":\"regenerator\",\"commanding\":false,\"reviving\":false,\"teraType\":\"Fighting\",\"terastallized\":\"\"},{\"ident\":\"p2: Zarude\",\"details\":\"Zarude-Dada, L77\",\"condition\":\"288/288\",\"active\":false,\"stats\":{\"atk\":229,\"def\":206,\"spa\":152,\"spd\":191,\"spe\":206},\"moves\":[\"closecombat\",\"powerwhip\",\"knockoff\",\"uturn\"],\"baseAbility\":\"leafguard\",\"item\":\"choicescarf\",\"pokeball\":\"pokeball\",\"ability\":\"leafguard\",\"commanding\":false,\"reviving\":false,\"teraType\":\"Grass\",\"terastallized\":\"\"},{\"ident\":\"p2: Forretress\",\"details\":\"Forretress, L84, F\",\"condition\":\"263/263\",\"active\":false,\"stats\":{\"atk\":199,\"def\":283,\"spa\":149,\"spd\":149,\"spe\":115},\"moves\":[\"stealthrock\",\"bodypress\",\"ironhead\",\"spikes\"],\"baseAbility\":\"sturdy\",\"item\":\"leftovers\",\"pokeball\":\"pokeball\",\"ability\":\"sturdy\",\"commanding\":false,\"reviving\":false,\"teraType\":\"Water\",\"terastallized\":\"\"},{\"ident\":\"p2: Mismagius\",\"details\":\"Mismagius, L86, M\",\"condition\":\"243/243\",\"active\":false,\"stats\":{\"atk\":108,\"def\":152,\"spa\":230,\"spd\":230,\"spe\":230},\"moves\":[\"energyball\",\"trick\",\"thunderbolt\",\"shadowball\"],\"baseAbility\":\"levitate\",\"item\":\"choicespecs\",\"pokeball\":\"pokeball\",\"ability\":\"levitate\",\"commanding\":false,\"reviving\":false,\"teraType\":\"Ghost\",\"terastallized\":\"\"},{\"ident\":\"p2: Primarina\",\"details\":\"Primarina, L83, F\",\"condition\":\"0 fnt\",\"active\":false,\"stats\":{\"atk\":171,\"def\":171,\"spa\":257,\"spd\":240,\"spe\":147},\"moves\":[\"moonblast\",\"psychic\",\"hydropump\",\"flipturn\"],\"baseAbility\":\"torrent\",\"item\":\"choicespecs\",\"pokeball\":\"pokeball\",\"ability\":\"torrent\",\"commanding\":false,\"reviving\":false,\"teraType\":\"Water\",\"terastallized\":\"\"}]},\"rqid\":31}\n|\n|t:|1783392530\n|switch|p1a: Wugtrio|Wugtrio, L91, F|100/100\n|turn|13\n|request|{\"active\":[{\"moves\":[{\"move\":\"Quick Attack\",\"id\":\"quickattack\",\"pp\":48,\"maxpp\":48,\"target\":\"normal\",\"disabled\":false},{\"move\":\"Swords Dance\",\"id\":\"swordsdance\",\"pp\":32,\"maxpp\":32,\"target\":\"self\",\"disabled\":false},{\"move\":\"Knock Off\",\"id\":\"knockoff\",\"pp\":31,\"maxpp\":32,\"target\":\"normal\",\"disabled\":false},{\"move\":\"Facade\",\"id\":\"facade\",\"pp\":29,\"maxpp\":32,\"target\":\"normal\",\"disabled\":false}],\"canTerastallize\":\"Normal\"}],\"side\":{\"name\":\"p0y0993864\",\"id\":\"p2\",\"pokemon\":[{\"ident\":\"p2: Zangoose\",\"details\":\"Zangoose, L85, M\",\"condition\":\"1/263 tox\",\"active\":true,\"stats\":{\"atk\":244,\"def\":151,\"spa\":151,\"spd\":151,\"spe\":202},\"moves\":[\"quickattack\",\"swordsdance\",\"knockoff\",\"facade\"],\"baseAbility\":\"toxicboost\",\"item\":\"toxicorb\",\"pokeball\":\"pokeball\",\"ability\":\"toxicboost\",\"commanding\":false,\"reviving\":false,\"teraType\":\"Normal\",\"terastallized\":\"\"},{\"ident\":\"p2: Slowbro\",\"details\":\"Slowbro, L85, F\",\"condition\":\"300/300\",\"active\":false,\"stats\":{\"atk\":132,\"def\":236,\"spa\":219,\"spd\":185,\"spe\":100},\"moves\":[\"scald\",\"bodypress\",\"irondefense\",\"slackoff\"],\"baseAbility\":\"regenerator\",\"item\":\"leftovers\",\"pokeball\":\"pokeball\",\"ability\":\"regenerator\",\"commanding\":false,\"reviving\":false,\"teraType\":\"Fighting\",\"terastallized\":\"\"},{\"ident\":\"p2: Zarude\",\"details\":\"Zarude-Dada, L77\",\"condition\":\"288/288\",\"active\":false,\"stats\":{\"atk\":229,\"def\":206,\"spa\":152,\"spd\":191,\"spe\":206},\"moves\":[\"closecombat\",\"powerwhip\",\"knockoff\",\"uturn\"],\"baseAbility\":\"leafguard\",\"item\":\"choicescarf\",\"pokeball\":\"pokeball\",\"ability\":\"leafguard\",\"commanding\":false,\"reviving\":false,\"teraType\":\"Grass\",\"terastallized\":\"\"},{\"ident\":\"p2: Forretress\",\"details\":\"Forretress, L84, F\",\"condition\":\"263/263\",\"active\":false,\"stats\":{\"atk\":199,\"def\":283,\"spa\":149,\"spd\":149,\"spe\":115},\"moves\":[\"stealthrock\",\"bodypress\",\"ironhead\",\"spikes\"],\"baseAbility\":\"sturdy\",\"item\":\"leftovers\",\"pokeball\":\"pokeball\",\"ability\":\"sturdy\",\"commanding\":false,\"reviving\":false,\"teraType\":\"Water\",\"terastallized\":\"\"},{\"ident\":\"p2: Mismagius\",\"details\":\"Mismagius, L86, M\",\"condition\":\"243/243\",\"active\":false,\"stats\":{\"atk\":108,\"def\":152,\"spa\":230,\"spd\":230,\"spe\":230},\"moves\":[\"energyball\",\"trick\",\"thunderbolt\",\"shadowball\"],\"baseAbility\":\"levitate\",\"item\":\"choicespecs\",\"pokeball\":\"pokeball\",\"ability\":\"levitate\",\"commanding\":false,\"reviving\":false,\"teraType\":\"Ghost\",\"terastallized\":\"\"},{\"ident\":\"p2: Primarina\",\"details\":\"Primarina, L83, F\",\"condition\":\"0 fnt\",\"active\":false,\"stats\":{\"atk\":171,\"def\":171,\"spa\":257,\"spd\":240,\"spe\":147},\"moves\":[\"moonblast\",\"psychic\",\"hydropump\",\"flipturn\"],\"baseAbility\":\"torrent\",\"item\":\"choicespecs\",\"pokeball\":\"pokeball\",\"ability\":\"torrent\",\"commanding\":false,\"reviving\":false,\"teraType\":\"Water\",\"terastallized\":\"\"}]},\"rqid\":33}\n|inactive|Time left: 300 sec this turn | 300 sec total\n|\n|t:|1783392530\n|move|p2a: Zangoose|Quick Attack|p1a: Wugtrio\n|-damage|p1a: Wugtrio|55/100\n|-ability|p1a: Wugtrio|Gooey\n|-unboost|p2a: Zangoose|spe|1\n|move|p1a: Wugtrio|Throat Chop|p2a: Zangoose\n|-damage|p2a: Zangoose|0 fnt\n|faint|p2a: Zangoose\n|\n|upkeep\n|request|{\"forceSwitch\":[true],\"side\":{\"name\":\"p0y0993864\",\"id\":\"p2\",\"pokemon\":[{\"ident\":\"p2: Zangoose\",\"details\":\"Zangoose, L85, M\",\"condition\":\"0 fnt\",\"active\":true,\"stats\":{\"atk\":244,\"def\":151,\"spa\":151,\"spd\":151,\"spe\":202},\"moves\":[\"quickattack\",\"swordsdance\",\"knockoff\",\"facade\"],\"baseAbility\":\"toxicboost\",\"item\":\"toxicorb\",\"pokeball\":\"pokeball\",\"ability\":\"toxicboost\",\"commanding\":false,\"reviving\":false,\"teraType\":\"Normal\",\"terastallized\":\"\"},{\"ident\":\"p2: Slowbro\",\"details\":\"Slowbro, L85, F\",\"condition\":\"300/300\",\"active\":false,\"stats\":{\"atk\":132,\"def\":236,\"spa\":219,\"spd\":185,\"spe\":100},\"moves\":[\"scald\",\"bodypress\",\"irondefense\",\"slackoff\"],\"baseAbility\":\"regenerator\",\"item\":\"leftovers\",\"pokeball\":\"pokeball\",\"ability\":\"regenerator\",\"commanding\":false,\"reviving\":false,\"teraType\":\"Fighting\",\"terastallized\":\"\"},{\"ident\":\"p2: Zarude\",\"details\":\"Zarude-Dada, L77\",\"condition\":\"288/288\",\"active\":false,\"stats\":{\"atk\":229,\"def\":206,\"spa\":152,\"spd\":191,\"spe\":206},\"moves\":[\"closecombat\",\"powerwhip\",\"knockoff\",\"uturn\"],\"baseAbility\":\"leafguard\",\"item\":\"choicescarf\",\"pokeball\":\"pokeball\",\"ability\":\"leafguard\",\"commanding\":false,\"reviving\":false,\"teraType\":\"Grass\",\"terastallized\":\"\"},{\"ident\":\"p2: Forretress\",\"details\":\"Forretress, L84, F\",\"condition\":\"263/263\",\"active\":false,\"stats\":{\"atk\":199,\"def\":283,\"spa\":149,\"spd\":149,\"spe\":115},\"moves\":[\"stealthrock\",\"bodypress\",\"ironhead\",\"spikes\"],\"baseAbility\":\"sturdy\",\"item\":\"leftovers\",\"pokeball\":\"pokeball\",\"ability\":\"sturdy\",\"commanding\":false,\"reviving\":false,\"teraType\":\"Water\",\"terastallized\":\"\"},{\"ident\":\"p2: Mismagius\",\"details\":\"Mismagius, L86, M\",\"condition\":\"243/243\",\"active\":false,\"stats\":{\"atk\":108,\"def\":152,\"spa\":230,\"spd\":230,\"spe\":230},\"moves\":[\"energyball\",\"trick\",\"thunderbolt\",\"shadowball\"],\"baseAbility\":\"levitate\",\"item\":\"choicespecs\",\"pokeball\":\"pokeball\",\"ability\":\"levitate\",\"commanding\":false,\"reviving\":false,\"teraType\":\"Ghost\",\"terastallized\":\"\"},{\"ident\":\"p2: Primarina\",\"details\":\"Primarina, L83, F\",\"condition\":\"0 fnt\",\"active\":false,\"stats\":{\"atk\":171,\"def\":171,\"spa\":257,\"spd\":240,\"spe\":147},\"moves\":[\"moonblast\",\"psychic\",\"hydropump\",\"flipturn\"],\"baseAbility\":\"torrent\",\"item\":\"choicespecs\",\"pokeball\":\"pokeball\",\"ability\":\"torrent\",\"commanding\":false,\"reviving\":false,\"teraType\":\"Water\",\"terastallized\":\"\"}]},\"noCancel\":true,\"rqid\":35}\n|inactive|Time left: 300 sec this turn | 300 sec total | 5 sec grace\n|\n|t:|1783392530\n|switch|p2a: Zarude|Zarude-Dada, L77|288/288\n|turn|14\n|request|{\"active\":[{\"moves\":[{\"move\":\"Close Combat\",\"id\":\"closecombat\",\"pp\":8,\"maxpp\":8,\"target\":\"normal\",\"disabled\":false},{\"move\":\"Power Whip\",\"id\":\"powerwhip\",\"pp\":16,\"maxpp\":16,\"target\":\"normal\",\"disabled\":false},{\"move\":\"Knock Off\",\"id\":\"knockoff\",\"pp\":32,\"maxpp\":32,\"target\":\"normal\",\"disabled\":false},{\"move\":\"U-turn\",\"id\":\"uturn\",\"pp\":32,\"maxpp\":32,\"target\":\"normal\",\"disabled\":false}],\"canTerastallize\":\"Grass\"}],\"side\":{\"name\":\"p0y0993864\",\"id\":\"p2\",\"pokemon\":[{\"ident\":\"p2: Zarude\",\"details\":\"Zarude-Dada, L77\",\"condition\":\"288/288\",\"active\":true,\"stats\":{\"atk\":229,\"def\":206,\"spa\":152,\"spd\":191,\"spe\":206},\"moves\":[\"closecombat\",\"powerwhip\",\"knockoff\",\"uturn\"],\"baseAbility\":\"leafguard\",\"item\":\"choicescarf\",\"pokeball\":\"pokeball\",\"ability\":\"leafguard\",\"commanding\":false,\"reviving\":false,\"teraType\":\"Grass\",\"terastallized\":\"\"},{\"ident\":\"p2: Slowbro\",\"details\":\"Slowbro, L85, F\",\"condition\":\"300/300\",\"active\":false,\"stats\":{\"atk\":132,\"def\":236,\"spa\":219,\"spd\":185,\"spe\":100},\"moves\":[\"scald\",\"bodypress\",\"irondefense\",\"slackoff\"],\"baseAbility\":\"regenerator\",\"item\":\"leftovers\",\"pokeball\":\"pokeball\",\"ability\":\"regenerator\",\"commanding\":false,\"reviving\":false,\"teraType\":\"Fighting\",\"terastallized\":\"\"},{\"ident\":\"p2: Zangoose\",\"details\":\"Zangoose, L85, M\",\"condition\":\"0 fnt\",\"active\":false,\"stats\":{\"atk\":244,\"def\":151,\"spa\":151,\"spd\":151,\"spe\":202},\"moves\":[\"quickattack\",\"swordsdance\",\"knockoff\",\"facade\"],\"baseAbility\":\"toxicboost\",\"item\":\"toxicorb\",\"pokeball\":\"pokeball\",\"ability\":\"toxicboost\",\"commanding\":false,\"reviving\":false,\"teraType\":\"Normal\",\"terastallized\":\"\"},{\"ident\":\"p2: Forretress\",\"details\":\"Forretress, L84, F\",\"condition\":\"263/263\",\"active\":false,\"stats\":{\"atk\":199,\"def\":283,\"spa\":149,\"spd\":149,\"spe\":115},\"moves\":[\"stealthrock\",\"bodypress\",\"ironhead\",\"spikes\"],\"baseAbility\":\"sturdy\",\"item\":\"leftovers\",\"pokeball\":\"pokeball\",\"ability\":\"sturdy\",\"commanding\":false,\"reviving\":false,\"teraType\":\"Water\",\"terastallized\":\"\"},{\"ident\":\"p2: Mismagius\",\"details\":\"Mismagius, L86, M\",\"condition\":\"243/243\",\"active\":false,\"stats\":{\"atk\":108,\"def\":152,\"spa\":230,\"spd\":230,\"spe\":230},\"moves\":[\"energyball\",\"trick\",\"thunderbolt\",\"shadowball\"],\"baseAbility\":\"levitate\",\"item\":\"choicespecs\",\"pokeball\":\"pokeball\",\"ability\":\"levitate\",\"commanding\":false,\"reviving\":false,\"teraType\":\"Ghost\",\"terastallized\":\"\"},{\"ident\":\"p2: Primarina\",\"details\":\"Primarina, L83, F\",\"condition\":\"0 fnt\",\"active\":false,\"stats\":{\"atk\":171,\"def\":171,\"spa\":257,\"spd\":240,\"spe\":147},\"moves\":[\"moonblast\",\"psychic\",\"hydropump\",\"flipturn\"],\"baseAbility\":\"torrent\",\"item\":\"choicespecs\",\"pokeball\":\"pokeball\",\"ability\":\"torrent\",\"commanding\":false,\"reviving\":false,\"teraType\":\"Water\",\"terastallized\":\"\"}]},\"rqid\":37}\n|inactive|Time left: 300 sec this turn | 300 sec total\n|\n|t:|1783392530\n|switch|p1a: Vikavolt|Vikavolt, L83, M|100/100\n|move|p2a: Zarude|Knock Off|p1a: Vikavolt\n|-damage|p1a: Vikavolt|62/100\n|-enditem|p1a: Vikavolt|Heavy-Duty Boots|[from] move: Knock Off|[of] p2a: Zarude\n|\n|upkeep\n|turn|15\n|request|{\"active\":[{\"moves\":[{\"move\":\"Close Combat\",\"id\":\"closecombat\",\"pp\":8,\"maxpp\":8,\"target\":\"normal\",\"disabled\":true},{\"move\":\"Power Whip\",\"id\":\"powerwhip\",\"pp\":16,\"maxpp\":16,\"target\":\"normal\",\"disabled\":true},{\"move\":\"Knock Off\",\"id\":\"knockoff\",\"pp\":31,\"maxpp\":32,\"target\":\"normal\",\"disabled\":false},{\"move\":\"U-turn\",\"id\":\"uturn\",\"pp\":32,\"maxpp\":32,\"target\":\"normal\",\"disabled\":true}],\"canTerastallize\":\"Grass\"}],\"side\":{\"name\":\"p0y0993864\",\"id\":\"p2\",\"pokemon\":[{\"ident\":\"p2: Zarude\",\"details\":\"Zarude-Dada, L77\",\"condition\":\"288/288\",\"active\":true,\"stats\":{\"atk\":229,\"def\":206,\"spa\":152,\"spd\":191,\"spe\":206},\"moves\":[\"closecombat\",\"powerwhip\",\"knockoff\",\"uturn\"],\"baseAbility\":\"leafguard\",\"item\":\"choicescarf\",\"pokeball\":\"pokeball\",\"ability\":\"leafguard\",\"commanding\":false,\"reviving\":false,\"teraType\":\"Grass\",\"terastallized\":\"\"},{\"ident\":\"p2: Slowbro\",\"details\":\"Slowbro, L85, F\",\"condition\":\"300/300\",\"active\":false,\"stats\":{\"atk\":132,\"def\":236,\"spa\":219,\"spd\":185,\"spe\":100},\"moves\":[\"scald\",\"bodypress\",\"irondefense\",\"slackoff\"],\"baseAbility\":\"regenerator\",\"item\":\"leftovers\",\"pokeball\":\"pokeball\",\"ability\":\"regenerator\",\"commanding\":false,\"reviving\":false,\"teraType\":\"Fighting\",\"terastallized\":\"\"},{\"ident\":\"p2: Zangoose\",\"details\":\"Zangoose, L85, M\",\"condition\":\"0 fnt\",\"active\":false,\"stats\":{\"atk\":244,\"def\":151,\"spa\":151,\"spd\":151,\"spe\":202},\"moves\":[\"quickattack\",\"swordsdance\",\"knockoff\",\"facade\"],\"baseAbility\":\"toxicboost\",\"item\":\"toxicorb\",\"pokeball\":\"pokeball\",\"ability\":\"toxicboost\",\"commanding\":false,\"reviving\":false,\"teraType\":\"Normal\",\"terastallized\":\"\"},{\"ident\":\"p2: Forretress\",\"details\":\"Forretress, L84, F\",\"condition\":\"263/263\",\"active\":false,\"stats\":{\"atk\":199,\"def\":283,\"spa\":149,\"spd\":149,\"spe\":115},\"moves\":[\"stealthrock\",\"bodypress\",\"ironhead\",\"spikes\"],\"baseAbility\":\"sturdy\",\"item\":\"leftovers\",\"pokeball\":\"pokeball\",\"ability\":\"sturdy\",\"commanding\":false,\"reviving\":false,\"teraType\":\"Water\",\"terastallized\":\"\"},{\"ident\":\"p2: Mismagius\",\"details\":\"Mismagius, L86, M\",\"condition\":\"243/243\",\"active\":false,\"stats\":{\"atk\":108,\"def\":152,\"spa\":230,\"spd\":230,\"spe\":230},\"moves\":[\"energyball\",\"trick\",\"thunderbolt\",\"shadowball\"],\"baseAbility\":\"levitate\",\"item\":\"choicespecs\",\"pokeball\":\"pokeball\",\"ability\":\"levitate\",\"commanding\":false,\"reviving\":false,\"teraType\":\"Ghost\",\"terastallized\":\"\"},{\"ident\":\"p2: Primarina\",\"details\":\"Primarina, L83, F\",\"condition\":\"0 fnt\",\"active\":false,\"stats\":{\"atk\":171,\"def\":171,\"spa\":257,\"spd\":240,\"spe\":147},\"moves\":[\"moonblast\",\"psychic\",\"hydropump\",\"flipturn\"],\"baseAbility\":\"torrent\",\"item\":\"choicespecs\",\"pokeball\":\"pokeball\",\"ability\":\"torrent\",\"commanding\":false,\"reviving\":false,\"teraType\":\"Water\",\"terastallized\":\"\"}]},\"rqid\":39}\n|inactive|Time left: 300 sec this turn | 300 sec total\n|\n|t:|1783392531\n|switch|p2a: Mismagius|Mismagius, L86, M|243/243\n|move|p1a: Vikavolt|Sticky Web|p2a: Mismagius\n|-sidestart|p2: p0y0993864|move: Sticky Web\n|\n|upkeep\n|turn|16\n|request|{\"active\":[{\"moves\":[{\"move\":\"Energy Ball\",\"id\":\"energyball\",\"pp\":16,\"maxpp\":16,\"target\":\"normal\",\"disabled\":false},{\"move\":\"Trick\",\"id\":\"trick\",\"pp\":16,\"maxpp\":16,\"target\":\"normal\",\"disabled\":false},{\"move\":\"Thunderbolt\",\"id\":\"thunderbolt\",\"pp\":24,\"maxpp\":24,\"target\":\"normal\",\"disabled\":false},{\"move\":\"Shadow Ball\",\"id\":\"shadowball\",\"pp\":23,\"maxpp\":24,\"target\":\"normal\",\"disabled\":false}],\"canTerastallize\":\"Ghost\"}],\"side\":{\"name\":\"p0y0993864\",\"id\":\"p2\",\"pokemon\":[{\"ident\":\"p2: Mismagius\",\"details\":\"Mismagius, L86, M\",\"condition\":\"243/243\",\"active\":true,\"stats\":{\"atk\":108,\"def\":152,\"spa\":230,\"spd\":230,\"spe\":230},\"moves\":[\"energyball\",\"trick\",\"thunderbolt\",\"shadowball\"],\"baseAbility\":\"levitate\",\"item\":\"choicespecs\",\"pokeball\":\"pokeball\",\"ability\":\"levitate\",\"commanding\":false,\"reviving\":false,\"teraType\":\"Ghost\",\"terastallized\":\"\"},{\"ident\":\"p2: Slowbro\",\"details\":\"Slowbro, L85, F\",\"condition\":\"300/300\",\"active\":false,\"stats\":{\"atk\":132,\"def\":236,\"spa\":219,\"spd\":185,\"spe\":100},\"moves\":[\"scald\",\"bodypress\",\"irondefense\",\"slackoff\"],\"baseAbility\":\"regenerator\",\"item\":\"leftovers\",\"pokeball\":\"pokeball\",\"ability\":\"regenerator\",\"commanding\":false,\"reviving\":false,\"teraType\":\"Fighting\",\"terastallized\":\"\"},{\"ident\":\"p2: Zangoose\",\"details\":\"Zangoose, L85, M\",\"condition\":\"0 fnt\",\"active\":false,\"stats\":{\"atk\":244,\"def\":151,\"spa\":151,\"spd\":151,\"spe\":202},\"moves\":[\"quickattack\",\"swordsdance\",\"knockoff\",\"facade\"],\"baseAbility\":\"toxicboost\",\"item\":\"toxicorb\",\"pokeball\":\"pokeball\",\"ability\":\"toxicboost\",\"commanding\":false,\"reviving\":false,\"teraType\":\"Normal\",\"terastallized\":\"\"},{\"ident\":\"p2: Forretress\",\"details\":\"Forretress, L84, F\",\"condition\":\"263/263\",\"active\":false,\"stats\":{\"atk\":199,\"def\":283,\"spa\":149,\"spd\":149,\"spe\":115},\"moves\":[\"stealthrock\",\"bodypress\",\"ironhead\",\"spikes\"],\"baseAbility\":\"sturdy\",\"item\":\"leftovers\",\"pokeball\":\"pokeball\",\"ability\":\"sturdy\",\"commanding\":false,\"reviving\":false,\"teraType\":\"Water\",\"terastallized\":\"\"},{\"ident\":\"p2: Zarude\",\"details\":\"Zarude-Dada, L77\",\"condition\":\"288/288\",\"active\":false,\"stats\":{\"atk\":229,\"def\":206,\"spa\":152,\"spd\":191,\"spe\":206},\"moves\":[\"closecombat\",\"powerwhip\",\"knockoff\",\"uturn\"],\"baseAbility\":\"leafguard\",\"item\":\"choicescarf\",\"pokeball\":\"pokeball\",\"ability\":\"leafguard\",\"commanding\":false,\"reviving\":false,\"teraType\":\"Grass\",\"terastallized\":\"\"},{\"ident\":\"p2: Primarina\",\"details\":\"Primarina, L83, F\",\"condition\":\"0 fnt\",\"active\":false,\"stats\":{\"atk\":171,\"def\":171,\"spa\":257,\"spd\":240,\"spe\":147},\"moves\":[\"moonblast\",\"psychic\",\"hydropump\",\"flipturn\"],\"baseAbility\":\"torrent\",\"item\":\"choicespecs\",\"pokeball\":\"pokeball\",\"ability\":\"torrent\",\"commanding\":false,\"reviving\":false,\"teraType\":\"Water\",\"terastallized\":\"\"}]},\"rqid\":41}\n|inactive|Time left: 300 sec this turn | 300 sec total\n|\n|t:|1783392531\n|move|p2a: Mismagius|Shadow Ball|p1a: Vikavolt\n|-damage|p1a: Vikavolt|5/100\n|move|p1a: Vikavolt|Volt Switch|p2a: Mismagius\n|-damage|p2a: Mismagius|152/243\n|request|{\"wait\":true,\"side\":{\"name\":\"p0y0993864\",\"id\":\"p2\",\"pokemon\":[{\"ident\":\"p2: Mismagius\",\"details\":\"Mismagius, L86, M\",\"condition\":\"152/243\",\"active\":true,\"stats\":{\"atk\":108,\"def\":152,\"spa\":230,\"spd\":230,\"spe\":230},\"moves\":[\"energyball\",\"trick\",\"thunderbolt\",\"shadowball\"],\"baseAbility\":\"levitate\",\"item\":\"choicespecs\",\"pokeball\":\"pokeball\",\"ability\":\"levitate\",\"commanding\":false,\"reviving\":false,\"teraType\":\"Ghost\",\"terastallized\":\"\"},{\"ident\":\"p2: Slowbro\",\"details\":\"Slowbro, L85, F\",\"condition\":\"300/300\",\"active\":false,\"stats\":{\"atk\":132,\"def\":236,\"spa\":219,\"spd\":185,\"spe\":100},\"moves\":[\"scald\",\"bodypress\",\"irondefense\",\"slackoff\"],\"baseAbility\":\"regenerator\",\"item\":\"leftovers\",\"pokeball\":\"pokeball\",\"ability\":\"regenerator\",\"commanding\":false,\"reviving\":false,\"teraType\":\"Fighting\",\"terastallized\":\"\"},{\"ident\":\"p2: Zangoose\",\"details\":\"Zangoose, L85, M\",\"condition\":\"0 fnt\",\"active\":false,\"stats\":{\"atk\":244,\"def\":151,\"spa\":151,\"spd\":151,\"spe\":202},\"moves\":[\"quickattack\",\"swordsdance\",\"knockoff\",\"facade\"],\"baseAbility\":\"toxicboost\",\"item\":\"toxicorb\",\"pokeball\":\"pokeball\",\"ability\":\"toxicboost\",\"commanding\":false,\"reviving\":false,\"teraType\":\"Normal\",\"terastallized\":\"\"},{\"ident\":\"p2: Forretress\",\"details\":\"Forretress, L84, F\",\"condition\":\"263/263\",\"active\":false,\"stats\":{\"atk\":199,\"def\":283,\"spa\":149,\"spd\":149,\"spe\":115},\"moves\":[\"stealthrock\",\"bodypress\",\"ironhead\",\"spikes\"],\"baseAbility\":\"sturdy\",\"item\":\"leftovers\",\"pokeball\":\"pokeball\",\"ability\":\"sturdy\",\"commanding\":false,\"reviving\":false,\"teraType\":\"Water\",\"terastallized\":\"\"},{\"ident\":\"p2: Zarude\",\"details\":\"Zarude-Dada, L77\",\"condition\":\"288/288\",\"active\":false,\"stats\":{\"atk\":229,\"def\":206,\"spa\":152,\"spd\":191,\"spe\":206},\"moves\":[\"closecombat\",\"powerwhip\",\"knockoff\",\"uturn\"],\"baseAbility\":\"leafguard\",\"item\":\"choicescarf\",\"pokeball\":\"pokeball\",\"ability\":\"leafguard\",\"commanding\":false,\"reviving\":false,\"teraType\":\"Grass\",\"terastallized\":\"\"},{\"ident\":\"p2: Primarina\",\"details\":\"Primarina, L83, F\",\"condition\":\"0 fnt\",\"active\":false,\"stats\":{\"atk\":171,\"def\":171,\"spa\":257,\"spd\":240,\"spe\":147},\"moves\":[\"moonblast\",\"psychic\",\"hydropump\",\"flipturn\"],\"baseAbility\":\"torrent\",\"item\":\"choicespecs\",\"pokeball\":\"pokeball\",\"ability\":\"torrent\",\"commanding\":false,\"reviving\":false,\"teraType\":\"Water\",\"terastallized\":\"\"}]},\"rqid\":43}\n|\n|t:|1783392531\n|switch|p1a: Golduck|Golduck, L90, F|100/100|[from] Volt Switch\n|-ability|p1a: Golduck|Cloud Nine\n|\n|upkeep\n|turn|17\n|request|{\"active\":[{\"moves\":[{\"move\":\"Energy Ball\",\"id\":\"energyball\",\"pp\":16,\"maxpp\":16,\"target\":\"normal\",\"disabled\":true},{\"move\":\"Trick\",\"id\":\"trick\",\"pp\":16,\"maxpp\":16,\"target\":\"normal\",\"disabled\":true},{\"move\":\"Thunderbolt\",\"id\":\"thunderbolt\",\"pp\":24,\"maxpp\":24,\"target\":\"normal\",\"disabled\":true},{\"move\":\"Shadow Ball\",\"id\":\"shadowball\",\"pp\":22,\"maxpp\":24,\"target\":\"normal\",\"disabled\":false}],\"canTerastallize\":\"Ghost\"}],\"side\":{\"name\":\"p0y0993864\",\"id\":\"p2\",\"pokemon\":[{\"ident\":\"p2: Mismagius\",\"details\":\"Mismagius, L86, M\",\"condition\":\"152/243\",\"active\":true,\"stats\":{\"atk\":108,\"def\":152,\"spa\":230,\"spd\":230,\"spe\":230},\"moves\":[\"energyball\",\"trick\",\"thunderbolt\",\"shadowball\"],\"baseAbility\":\"levitate\",\"item\":\"choicespecs\",\"pokeball\":\"pokeball\",\"ability\":\"levitate\",\"commanding\":false,\"reviving\":false,\"teraType\":\"Ghost\",\"terastallized\":\"\"},{\"ident\":\"p2: Slowbro\",\"details\":\"Slowbro, L85, F\",\"condition\":\"300/300\",\"active\":false,\"stats\":{\"atk\":132,\"def\":236,\"spa\":219,\"spd\":185,\"spe\":100},\"moves\":[\"scald\",\"bodypress\",\"irondefense\",\"slackoff\"],\"baseAbility\":\"regenerator\",\"item\":\"leftovers\",\"pokeball\":\"pokeball\",\"ability\":\"regenerator\",\"commanding\":false,\"reviving\":false,\"teraType\":\"Fighting\",\"terastallized\":\"\"},{\"ident\":\"p2: Zangoose\",\"details\":\"Zangoose, L85, M\",\"condition\":\"0 fnt\",\"active\":false,\"stats\":{\"atk\":244,\"def\":151,\"spa\":151,\"spd\":151,\"spe\":202},\"moves\":[\"quickattack\",\"swordsdance\",\"knockoff\",\"facade\"],\"baseAbility\":\"toxicboost\",\"item\":\"toxicorb\",\"pokeball\":\"pokeball\",\"ability\":\"toxicboost\",\"commanding\":false,\"reviving\":false,\"teraType\":\"Normal\",\"terastallized\":\"\"},{\"ident\":\"p2: Forretress\",\"details\":\"Forretress, L84, F\",\"condition\":\"263/263\",\"active\":false,\"stats\":{\"atk\":199,\"def\":283,\"spa\":149,\"spd\":149,\"spe\":115},\"moves\":[\"stealthrock\",\"bodypress\",\"ironhead\",\"spikes\"],\"baseAbility\":\"sturdy\",\"item\":\"leftovers\",\"pokeball\":\"pokeball\",\"ability\":\"sturdy\",\"commanding\":false,\"reviving\":false,\"teraType\":\"Water\",\"terastallized\":\"\"},{\"ident\":\"p2: Zarude\",\"details\":\"Zarude-Dada, L77\",\"condition\":\"288/288\",\"active\":false,\"stats\":{\"atk\":229,\"def\":206,\"spa\":152,\"spd\":191,\"spe\":206},\"moves\":[\"closecombat\",\"powerwhip\",\"knockoff\",\"uturn\"],\"baseAbility\":\"leafguard\",\"item\":\"choicescarf\",\"pokeball\":\"pokeball\",\"ability\":\"leafguard\",\"commanding\":false,\"reviving\":false,\"teraType\":\"Grass\",\"terastallized\":\"\"},{\"ident\":\"p2: Primarina\",\"details\":\"Primarina, L83, F\",\"condition\":\"0 fnt\",\"active\":false,\"stats\":{\"atk\":171,\"def\":171,\"spa\":257,\"spd\":240,\"spe\":147},\"moves\":[\"moonblast\",\"psychic\",\"hydropump\",\"flipturn\"],\"baseAbility\":\"torrent\",\"item\":\"choicespecs\",\"pokeball\":\"pokeball\",\"ability\":\"torrent\",\"commanding\":false,\"reviving\":false,\"teraType\":\"Water\",\"terastallized\":\"\"}]},\"rqid\":45}\n|inactive|Time left: 300 sec this turn | 300 sec total\n|\n|t:|1783392531\n|move|p2a: Mismagius|Shadow Ball|p1a: Golduck\n|-damage|p1a: Golduck|54/100\n|move|p1a: Golduck|Hydro Pump|p2a: Mismagius\n|-damage|p2a: Mismagius|0 fnt\n|faint|p2a: Mismagius\n|\n|upkeep\n|request|{\"forceSwitch\":[true],\"side\":{\"name\":\"p0y0993864\",\"id\":\"p2\",\"pokemon\":[{\"ident\":\"p2: Mismagius\",\"details\":\"Mismagius, L86, M\",\"condition\":\"0 fnt\",\"active\":true,\"stats\":{\"atk\":108,\"def\":152,\"spa\":230,\"spd\":230,\"spe\":230},\"moves\":[\"energyball\",\"trick\",\"thunderbolt\",\"shadowball\"],\"baseAbility\":\"levitate\",\"item\":\"choicespecs\",\"pokeball\":\"pokeball\",\"ability\":\"levitate\",\"commanding\":false,\"reviving\":false,\"teraType\":\"Ghost\",\"terastallized\":\"\"},{\"ident\":\"p2: Slowbro\",\"details\":\"Slowbro, L85, F\",\"condition\":\"300/300\",\"active\":false,\"stats\":{\"atk\":132,\"def\":236,\"spa\":219,\"spd\":185,\"spe\":100},\"moves\":[\"scald\",\"bodypress\",\"irondefense\",\"slackoff\"],\"baseAbility\":\"regenerator\",\"item\":\"leftovers\",\"pokeball\":\"pokeball\",\"ability\":\"regenerator\",\"commanding\":false,\"reviving\":false,\"teraType\":\"Fighting\",\"terastallized\":\"\"},{\"ident\":\"p2: Zangoose\",\"details\":\"Zangoose, L85, M\",\"condition\":\"0 fnt\",\"active\":false,\"stats\":{\"atk\":244,\"def\":151,\"spa\":151,\"spd\":151,\"spe\":202},\"moves\":[\"quickattack\",\"swordsdance\",\"knockoff\",\"facade\"],\"baseAbility\":\"toxicboost\",\"item\":\"toxicorb\",\"pokeball\":\"pokeball\",\"ability\":\"toxicboost\",\"commanding\":false,\"reviving\":false,\"teraType\":\"Normal\",\"terastallized\":\"\"},{\"ident\":\"p2: Forretress\",\"details\":\"Forretress, L84, F\",\"condition\":\"263/263\",\"active\":false,\"stats\":{\"atk\":199,\"def\":283,\"spa\":149,\"spd\":149,\"spe\":115},\"moves\":[\"stealthrock\",\"bodypress\",\"ironhead\",\"spikes\"],\"baseAbility\":\"sturdy\",\"item\":\"leftovers\",\"pokeball\":\"pokeball\",\"ability\":\"sturdy\",\"commanding\":false,\"reviving\":false,\"teraType\":\"Water\",\"terastallized\":\"\"},{\"ident\":\"p2: Zarude\",\"details\":\"Zarude-Dada, L77\",\"condition\":\"288/288\",\"active\":false,\"stats\":{\"atk\":229,\"def\":206,\"spa\":152,\"spd\":191,\"spe\":206},\"moves\":[\"closecombat\",\"powerwhip\",\"knockoff\",\"uturn\"],\"baseAbility\":\"leafguard\",\"item\":\"choicescarf\",\"pokeball\":\"pokeball\",\"ability\":\"leafguard\",\"commanding\":false,\"reviving\":false,\"teraType\":\"Grass\",\"terastallized\":\"\"},{\"ident\":\"p2: Primarina\",\"details\":\"Primarina, L83, F\",\"condition\":\"0 fnt\",\"active\":false,\"stats\":{\"atk\":171,\"def\":171,\"spa\":257,\"spd\":240,\"spe\":147},\"moves\":[\"moonblast\",\"psychic\",\"hydropump\",\"flipturn\"],\"baseAbility\":\"torrent\",\"item\":\"choicespecs\",\"pokeball\":\"pokeball\",\"ability\":\"torrent\",\"commanding\":false,\"reviving\":false,\"teraType\":\"Water\",\"terastallized\":\"\"}]},\"noCancel\":true,\"rqid\":47}\n|inactive|Time left: 300 sec this turn | 300 sec total | 5 sec grace\n|\n|t:|1783392532\n|switch|p2a: Zarude|Zarude-Dada, L77|288/288\n|-activate|p2a: Zarude|move: Sticky Web\n|-unboost|p2a: Zarude|spe|1\n|turn|18\n|request|{\"active\":[{\"moves\":[{\"move\":\"Close Combat\",\"id\":\"closecombat\",\"pp\":8,\"maxpp\":8,\"target\":\"normal\",\"disabled\":false},{\"move\":\"Power Whip\",\"id\":\"powerwhip\",\"pp\":16,\"maxpp\":16,\"target\":\"normal\",\"disabled\":false},{\"move\":\"Knock Off\",\"id\":\"knockoff\",\"pp\":31,\"maxpp\":32,\"target\":\"normal\",\"disabled\":false},{\"move\":\"U-turn\",\"id\":\"uturn\",\"pp\":32,\"maxpp\":32,\"target\":\"normal\",\"disabled\":false}],\"canTerastallize\":\"Grass\"}],\"side\":{\"name\":\"p0y0993864\",\"id\":\"p2\",\"pokemon\":[{\"ident\":\"p2: Zarude\",\"details\":\"Zarude-Dada, L77\",\"condition\":\"288/288\",\"active\":true,\"stats\":{\"atk\":229,\"def\":206,\"spa\":152,\"spd\":191,\"spe\":206},\"moves\":[\"closecombat\",\"powerwhip\",\"knockoff\",\"uturn\"],\"baseAbility\":\"leafguard\",\"item\":\"choicescarf\",\"pokeball\":\"pokeball\",\"ability\":\"leafguard\",\"commanding\":false,\"reviving\":false,\"teraType\":\"Grass\",\"terastallized\":\"\"},{\"ident\":\"p2: Slowbro\",\"details\":\"Slowbro, L85, F\",\"condition\":\"300/300\",\"active\":false,\"stats\":{\"atk\":132,\"def\":236,\"spa\":219,\"spd\":185,\"spe\":100},\"moves\":[\"scald\",\"bodypress\",\"irondefense\",\"slackoff\"],\"baseAbility\":\"regenerator\",\"item\":\"leftovers\",\"pokeball\":\"pokeball\",\"ability\":\"regenerator\",\"commanding\":false,\"reviving\":false,\"teraType\":\"Fighting\",\"terastallized\":\"\"},{\"ident\":\"p2: Zangoose\",\"details\":\"Zangoose, L85, M\",\"condition\":\"0 fnt\",\"active\":false,\"stats\":{\"atk\":244,\"def\":151,\"spa\":151,\"spd\":151,\"spe\":202},\"moves\":[\"quickattack\",\"swordsdance\",\"knockoff\",\"facade\"],\"baseAbility\":\"toxicboost\",\"item\":\"toxicorb\",\"pokeball\":\"pokeball\",\"ability\":\"toxicboost\",\"commanding\":false,\"reviving\":false,\"teraType\":\"Normal\",\"terastallized\":\"\"},{\"ident\":\"p2: Forretress\",\"details\":\"Forretress, L84, F\",\"condition\":\"263/263\",\"active\":false,\"stats\":{\"atk\":199,\"def\":283,\"spa\":149,\"spd\":149,\"spe\":115},\"moves\":[\"stealthrock\",\"bodypress\",\"ironhead\",\"spikes\"],\"baseAbility\":\"sturdy\",\"item\":\"leftovers\",\"pokeball\":\"pokeball\",\"ability\":\"sturdy\",\"commanding\":false,\"reviving\":false,\"teraType\":\"Water\",\"terastallized\":\"\"},{\"ident\":\"p2: Mismagius\",\"details\":\"Mismagius, L86, M\",\"condition\":\"0 fnt\",\"active\":false,\"stats\":{\"atk\":108,\"def\":152,\"spa\":230,\"spd\":230,\"spe\":230},\"moves\":[\"energyball\",\"trick\",\"thunderbolt\",\"shadowball\"],\"baseAbility\":\"levitate\",\"item\":\"choicespecs\",\"pokeball\":\"pokeball\",\"ability\":\"levitate\",\"commanding\":false,\"reviving\":false,\"teraType\":\"Ghost\",\"terastallized\":\"\"},{\"ident\":\"p2: Primarina\",\"details\":\"Primarina, L83, F\",\"condition\":\"0 fnt\",\"active\":false,\"stats\":{\"atk\":171,\"def\":171,\"spa\":257,\"spd\":240,\"spe\":147},\"moves\":[\"moonblast\",\"psychic\",\"hydropump\",\"flipturn\"],\"baseAbility\":\"torrent\",\"item\":\"choicespecs\",\"pokeball\":\"pokeball\",\"ability\":\"torrent\",\"commanding\":false,\"reviving\":false,\"teraType\":\"Water\",\"terastallized\":\"\"}]},\"rqid\":49}\n|inactive|Time left: 300 sec this turn | 300 sec total\n|\n|t:|1783392532\n|switch|p1a: Alcremie|Alcremie, L90, F|58/100\n|move|p2a: Zarude|Power Whip|p1a: Alcremie\n|-damage|p1a: Alcremie|9/100\n|\n|-heal|p1a: Alcremie|15/100|[from] item: Leftovers\n|upkeep\n|turn|19\n|request|{\"active\":[{\"moves\":[{\"move\":\"Close Combat\",\"id\":\"closecombat\",\"pp\":8,\"maxpp\":8,\"target\":\"normal\",\"disabled\":true},{\"move\":\"Power Whip\",\"id\":\"powerwhip\",\"pp\":15,\"maxpp\":16,\"target\":\"normal\",\"disabled\":false},{\"move\":\"Knock Off\",\"id\":\"knockoff\",\"pp\":31,\"maxpp\":32,\"target\":\"normal\",\"disabled\":true},{\"move\":\"U-turn\",\"id\":\"uturn\",\"pp\":32,\"maxpp\":32,\"target\":\"normal\",\"disabled\":true}],\"canTerastallize\":\"Grass\"}],\"side\":{\"name\":\"p0y0993864\",\"id\":\"p2\",\"pokemon\":[{\"ident\":\"p2: Zarude\",\"details\":\"Zarude-Dada, L77\",\"condition\":\"288/288\",\"active\":true,\"stats\":{\"atk\":229,\"def\":206,\"spa\":152,\"spd\":191,\"spe\":206},\"moves\":[\"closecombat\",\"powerwhip\",\"knockoff\",\"uturn\"],\"baseAbility\":\"leafguard\",\"item\":\"choicescarf\",\"pokeball\":\"pokeball\",\"ability\":\"leafguard\",\"commanding\":false,\"reviving\":false,\"teraType\":\"Grass\",\"terastallized\":\"\"},{\"ident\":\"p2: Slowbro\",\"details\":\"Slowbro, L85, F\",\"condition\":\"300/300\",\"active\":false,\"stats\":{\"atk\":132,\"def\":236,\"spa\":219,\"spd\":185,\"spe\":100},\"moves\":[\"scald\",\"bodypress\",\"irondefense\",\"slackoff\"],\"baseAbility\":\"regenerator\",\"item\":\"leftovers\",\"pokeball\":\"pokeball\",\"ability\":\"regenerator\",\"commanding\":false,\"reviving\":false,\"teraType\":\"Fighting\",\"terastallized\":\"\"},{\"ident\":\"p2: Zangoose\",\"details\":\"Zangoose, L85, M\",\"condition\":\"0 fnt\",\"active\":false,\"stats\":{\"atk\":244,\"def\":151,\"spa\":151,\"spd\":151,\"spe\":202},\"moves\":[\"quickattack\",\"swordsdance\",\"knockoff\",\"facade\"],\"baseAbility\":\"toxicboost\",\"item\":\"toxicorb\",\"pokeball\":\"pokeball\",\"ability\":\"toxicboost\",\"commanding\":false,\"reviving\":false,\"teraType\":\"Normal\",\"terastallized\":\"\"},{\"ident\":\"p2: Forretress\",\"details\":\"Forretress, L84, F\",\"condition\":\"263/263\",\"active\":false,\"stats\":{\"atk\":199,\"def\":283,\"spa\":149,\"spd\":149,\"spe\":115},\"moves\":[\"stealthrock\",\"bodypress\",\"ironhead\",\"spikes\"],\"baseAbility\":\"sturdy\",\"item\":\"leftovers\",\"pokeball\":\"pokeball\",\"ability\":\"sturdy\",\"commanding\":false,\"reviving\":false,\"teraType\":\"Water\",\"terastallized\":\"\"},{\"ident\":\"p2: Mismagius\",\"details\":\"Mismagius, L86, M\",\"condition\":\"0 fnt\",\"active\":false,\"stats\":{\"atk\":108,\"def\":152,\"spa\":230,\"spd\":230,\"spe\":230},\"moves\":[\"energyball\",\"trick\",\"thunderbolt\",\"shadowball\"],\"baseAbility\":\"levitate\",\"item\":\"choicespecs\",\"pokeball\":\"pokeball\",\"ability\":\"levitate\",\"commanding\":false,\"reviving\":false,\"teraType\":\"Ghost\",\"terastallized\":\"\"},{\"ident\":\"p2: Primarina\",\"details\":\"Primarina, L83, F\",\"condition\":\"0 fnt\",\"active\":false,\"stats\":{\"atk\":171,\"def\":171,\"spa\":257,\"spd\":240,\"spe\":147},\"moves\":[\"moonblast\",\"psychic\",\"hydropump\",\"flipturn\"],\"baseAbility\":\"torrent\",\"item\":\"choicespecs\",\"pokeball\":\"pokeball\",\"ability\":\"torrent\",\"commanding\":false,\"reviving\":false,\"teraType\":\"Water\",\"terastallized\":\"\"}]},\"rqid\":51}\n|inactive|Time left: 300 sec this turn | 300 sec total\n|\n|t:|1783392532\n|move|p2a: Zarude|Power Whip|p1a: Alcremie\n|-damage|p1a: Alcremie|0 fnt\n|faint|p1a: Alcremie\n|\n|upkeep\n|request|{\"wait\":true,\"side\":{\"name\":\"p0y0993864\",\"id\":\"p2\",\"pokemon\":[{\"ident\":\"p2: Zarude\",\"details\":\"Zarude-Dada, L77\",\"condition\":\"288/288\",\"active\":true,\"stats\":{\"atk\":229,\"def\":206,\"spa\":152,\"spd\":191,\"spe\":206},\"moves\":[\"closecombat\",\"powerwhip\",\"knockoff\",\"uturn\"],\"baseAbility\":\"leafguard\",\"item\":\"choicescarf\",\"pokeball\":\"pokeball\",\"ability\":\"leafguard\",\"commanding\":false,\"reviving\":false,\"teraType\":\"Grass\",\"terastallized\":\"\"},{\"ident\":\"p2: Slowbro\",\"details\":\"Slowbro, L85, F\",\"condition\":\"300/300\",\"active\":false,\"stats\":{\"atk\":132,\"def\":236,\"spa\":219,\"spd\":185,\"spe\":100},\"moves\":[\"scald\",\"bodypress\",\"irondefense\",\"slackoff\"],\"baseAbility\":\"regenerator\",\"item\":\"leftovers\",\"pokeball\":\"pokeball\",\"ability\":\"regenerator\",\"commanding\":false,\"reviving\":false,\"teraType\":\"Fighting\",\"terastallized\":\"\"},{\"ident\":\"p2: Zangoose\",\"details\":\"Zangoose, L85, M\",\"condition\":\"0 fnt\",\"active\":false,\"stats\":{\"atk\":244,\"def\":151,\"spa\":151,\"spd\":151,\"spe\":202},\"moves\":[\"quickattack\",\"swordsdance\",\"knockoff\",\"facade\"],\"baseAbility\":\"toxicboost\",\"item\":\"toxicorb\",\"pokeball\":\"pokeball\",\"ability\":\"toxicboost\",\"commanding\":false,\"reviving\":false,\"teraType\":\"Normal\",\"terastallized\":\"\"},{\"ident\":\"p2: Forretress\",\"details\":\"Forretress, L84, F\",\"condition\":\"263/263\",\"active\":false,\"stats\":{\"atk\":199,\"def\":283,\"spa\":149,\"spd\":149,\"spe\":115},\"moves\":[\"stealthrock\",\"bodypress\",\"ironhead\",\"spikes\"],\"baseAbility\":\"sturdy\",\"item\":\"leftovers\",\"pokeball\":\"pokeball\",\"ability\":\"sturdy\",\"commanding\":false,\"reviving\":false,\"teraType\":\"Water\",\"terastallized\":\"\"},{\"ident\":\"p2: Mismagius\",\"details\":\"Mismagius, L86, M\",\"condition\":\"0 fnt\",\"active\":false,\"stats\":{\"atk\":108,\"def\":152,\"spa\":230,\"spd\":230,\"spe\":230},\"moves\":[\"energyball\",\"trick\",\"thunderbolt\",\"shadowball\"],\"baseAbility\":\"levitate\",\"item\":\"choicespecs\",\"pokeball\":\"pokeball\",\"ability\":\"levitate\",\"commanding\":false,\"reviving\":false,\"teraType\":\"Ghost\",\"terastallized\":\"\"},{\"ident\":\"p2: Primarina\",\"details\":\"Primarina, L83, F\",\"condition\":\"0 fnt\",\"active\":false,\"stats\":{\"atk\":171,\"def\":171,\"spa\":257,\"spd\":240,\"spe\":147},\"moves\":[\"moonblast\",\"psychic\",\"hydropump\",\"flipturn\"],\"baseAbility\":\"torrent\",\"item\":\"choicespecs\",\"pokeball\":\"pokeball\",\"ability\":\"torrent\",\"commanding\":false,\"reviving\":false,\"teraType\":\"Water\",\"terastallized\":\"\"}]},\"rqid\":53}\n|\n|t:|1783392532\n|switch|p1a: Wugtrio|Wugtrio, L91, F|55/100\n|turn|20\n|request|{\"active\":[{\"moves\":[{\"move\":\"Close Combat\",\"id\":\"closecombat\",\"pp\":8,\"maxpp\":8,\"target\":\"normal\",\"disabled\":true},{\"move\":\"Power Whip\",\"id\":\"powerwhip\",\"pp\":14,\"maxpp\":16,\"target\":\"normal\",\"disabled\":false},{\"move\":\"Knock Off\",\"id\":\"knockoff\",\"pp\":31,\"maxpp\":32,\"target\":\"normal\",\"disabled\":true},{\"move\":\"U-turn\",\"id\":\"uturn\",\"pp\":32,\"maxpp\":32,\"target\":\"normal\",\"disabled\":true}],\"canTerastallize\":\"Grass\"}],\"side\":{\"name\":\"p0y0993864\",\"id\":\"p2\",\"pokemon\":[{\"ident\":\"p2: Zarude\",\"details\":\"Zarude-Dada, L77\",\"condition\":\"288/288\",\"active\":true,\"stats\":{\"atk\":229,\"def\":206,\"spa\":152,\"spd\":191,\"spe\":206},\"moves\":[\"closecombat\",\"powerwhip\",\"knockoff\",\"uturn\"],\"baseAbility\":\"leafguard\",\"item\":\"choicescarf\",\"pokeball\":\"pokeball\",\"ability\":\"leafguard\",\"commanding\":false,\"reviving\":false,\"teraType\":\"Grass\",\"terastallized\":\"\"},{\"ident\":\"p2: Slowbro\",\"details\":\"Slowbro, L85, F\",\"condition\":\"300/300\",\"active\":false,\"stats\":{\"atk\":132,\"def\":236,\"spa\":219,\"spd\":185,\"spe\":100},\"moves\":[\"scald\",\"bodypress\",\"irondefense\",\"slackoff\"],\"baseAbility\":\"regenerator\",\"item\":\"leftovers\",\"pokeball\":\"pokeball\",\"ability\":\"regenerator\",\"commanding\":false,\"reviving\":false,\"teraType\":\"Fighting\",\"terastallized\":\"\"},{\"ident\":\"p2: Zangoose\",\"details\":\"Zangoose, L85, M\",\"condition\":\"0 fnt\",\"active\":false,\"stats\":{\"atk\":244,\"def\":151,\"spa\":151,\"spd\":151,\"spe\":202},\"moves\":[\"quickattack\",\"swordsdance\",\"knockoff\",\"facade\"],\"baseAbility\":\"toxicboost\",\"item\":\"toxicorb\",\"pokeball\":\"pokeball\",\"ability\":\"toxicboost\",\"commanding\":false,\"reviving\":false,\"teraType\":\"Normal\",\"terastallized\":\"\"},{\"ident\":\"p2: Forretress\",\"details\":\"Forretress, L84, F\",\"condition\":\"263/263\",\"active\":false,\"stats\":{\"atk\":199,\"def\":283,\"spa\":149,\"spd\":149,\"spe\":115},\"moves\":[\"stealthrock\",\"bodypress\",\"ironhead\",\"spikes\"],\"baseAbility\":\"sturdy\",\"item\":\"leftovers\",\"pokeball\":\"pokeball\",\"ability\":\"sturdy\",\"commanding\":false,\"reviving\":false,\"teraType\":\"Water\",\"terastallized\":\"\"},{\"ident\":\"p2: Mismagius\",\"details\":\"Mismagius, L86, M\",\"condition\":\"0 fnt\",\"active\":false,\"stats\":{\"atk\":108,\"def\":152,\"spa\":230,\"spd\":230,\"spe\":230},\"moves\":[\"energyball\",\"trick\",\"thunderbolt\",\"shadowball\"],\"baseAbility\":\"levitate\",\"item\":\"choicespecs\",\"pokeball\":\"pokeball\",\"ability\":\"levitate\",\"commanding\":false,\"reviving\":false,\"teraType\":\"Ghost\",\"terastallized\":\"\"},{\"ident\":\"p2: Primarina\",\"details\":\"Primarina, L83, F\",\"condition\":\"0 fnt\",\"active\":false,\"stats\":{\"atk\":171,\"def\":171,\"spa\":257,\"spd\":240,\"spe\":147},\"moves\":[\"moonblast\",\"psychic\",\"hydropump\",\"flipturn\"],\"baseAbility\":\"torrent\",\"item\":\"choicespecs\",\"pokeball\":\"pokeball\",\"ability\":\"torrent\",\"commanding\":false,\"reviving\":false,\"teraType\":\"Water\",\"terastallized\":\"\"}]},\"rqid\":55}\n|inactive|Time left: 300 sec this turn | 300 sec total\n|\n|t:|1783392533\n|move|p1a: Wugtrio|Liquidation|p2a: Zarude\n|-resisted|p2a: Zarude\n|-damage|p2a: Zarude|214/288\n|move|p2a: Zarude|Power Whip|p1a: Wugtrio\n|-supereffective|p1a: Wugtrio\n|-damage|p1a: Wugtrio|0 fnt\n|-ability|p1a: Wugtrio|Gooey\n|-unboost|p2a: Zarude|spe|1\n|faint|p1a: Wugtrio\n|\n|upkeep\n|request|{\"wait\":true,\"side\":{\"name\":\"p0y0993864\",\"id\":\"p2\",\"pokemon\":[{\"ident\":\"p2: Zarude\",\"details\":\"Zarude-Dada, L77\",\"condition\":\"214/288\",\"active\":true,\"stats\":{\"atk\":229,\"def\":206,\"spa\":152,\"spd\":191,\"spe\":206},\"moves\":[\"closecombat\",\"powerwhip\",\"knockoff\",\"uturn\"],\"baseAbility\":\"leafguard\",\"item\":\"choicescarf\",\"pokeball\":\"pokeball\",\"ability\":\"leafguard\",\"commanding\":false,\"reviving\":false,\"teraType\":\"Grass\",\"terastallized\":\"\"},{\"ident\":\"p2: Slowbro\",\"details\":\"Slowbro, L85, F\",\"condition\":\"300/300\",\"active\":false,\"stats\":{\"atk\":132,\"def\":236,\"spa\":219,\"spd\":185,\"spe\":100},\"moves\":[\"scald\",\"bodypress\",\"irondefense\",\"slackoff\"],\"baseAbility\":\"regenerator\",\"item\":\"leftovers\",\"pokeball\":\"pokeball\",\"ability\":\"regenerator\",\"commanding\":false,\"reviving\":false,\"teraType\":\"Fighting\",\"terastallized\":\"\"},{\"ident\":\"p2: Zangoose\",\"details\":\"Zangoose, L85, M\",\"condition\":\"0 fnt\",\"active\":false,\"stats\":{\"atk\":244,\"def\":151,\"spa\":151,\"spd\":151,\"spe\":202},\"moves\":[\"quickattack\",\"swordsdance\",\"knockoff\",\"facade\"],\"baseAbility\":\"toxicboost\",\"item\":\"toxicorb\",\"pokeball\":\"pokeball\",\"ability\":\"toxicboost\",\"commanding\":false,\"reviving\":false,\"teraType\":\"Normal\",\"terastallized\":\"\"},{\"ident\":\"p2: Forretress\",\"details\":\"Forretress, L84, F\",\"condition\":\"263/263\",\"active\":false,\"stats\":{\"atk\":199,\"def\":283,\"spa\":149,\"spd\":149,\"spe\":115},\"moves\":[\"stealthrock\",\"bodypress\",\"ironhead\",\"spikes\"],\"baseAbility\":\"sturdy\",\"item\":\"leftovers\",\"pokeball\":\"pokeball\",\"ability\":\"sturdy\",\"commanding\":false,\"reviving\":false,\"teraType\":\"Water\",\"terastallized\":\"\"},{\"ident\":\"p2: Mismagius\",\"details\":\"Mismagius, L86, M\",\"condition\":\"0 fnt\",\"active\":false,\"stats\":{\"atk\":108,\"def\":152,\"spa\":230,\"spd\":230,\"spe\":230},\"moves\":[\"energyball\",\"trick\",\"thunderbolt\",\"shadowball\"],\"baseAbility\":\"levitate\",\"item\":\"choicespecs\",\"pokeball\":\"pokeball\",\"ability\":\"levitate\",\"commanding\":false,\"reviving\":false,\"teraType\":\"Ghost\",\"terastallized\":\"\"},{\"ident\":\"p2: Primarina\",\"details\":\"Primarina, L83, F\",\"condition\":\"0 fnt\",\"active\":false,\"stats\":{\"atk\":171,\"def\":171,\"spa\":257,\"spd\":240,\"spe\":147},\"moves\":[\"moonblast\",\"psychic\",\"hydropump\",\"flipturn\"],\"baseAbility\":\"torrent\",\"item\":\"choicespecs\",\"pokeball\":\"pokeball\",\"ability\":\"torrent\",\"commanding\":false,\"reviving\":false,\"teraType\":\"Water\",\"terastallized\":\"\"}]},\"rqid\":57}\n|\n|t:|1783392533\n|switch|p1a: Golduck|Golduck, L90, F|54/100\n|-ability|p1a: Golduck|Cloud Nine\n|turn|21\n|request|{\"active\":[{\"moves\":[{\"move\":\"Close Combat\",\"id\":\"closecombat\",\"pp\":8,\"maxpp\":8,\"target\":\"normal\",\"disabled\":true},{\"move\":\"Power Whip\",\"id\":\"powerwhip\",\"pp\":13,\"maxpp\":16,\"target\":\"normal\",\"disabled\":false},{\"move\":\"Knock Off\",\"id\":\"knockoff\",\"pp\":31,\"maxpp\":32,\"target\":\"normal\",\"disabled\":true},{\"move\":\"U-turn\",\"id\":\"uturn\",\"pp\":32,\"maxpp\":32,\"target\":\"normal\",\"disabled\":true}],\"canTerastallize\":\"Grass\"}],\"side\":{\"name\":\"p0y0993864\",\"id\":\"p2\",\"pokemon\":[{\"ident\":\"p2: Zarude\",\"details\":\"Zarude-Dada, L77\",\"condition\":\"214/288\",\"active\":true,\"stats\":{\"atk\":229,\"def\":206,\"spa\":152,\"spd\":191,\"spe\":206},\"moves\":[\"closecombat\",\"powerwhip\",\"knockoff\",\"uturn\"],\"baseAbility\":\"leafguard\",\"item\":\"choicescarf\",\"pokeball\":\"pokeball\",\"ability\":\"leafguard\",\"commanding\":false,\"reviving\":false,\"teraType\":\"Grass\",\"terastallized\":\"\"},{\"ident\":\"p2: Slowbro\",\"details\":\"Slowbro, L85, F\",\"condition\":\"300/300\",\"active\":false,\"stats\":{\"atk\":132,\"def\":236,\"spa\":219,\"spd\":185,\"spe\":100},\"moves\":[\"scald\",\"bodypress\",\"irondefense\",\"slackoff\"],\"baseAbility\":\"regenerator\",\"item\":\"leftovers\",\"pokeball\":\"pokeball\",\"ability\":\"regenerator\",\"commanding\":false,\"reviving\":false,\"teraType\":\"Fighting\",\"terastallized\":\"\"},{\"ident\":\"p2: Zangoose\",\"details\":\"Zangoose, L85, M\",\"condition\":\"0 fnt\",\"active\":false,\"stats\":{\"atk\":244,\"def\":151,\"spa\":151,\"spd\":151,\"spe\":202},\"moves\":[\"quickattack\",\"swordsdance\",\"knockoff\",\"facade\"],\"baseAbility\":\"toxicboost\",\"item\":\"toxicorb\",\"pokeball\":\"pokeball\",\"ability\":\"toxicboost\",\"commanding\":false,\"reviving\":false,\"teraType\":\"Normal\",\"terastallized\":\"\"},{\"ident\":\"p2: Forretress\",\"details\":\"Forretress, L84, F\",\"condition\":\"263/263\",\"active\":false,\"stats\":{\"atk\":199,\"def\":283,\"spa\":149,\"spd\":149,\"spe\":115},\"moves\":[\"stealthrock\",\"bodypress\",\"ironhead\",\"spikes\"],\"baseAbility\":\"sturdy\",\"item\":\"leftovers\",\"pokeball\":\"pokeball\",\"ability\":\"sturdy\",\"commanding\":false,\"reviving\":false,\"teraType\":\"Water\",\"terastallized\":\"\"},{\"ident\":\"p2: Mismagius\",\"details\":\"Mismagius, L86, M\",\"condition\":\"0 fnt\",\"active\":false,\"stats\":{\"atk\":108,\"def\":152,\"spa\":230,\"spd\":230,\"spe\":230},\"moves\":[\"energyball\",\"trick\",\"thunderbolt\",\"shadowball\"],\"baseAbility\":\"levitate\",\"item\":\"choicespecs\",\"pokeball\":\"pokeball\",\"ability\":\"levitate\",\"commanding\":false,\"reviving\":false,\"teraType\":\"Ghost\",\"terastallized\":\"\"},{\"ident\":\"p2: Primarina\",\"details\":\"Primarina, L83, F\",\"condition\":\"0 fnt\",\"active\":false,\"stats\":{\"atk\":171,\"def\":171,\"spa\":257,\"spd\":240,\"spe\":147},\"moves\":[\"moonblast\",\"psychic\",\"hydropump\",\"flipturn\"],\"baseAbility\":\"torrent\",\"item\":\"choicespecs\",\"pokeball\":\"pokeball\",\"ability\":\"torrent\",\"commanding\":false,\"reviving\":false,\"teraType\":\"Water\",\"terastallized\":\"\"}]},\"rqid\":59}\n|inactive|Time left: 300 sec this turn | 300 sec total\n|\n|t:|1783392533\n|move|p1a: Golduck|Ice Beam|p2a: Zarude\n|-supereffective|p2a: Zarude\n|-damage|p2a: Zarude|0 fnt\n|faint|p2a: Zarude\n|\n|upkeep\n|request|{\"forceSwitch\":[true],\"side\":{\"name\":\"p0y0993864\",\"id\":\"p2\",\"pokemon\":[{\"ident\":\"p2: Zarude\",\"details\":\"Zarude-Dada, L77\",\"condition\":\"0 fnt\",\"active\":true,\"stats\":{\"atk\":229,\"def\":206,\"spa\":152,\"spd\":191,\"spe\":206},\"moves\":[\"closecombat\",\"powerwhip\",\"knockoff\",\"uturn\"],\"baseAbility\":\"leafguard\",\"item\":\"choicescarf\",\"pokeball\":\"pokeball\",\"ability\":\"leafguard\",\"commanding\":false,\"reviving\":false,\"teraType\":\"Grass\",\"terastallized\":\"\"},{\"ident\":\"p2: Slowbro\",\"details\":\"Slowbro, L85, F\",\"condition\":\"300/300\",\"active\":false,\"stats\":{\"atk\":132,\"def\":236,\"spa\":219,\"spd\":185,\"spe\":100},\"moves\":[\"scald\",\"bodypress\",\"irondefense\",\"slackoff\"],\"baseAbility\":\"regenerator\",\"item\":\"leftovers\",\"pokeball\":\"pokeball\",\"ability\":\"regenerator\",\"commanding\":false,\"reviving\":false,\"teraType\":\"Fighting\",\"terastallized\":\"\"},{\"ident\":\"p2: Zangoose\",\"details\":\"Zangoose, L85, M\",\"condition\":\"0 fnt\",\"active\":false,\"stats\":{\"atk\":244,\"def\":151,\"spa\":151,\"spd\":151,\"spe\":202},\"moves\":[\"quickattack\",\"swordsdance\",\"knockoff\",\"facade\"],\"baseAbility\":\"toxicboost\",\"item\":\"toxicorb\",\"pokeball\":\"pokeball\",\"ability\":\"toxicboost\",\"commanding\":false,\"reviving\":false,\"teraType\":\"Normal\",\"terastallized\":\"\"},{\"ident\":\"p2: Forretress\",\"details\":\"Forretress, L84, F\",\"condition\":\"263/263\",\"active\":false,\"stats\":{\"atk\":199,\"def\":283,\"spa\":149,\"spd\":149,\"spe\":115},\"moves\":[\"stealthrock\",\"bodypress\",\"ironhead\",\"spikes\"],\"baseAbility\":\"sturdy\",\"item\":\"leftovers\",\"pokeball\":\"pokeball\",\"ability\":\"sturdy\",\"commanding\":false,\"reviving\":false,\"teraType\":\"Water\",\"terastallized\":\"\"},{\"ident\":\"p2: Mismagius\",\"details\":\"Mismagius, L86, M\",\"condition\":\"0 fnt\",\"active\":false,\"stats\":{\"atk\":108,\"def\":152,\"spa\":230,\"spd\":230,\"spe\":230},\"moves\":[\"energyball\",\"trick\",\"thunderbolt\",\"shadowball\"],\"baseAbility\":\"levitate\",\"item\":\"choicespecs\",\"pokeball\":\"pokeball\",\"ability\":\"levitate\",\"commanding\":false,\"reviving\":false,\"teraType\":\"Ghost\",\"terastallized\":\"\"},{\"ident\":\"p2: Primarina\",\"details\":\"Primarina, L83, F\",\"condition\":\"0 fnt\",\"active\":false,\"stats\":{\"atk\":171,\"def\":171,\"spa\":257,\"spd\":240,\"spe\":147},\"moves\":[\"moonblast\",\"psychic\",\"hydropump\",\"flipturn\"],\"baseAbility\":\"torrent\",\"item\":\"choicespecs\",\"pokeball\":\"pokeball\",\"ability\":\"torrent\",\"commanding\":false,\"reviving\":false,\"teraType\":\"Water\",\"terastallized\":\"\"}]},\"noCancel\":true,\"rqid\":61}\n|inactive|Time left: 300 sec this turn | 300 sec total | 5 sec grace\n|\n|t:|1783392533\n|switch|p2a: Slowbro|Slowbro, L85, F|300/300\n|-activate|p2a: Slowbro|move: Sticky Web\n|-unboost|p2a: Slowbro|spe|1\n|turn|22\n|request|{\"active\":[{\"moves\":[{\"move\":\"Scald\",\"id\":\"scald\",\"pp\":24,\"maxpp\":24,\"target\":\"normal\",\"disabled\":false},{\"move\":\"Body Press\",\"id\":\"bodypress\",\"pp\":16,\"maxpp\":16,\"target\":\"normal\",\"disabled\":false},{\"move\":\"Iron Defense\",\"id\":\"irondefense\",\"pp\":24,\"maxpp\":24,\"target\":\"self\",\"disabled\":false},{\"move\":\"Slack Off\",\"id\":\"slackoff\",\"pp\":8,\"maxpp\":8,\"target\":\"self\",\"disabled\":false}],\"canTerastallize\":\"Fighting\"}],\"side\":{\"name\":\"p0y0993864\",\"id\":\"p2\",\"pokemon\":[{\"ident\":\"p2: Slowbro\",\"details\":\"Slowbro, L85, F\",\"condition\":\"300/300\",\"active\":true,\"stats\":{\"atk\":132,\"def\":236,\"spa\":219,\"spd\":185,\"spe\":100},\"moves\":[\"scald\",\"bodypress\",\"irondefense\",\"slackoff\"],\"baseAbility\":\"regenerator\",\"item\":\"leftovers\",\"pokeball\":\"pokeball\",\"ability\":\"regenerator\",\"commanding\":false,\"reviving\":false,\"teraType\":\"Fighting\",\"terastallized\":\"\"},{\"ident\":\"p2: Zarude\",\"details\":\"Zarude-Dada, L77\",\"condition\":\"0 fnt\",\"active\":false,\"stats\":{\"atk\":229,\"def\":206,\"spa\":152,\"spd\":191,\"spe\":206},\"moves\":[\"closecombat\",\"powerwhip\",\"knockoff\",\"uturn\"],\"baseAbility\":\"leafguard\",\"item\":\"choicescarf\",\"pokeball\":\"pokeball\",\"ability\":\"leafguard\",\"commanding\":false,\"reviving\":false,\"teraType\":\"Grass\",\"terastallized\":\"\"},{\"ident\":\"p2: Zangoose\",\"details\":\"Zangoose, L85, M\",\"condition\":\"0 fnt\",\"active\":false,\"stats\":{\"atk\":244,\"def\":151,\"spa\":151,\"spd\":151,\"spe\":202},\"moves\":[\"quickattack\",\"swordsdance\",\"knockoff\",\"facade\"],\"baseAbility\":\"toxicboost\",\"item\":\"toxicorb\",\"pokeball\":\"pokeball\",\"ability\":\"toxicboost\",\"commanding\":false,\"reviving\":false,\"teraType\":\"Normal\",\"terastallized\":\"\"},{\"ident\":\"p2: Forretress\",\"details\":\"Forretress, L84, F\",\"condition\":\"263/263\",\"active\":false,\"stats\":{\"atk\":199,\"def\":283,\"spa\":149,\"spd\":149,\"spe\":115},\"moves\":[\"stealthrock\",\"bodypress\",\"ironhead\",\"spikes\"],\"baseAbility\":\"sturdy\",\"item\":\"leftovers\",\"pokeball\":\"pokeball\",\"ability\":\"sturdy\",\"commanding\":false,\"reviving\":false,\"teraType\":\"Water\",\"terastallized\":\"\"},{\"ident\":\"p2: Mismagius\",\"details\":\"Mismagius, L86, M\",\"condition\":\"0 fnt\",\"active\":false,\"stats\":{\"atk\":108,\"def\":152,\"spa\":230,\"spd\":230,\"spe\":230},\"moves\":[\"energyball\",\"trick\",\"thunderbolt\",\"shadowball\"],\"baseAbility\":\"levitate\",\"item\":\"choicespecs\",\"pokeball\":\"pokeball\",\"ability\":\"levitate\",\"commanding\":false,\"reviving\":false,\"teraType\":\"Ghost\",\"terastallized\":\"\"},{\"ident\":\"p2: Primarina\",\"details\":\"Primarina, L83, F\",\"condition\":\"0 fnt\",\"active\":false,\"stats\":{\"atk\":171,\"def\":171,\"spa\":257,\"spd\":240,\"spe\":147},\"moves\":[\"moonblast\",\"psychic\",\"hydropump\",\"flipturn\"],\"baseAbility\":\"torrent\",\"item\":\"choicespecs\",\"pokeball\":\"pokeball\",\"ability\":\"torrent\",\"commanding\":false,\"reviving\":false,\"teraType\":\"Water\",\"terastallized\":\"\"}]},\"rqid\":63}\n|inactive|Time left: 300 sec this turn | 300 sec total\n|\n|t:|1783392533\n|move|p1a: Golduck|Ice Beam|p2a: Slowbro\n|-resisted|p2a: Slowbro\n|-damage|p2a: Slowbro|239/300\n|move|p2a: Slowbro|Body Press|p1a: Golduck\n|-damage|p1a: Golduck|32/100\n|\n|-heal|p2a: Slowbro|257/300|[from] item: Leftovers\n|upkeep\n|turn|23\n|request|{\"active\":[{\"moves\":[{\"move\":\"Scald\",\"id\":\"scald\",\"pp\":24,\"maxpp\":24,\"target\":\"normal\",\"disabled\":false},{\"move\":\"Body Press\",\"id\":\"bodypress\",\"pp\":15,\"maxpp\":16,\"target\":\"normal\",\"disabled\":false},{\"move\":\"Iron Defense\",\"id\":\"irondefense\",\"pp\":24,\"maxpp\":24,\"target\":\"self\",\"disabled\":false},{\"move\":\"Slack Off\",\"id\":\"slackoff\",\"pp\":8,\"maxpp\":8,\"target\":\"self\",\"disabled\":false}],\"canTerastallize\":\"Fighting\"}],\"side\":{\"name\":\"p0y0993864\",\"id\":\"p2\",\"pokemon\":[{\"ident\":\"p2: Slowbro\",\"details\":\"Slowbro, L85, F\",\"condition\":\"257/300\",\"active\":true,\"stats\":{\"atk\":132,\"def\":236,\"spa\":219,\"spd\":185,\"spe\":100},\"moves\":[\"scald\",\"bodypress\",\"irondefense\",\"slackoff\"],\"baseAbility\":\"regenerator\",\"item\":\"leftovers\",\"pokeball\":\"pokeball\",\"ability\":\"regenerator\",\"commanding\":false,\"reviving\":false,\"teraType\":\"Fighting\",\"terastallized\":\"\"},{\"ident\":\"p2: Zarude\",\"details\":\"Zarude-Dada, L77\",\"condition\":\"0 fnt\",\"active\":false,\"stats\":{\"atk\":229,\"def\":206,\"spa\":152,\"spd\":191,\"spe\":206},\"moves\":[\"closecombat\",\"powerwhip\",\"knockoff\",\"uturn\"],\"baseAbility\":\"leafguard\",\"item\":\"choicescarf\",\"pokeball\":\"pokeball\",\"ability\":\"leafguard\",\"commanding\":false,\"reviving\":false,\"teraType\":\"Grass\",\"terastallized\":\"\"},{\"ident\":\"p2: Zangoose\",\"details\":\"Zangoose, L85, M\",\"condition\":\"0 fnt\",\"active\":false,\"stats\":{\"atk\":244,\"def\":151,\"spa\":151,\"spd\":151,\"spe\":202},\"moves\":[\"quickattack\",\"swordsdance\",\"knockoff\",\"facade\"],\"baseAbility\":\"toxicboost\",\"item\":\"toxicorb\",\"pokeball\":\"pokeball\",\"ability\":\"toxicboost\",\"commanding\":false,\"reviving\":false,\"teraType\":\"Normal\",\"terastallized\":\"\"},{\"ident\":\"p2: Forretress\",\"details\":\"Forretress, L84, F\",\"condition\":\"263/263\",\"active\":false,\"stats\":{\"atk\":199,\"def\":283,\"spa\":149,\"spd\":149,\"spe\":115},\"moves\":[\"stealthrock\",\"bodypress\",\"ironhead\",\"spikes\"],\"baseAbility\":\"sturdy\",\"item\":\"leftovers\",\"pokeball\":\"pokeball\",\"ability\":\"sturdy\",\"commanding\":false,\"reviving\":false,\"teraType\":\"Water\",\"terastallized\":\"\"},{\"ident\":\"p2: Mismagius\",\"details\":\"Mismagius, L86, M\",\"condition\":\"0 fnt\",\"active\":false,\"stats\":{\"atk\":108,\"def\":152,\"spa\":230,\"spd\":230,\"spe\":230},\"moves\":[\"energyball\",\"trick\",\"thunderbolt\",\"shadowball\"],\"baseAbility\":\"levitate\",\"item\":\"choicespecs\",\"pokeball\":\"pokeball\",\"ability\":\"levitate\",\"commanding\":false,\"reviving\":false,\"teraType\":\"Ghost\",\"terastallized\":\"\"},{\"ident\":\"p2: Primarina\",\"details\":\"Primarina, L83, F\",\"condition\":\"0 fnt\",\"active\":false,\"stats\":{\"atk\":171,\"def\":171,\"spa\":257,\"spd\":240,\"spe\":147},\"moves\":[\"moonblast\",\"psychic\",\"hydropump\",\"flipturn\"],\"baseAbility\":\"torrent\",\"item\":\"choicespecs\",\"pokeball\":\"pokeball\",\"ability\":\"torrent\",\"commanding\":false,\"reviving\":false,\"teraType\":\"Water\",\"terastallized\":\"\"}]},\"rqid\":65}\n|inactive|Time left: 300 sec this turn | 300 sec total\n|\n|t:|1783392534\n|-terastallize|p2a: Slowbro|Fighting\n|move|p1a: Golduck|Ice Beam|p2a: Slowbro\n|-damage|p2a: Slowbro|145/300\n|move|p2a: Slowbro|Body Press|p1a: Golduck\n|-damage|p1a: Golduck|0 fnt\n|faint|p1a: Golduck\n|\n|-heal|p2a: Slowbro|163/300|[from] item: Leftovers\n|upkeep\n|request|{\"wait\":true,\"side\":{\"name\":\"p0y0993864\",\"id\":\"p2\",\"pokemon\":[{\"ident\":\"p2: Slowbro\",\"details\":\"Slowbro, L85, F\",\"condition\":\"163/300\",\"active\":true,\"stats\":{\"atk\":132,\"def\":236,\"spa\":219,\"spd\":185,\"spe\":100},\"moves\":[\"scald\",\"bodypress\",\"irondefense\",\"slackoff\"],\"baseAbility\":\"regenerator\",\"item\":\"leftovers\",\"pokeball\":\"pokeball\",\"ability\":\"regenerator\",\"commanding\":false,\"reviving\":false,\"teraType\":\"Fighting\",\"terastallized\":\"Fighting\"},{\"ident\":\"p2: Zarude\",\"details\":\"Zarude-Dada, L77\",\"condition\":\"0 fnt\",\"active\":false,\"stats\":{\"atk\":229,\"def\":206,\"spa\":152,\"spd\":191,\"spe\":206},\"moves\":[\"closecombat\",\"powerwhip\",\"knockoff\",\"uturn\"],\"baseAbility\":\"leafguard\",\"item\":\"choicescarf\",\"pokeball\":\"pokeball\",\"ability\":\"leafguard\",\"commanding\":false,\"reviving\":false,\"teraType\":\"Grass\",\"terastallized\":\"\"},{\"ident\":\"p2: Zangoose\",\"details\":\"Zangoose, L85, M\",\"condition\":\"0 fnt\",\"active\":false,\"stats\":{\"atk\":244,\"def\":151,\"spa\":151,\"spd\":151,\"spe\":202},\"moves\":[\"quickattack\",\"swordsdance\",\"knockoff\",\"facade\"],\"baseAbility\":\"toxicboost\",\"item\":\"toxicorb\",\"pokeball\":\"pokeball\",\"ability\":\"toxicboost\",\"commanding\":false,\"reviving\":false,\"teraType\":\"Normal\",\"terastallized\":\"\"},{\"ident\":\"p2: Forretress\",\"details\":\"Forretress, L84, F\",\"condition\":\"263/263\",\"active\":false,\"stats\":{\"atk\":199,\"def\":283,\"spa\":149,\"spd\":149,\"spe\":115},\"moves\":[\"stealthrock\",\"bodypress\",\"ironhead\",\"spikes\"],\"baseAbility\":\"sturdy\",\"item\":\"leftovers\",\"pokeball\":\"pokeball\",\"ability\":\"sturdy\",\"commanding\":false,\"reviving\":false,\"teraType\":\"Water\",\"terastallized\":\"\"},{\"ident\":\"p2: Mismagius\",\"details\":\"Mismagius, L86, M\",\"condition\":\"0 fnt\",\"active\":false,\"stats\":{\"atk\":108,\"def\":152,\"spa\":230,\"spd\":230,\"spe\":230},\"moves\":[\"energyball\",\"trick\",\"thunderbolt\",\"shadowball\"],\"baseAbility\":\"levitate\",\"item\":\"choicespecs\",\"pokeball\":\"pokeball\",\"ability\":\"levitate\",\"commanding\":false,\"reviving\":false,\"teraType\":\"Ghost\",\"terastallized\":\"\"},{\"ident\":\"p2: Primarina\",\"details\":\"Primarina, L83, F\",\"condition\":\"0 fnt\",\"active\":false,\"stats\":{\"atk\":171,\"def\":171,\"spa\":257,\"spd\":240,\"spe\":147},\"moves\":[\"moonblast\",\"psychic\",\"hydropump\",\"flipturn\"],\"baseAbility\":\"torrent\",\"item\":\"choicespecs\",\"pokeball\":\"pokeball\",\"ability\":\"torrent\",\"commanding\":false,\"reviving\":false,\"teraType\":\"Water\",\"terastallized\":\"\"}]},\"rqid\":67}\n|\n|t:|1783392534\n|switch|p1a: Vikavolt|Vikavolt, L83, M|5/100\n|turn|24\n|request|{\"active\":[{\"moves\":[{\"move\":\"Scald\",\"id\":\"scald\",\"pp\":24,\"maxpp\":24,\"target\":\"normal\",\"disabled\":false},{\"move\":\"Body Press\",\"id\":\"bodypress\",\"pp\":14,\"maxpp\":16,\"target\":\"normal\",\"disabled\":false},{\"move\":\"Iron Defense\",\"id\":\"irondefense\",\"pp\":24,\"maxpp\":24,\"target\":\"self\",\"disabled\":false},{\"move\":\"Slack Off\",\"id\":\"slackoff\",\"pp\":8,\"maxpp\":8,\"target\":\"self\",\"disabled\":false}]}],\"side\":{\"name\":\"p0y0993864\",\"id\":\"p2\",\"pokemon\":[{\"ident\":\"p2: Slowbro\",\"details\":\"Slowbro, L85, F\",\"condition\":\"163/300\",\"active\":true,\"stats\":{\"atk\":132,\"def\":236,\"spa\":219,\"spd\":185,\"spe\":100},\"moves\":[\"scald\",\"bodypress\",\"irondefense\",\"slackoff\"],\"baseAbility\":\"regenerator\",\"item\":\"leftovers\",\"pokeball\":\"pokeball\",\"ability\":\"regenerator\",\"commanding\":false,\"reviving\":false,\"teraType\":\"Fighting\",\"terastallized\":\"Fighting\"},{\"ident\":\"p2: Zarude\",\"details\":\"Zarude-Dada, L77\",\"condition\":\"0 fnt\",\"active\":false,\"stats\":{\"atk\":229,\"def\":206,\"spa\":152,\"spd\":191,\"spe\":206},\"moves\":[\"closecombat\",\"powerwhip\",\"knockoff\",\"uturn\"],\"baseAbility\":\"leafguard\",\"item\":\"choicescarf\",\"pokeball\":\"pokeball\",\"ability\":\"leafguard\",\"commanding\":false,\"reviving\":false,\"teraType\":\"Grass\",\"terastallized\":\"\"},{\"ident\":\"p2: Zangoose\",\"details\":\"Zangoose, L85, M\",\"condition\":\"0 fnt\",\"active\":false,\"stats\":{\"atk\":244,\"def\":151,\"spa\":151,\"spd\":151,\"spe\":202},\"moves\":[\"quickattack\",\"swordsdance\",\"knockoff\",\"facade\"],\"baseAbility\":\"toxicboost\",\"item\":\"toxicorb\",\"pokeball\":\"pokeball\",\"ability\":\"toxicboost\",\"commanding\":false,\"reviving\":false,\"teraType\":\"Normal\",\"terastallized\":\"\"},{\"ident\":\"p2: Forretress\",\"details\":\"Forretress, L84, F\",\"condition\":\"263/263\",\"active\":false,\"stats\":{\"atk\":199,\"def\":283,\"spa\":149,\"spd\":149,\"spe\":115},\"moves\":[\"stealthrock\",\"bodypress\",\"ironhead\",\"spikes\"],\"baseAbility\":\"sturdy\",\"item\":\"leftovers\",\"pokeball\":\"pokeball\",\"ability\":\"sturdy\",\"commanding\":false,\"reviving\":false,\"teraType\":\"Water\",\"terastallized\":\"\"},{\"ident\":\"p2: Mismagius\",\"details\":\"Mismagius, L86, M\",\"condition\":\"0 fnt\",\"active\":false,\"stats\":{\"atk\":108,\"def\":152,\"spa\":230,\"spd\":230,\"spe\":230},\"moves\":[\"energyball\",\"trick\",\"thunderbolt\",\"shadowball\"],\"baseAbility\":\"levitate\",\"item\":\"choicespecs\",\"pokeball\":\"pokeball\",\"ability\":\"levitate\",\"commanding\":false,\"reviving\":false,\"teraType\":\"Ghost\",\"terastallized\":\"\"},{\"ident\":\"p2: Primarina\",\"details\":\"Primarina, L83, F\",\"condition\":\"0 fnt\",\"active\":false,\"stats\":{\"atk\":171,\"def\":171,\"spa\":257,\"spd\":240,\"spe\":147},\"moves\":[\"moonblast\",\"psychic\",\"hydropump\",\"flipturn\"],\"baseAbility\":\"torrent\",\"item\":\"choicespecs\",\"pokeball\":\"pokeball\",\"ability\":\"torrent\",\"commanding\":false,\"reviving\":false,\"teraType\":\"Water\",\"terastallized\":\"\"}]},\"rqid\":69}\n|inactive|Time left: 300 sec this turn | 300 sec total\n|\n|t:|1783392534\n|-terastallize|p1a: Vikavolt|Electric\n|move|p1a: Vikavolt|Thunderbolt|p2a: Slowbro\n|-damage|p2a: Slowbro|0 fnt\n|faint|p2a: Slowbro\n|\n|upkeep\n|request|{\"forceSwitch\":[true],\"side\":{\"name\":\"p0y0993864\",\"id\":\"p2\",\"pokemon\":[{\"ident\":\"p2: Slowbro\",\"details\":\"Slowbro, L85, F\",\"condition\":\"0 fnt\",\"active\":true,\"stats\":{\"atk\":132,\"def\":236,\"spa\":219,\"spd\":185,\"spe\":100},\"moves\":[\"scald\",\"bodypress\",\"irondefense\",\"slackoff\"],\"baseAbility\":\"regenerator\",\"item\":\"leftovers\",\"pokeball\":\"pokeball\",\"ability\":\"regenerator\",\"commanding\":false,\"reviving\":false,\"teraType\":\"Fighting\",\"terastallized\":\"\"},{\"ident\":\"p2: Zarude\",\"details\":\"Zarude-Dada, L77\",\"condition\":\"0 fnt\",\"active\":false,\"stats\":{\"atk\":229,\"def\":206,\"spa\":152,\"spd\":191,\"spe\":206},\"moves\":[\"closecombat\",\"powerwhip\",\"knockoff\",\"uturn\"],\"baseAbility\":\"leafguard\",\"item\":\"choicescarf\",\"pokeball\":\"pokeball\",\"ability\":\"leafguard\",\"commanding\":false,\"reviving\":false,\"teraType\":\"Grass\",\"terastallized\":\"\"},{\"ident\":\"p2: Zangoose\",\"details\":\"Zangoose, L85, M\",\"condition\":\"0 fnt\",\"active\":false,\"stats\":{\"atk\":244,\"def\":151,\"spa\":151,\"spd\":151,\"spe\":202},\"moves\":[\"quickattack\",\"swordsdance\",\"knockoff\",\"facade\"],\"baseAbility\":\"toxicboost\",\"item\":\"toxicorb\",\"pokeball\":\"pokeball\",\"ability\":\"toxicboost\",\"commanding\":false,\"reviving\":false,\"teraType\":\"Normal\",\"terastallized\":\"\"},{\"ident\":\"p2: Forretress\",\"details\":\"Forretress, L84, F\",\"condition\":\"263/263\",\"active\":false,\"stats\":{\"atk\":199,\"def\":283,\"spa\":149,\"spd\":149,\"spe\":115},\"moves\":[\"stealthrock\",\"bodypress\",\"ironhead\",\"spikes\"],\"baseAbility\":\"sturdy\",\"item\":\"leftovers\",\"pokeball\":\"pokeball\",\"ability\":\"sturdy\",\"commanding\":false,\"reviving\":false,\"teraType\":\"Water\",\"terastallized\":\"\"},{\"ident\":\"p2: Mismagius\",\"details\":\"Mismagius, L86, M\",\"condition\":\"0 fnt\",\"active\":false,\"stats\":{\"atk\":108,\"def\":152,\"spa\":230,\"spd\":230,\"spe\":230},\"moves\":[\"energyball\",\"trick\",\"thunderbolt\",\"shadowball\"],\"baseAbility\":\"levitate\",\"item\":\"choicespecs\",\"pokeball\":\"pokeball\",\"ability\":\"levitate\",\"commanding\":false,\"reviving\":false,\"teraType\":\"Ghost\",\"terastallized\":\"\"},{\"ident\":\"p2: Primarina\",\"details\":\"Primarina, L83, F\",\"condition\":\"0 fnt\",\"active\":false,\"stats\":{\"atk\":171,\"def\":171,\"spa\":257,\"spd\":240,\"spe\":147},\"moves\":[\"moonblast\",\"psychic\",\"hydropump\",\"flipturn\"],\"baseAbility\":\"torrent\",\"item\":\"choicespecs\",\"pokeball\":\"pokeball\",\"ability\":\"torrent\",\"commanding\":false,\"reviving\":false,\"teraType\":\"Water\",\"terastallized\":\"\"}]},\"noCancel\":true,\"rqid\":71}\n|inactive|Time left: 300 sec this turn | 300 sec total | 5 sec grace\n|\n|t:|1783392534\n|switch|p2a: Forretress|Forretress, L84, F|263/263\n|-activate|p2a: Forretress|move: Sticky Web\n|-unboost|p2a: Forretress|spe|1\n|turn|25\n|request|{\"active\":[{\"moves\":[{\"move\":\"Stealth Rock\",\"id\":\"stealthrock\",\"pp\":32,\"maxpp\":32,\"target\":\"foeSide\",\"disabled\":false},{\"move\":\"Body Press\",\"id\":\"bodypress\",\"pp\":16,\"maxpp\":16,\"target\":\"normal\",\"disabled\":false},{\"move\":\"Iron Head\",\"id\":\"ironhead\",\"pp\":24,\"maxpp\":24,\"target\":\"normal\",\"disabled\":false},{\"move\":\"Spikes\",\"id\":\"spikes\",\"pp\":32,\"maxpp\":32,\"target\":\"foeSide\",\"disabled\":false}]}],\"side\":{\"name\":\"p0y0993864\",\"id\":\"p2\",\"pokemon\":[{\"ident\":\"p2: Forretress\",\"details\":\"Forretress, L84, F\",\"condition\":\"263/263\",\"active\":true,\"stats\":{\"atk\":199,\"def\":283,\"spa\":149,\"spd\":149,\"spe\":115},\"moves\":[\"stealthrock\",\"bodypress\",\"ironhead\",\"spikes\"],\"baseAbility\":\"sturdy\",\"item\":\"leftovers\",\"pokeball\":\"pokeball\",\"ability\":\"sturdy\",\"commanding\":false,\"reviving\":false,\"teraType\":\"Water\",\"terastallized\":\"\"},{\"ident\":\"p2: Zarude\",\"details\":\"Zarude-Dada, L77\",\"condition\":\"0 fnt\",\"active\":false,\"stats\":{\"atk\":229,\"def\":206,\"spa\":152,\"spd\":191,\"spe\":206},\"moves\":[\"closecombat\",\"powerwhip\",\"knockoff\",\"uturn\"],\"baseAbility\":\"leafguard\",\"item\":\"choicescarf\",\"pokeball\":\"pokeball\",\"ability\":\"leafguard\",\"commanding\":false,\"reviving\":false,\"teraType\":\"Grass\",\"terastallized\":\"\"},{\"ident\":\"p2: Zangoose\",\"details\":\"Zangoose, L85, M\",\"condition\":\"0 fnt\",\"active\":false,\"stats\":{\"atk\":244,\"def\":151,\"spa\":151,\"spd\":151,\"spe\":202},\"moves\":[\"quickattack\",\"swordsdance\",\"knockoff\",\"facade\"],\"baseAbility\":\"toxicboost\",\"item\":\"toxicorb\",\"pokeball\":\"pokeball\",\"ability\":\"toxicboost\",\"commanding\":false,\"reviving\":false,\"teraType\":\"Normal\",\"terastallized\":\"\"},{\"ident\":\"p2: Slowbro\",\"details\":\"Slowbro, L85, F\",\"condition\":\"0 fnt\",\"active\":false,\"stats\":{\"atk\":132,\"def\":236,\"spa\":219,\"spd\":185,\"spe\":100},\"moves\":[\"scald\",\"bodypress\",\"irondefense\",\"slackoff\"],\"baseAbility\":\"regenerator\",\"item\":\"leftovers\",\"pokeball\":\"pokeball\",\"ability\":\"regenerator\",\"commanding\":false,\"reviving\":false,\"teraType\":\"Fighting\",\"terastallized\":\"\"},{\"ident\":\"p2: Mismagius\",\"details\":\"Mismagius, L86, M\",\"condition\":\"0 fnt\",\"active\":false,\"stats\":{\"atk\":108,\"def\":152,\"spa\":230,\"spd\":230,\"spe\":230},\"moves\":[\"energyball\",\"trick\",\"thunderbolt\",\"shadowball\"],\"baseAbility\":\"levitate\",\"item\":\"choicespecs\",\"pokeball\":\"pokeball\",\"ability\":\"levitate\",\"commanding\":false,\"reviving\":false,\"teraType\":\"Ghost\",\"terastallized\":\"\"},{\"ident\":\"p2: Primarina\",\"details\":\"Primarina, L83, F\",\"condition\":\"0 fnt\",\"active\":false,\"stats\":{\"atk\":171,\"def\":171,\"spa\":257,\"spd\":240,\"spe\":147},\"moves\":[\"moonblast\",\"psychic\",\"hydropump\",\"flipturn\"],\"baseAbility\":\"torrent\",\"item\":\"choicespecs\",\"pokeball\":\"pokeball\",\"ability\":\"torrent\",\"commanding\":false,\"reviving\":false,\"teraType\":\"Water\",\"terastallized\":\"\"}]},\"rqid\":73}\n|inactive|Time left: 300 sec this turn | 300 sec total\n|\n|t:|1783392535\n|move|p1a: Vikavolt|Thunderbolt|p2a: Forretress\n|-damage|p2a: Forretress|37/263\n|move|p2a: Forretress|Body Press|p1a: Vikavolt\n|-damage|p1a: Vikavolt|0 fnt\n|faint|p1a: Vikavolt\n|\n|win|p0y0993864", "uploadtime": 1783392535, "views": 0, "rating": 0, "private": 0, "password": null, "_winner": "p0y0993864", "_our_name": "p0y0993864"}p1a: Vikavolt|0 fnt\n|faint|p1a: Vikavolt\n|\n|win|p0y0993864", "uploadtime": 1783392535, "views": 0, "rating": 0, "private": 0, "password": null, "_winner": "p0y0993864", "_our_name": "p0x099a2f1"}