{"id": "battle-gen9randombattle-274", "formatid": "gen9randombattle", "format": "[Gen 9] Random Battle", "players": ["p0x072abc7", "p0y0722144"], "log": "|init|battle\n|title|p0x072abc7 vs. p0y0722144\n|j|\u2606p0x072abc7\n|j|\u2606p0y0722144\n|t:|1783392054\n|gametype|singles\n|player|p1|p0x072abc7|169|\n|player|p2|p0y0722144|102|\n|gen|9\n|tier|[Gen 9] Random Battle\n|rule|Species Clause: Limit one of each Pok\u00e9mon\n|rule|HP Percentage Mod: HP is shown in percentages\n|rule|Sleep Clause Mod: Limit one foe put to sleep\n|rule|Illusion Level Mod: Illusion disguises the Pok\u00e9mon's true level\n|\n|t:|1783392054\n|teamsize|p1|6\n|teamsize|p2|6\n|start\n|switch|p1a: Iron Treads|Iron Treads, L77|100/100\n|switch|p2a: Venusaur|Venusaur, L84, M|272/272\n|turn|1\n|request|{\"active\":[{\"moves\":[{\"move\":\"Synthesis\",\"id\":\"synthesis\",\"pp\":8,\"maxpp\":8,\"target\":\"self\",\"disabled\":false},{\"move\":\"Earth Power\",\"id\":\"earthpower\",\"pp\":16,\"maxpp\":16,\"target\":\"normal\",\"disabled\":false},{\"move\":\"Sludge Bomb\",\"id\":\"sludgebomb\",\"pp\":16,\"maxpp\":16,\"target\":\"normal\",\"disabled\":false},{\"move\":\"Sleep Powder\",\"id\":\"sleeppowder\",\"pp\":24,\"maxpp\":24,\"target\":\"normal\",\"disabled\":false}],\"canTerastallize\":\"Steel\"}],\"side\":{\"name\":\"p0y0722144\",\"id\":\"p2\",\"pokemon\":[{\"ident\":\"p2: Venusaur\",\"details\":\"Venusaur, L84, M\",\"condition\":\"272/272\",\"active\":true,\"stats\":{\"atk\":142,\"def\":188,\"spa\":216,\"spd\":216,\"spe\":183},\"moves\":[\"synthesis\",\"earthpower\",\"sludgebomb\",\"sleeppowder\"],\"baseAbility\":\"chlorophyll\",\"item\":\"leftovers\",\"pokeball\":\"pokeball\",\"ability\":\"chlorophyll\",\"commanding\":false,\"reviving\":false,\"teraType\":\"Steel\",\"terastallized\":\"\"},{\"ident\":\"p2: Chesnaught\",\"details\":\"Chesnaught, L84, M\",\"condition\":\"285/285\",\"active\":false,\"stats\":{\"atk\":228,\"def\":253,\"spa\":173,\"spd\":174,\"spe\":156},\"moves\":[\"knockoff\",\"bodypress\",\"woodhammer\",\"synthesis\"],\"baseAbility\":\"bulletproof\",\"item\":\"rockyhelmet\",\"pokeball\":\"pokeball\",\"ability\":\"bulletproof\",\"commanding\":false,\"reviving\":false,\"teraType\":\"Steel\",\"terastallized\":\"\"},{\"ident\":\"p2: Dudunsparce\",\"details\":\"Dudunsparce-Three-Segment, L83, M\",\"condition\":\"343/343\",\"active\":false,\"stats\":{\"atk\":214,\"def\":180,\"spa\":189,\"spd\":172,\"spe\":139},\"moves\":[\"toxic\",\"boomburst\",\"earthquake\",\"roost\"],\"baseAbility\":\"rattled\",\"item\":\"leftovers\",\"pokeball\":\"pokeball\",\"ability\":\"rattled\",\"commanding\":false,\"reviving\":false,\"teraType\":\"Ground\",\"terastallized\":\"\"},{\"ident\":\"p2: Jirachi\",\"details\":\"Jirachi, L80\",\"condition\":\"291/291\",\"active\":false,\"stats\":{\"atk\":206,\"def\":206,\"spa\":206,\"spd\":206,\"spe\":206},\"moves\":[\"bodyslam\",\"wish\",\"ironhead\",\"protect\"],\"baseAbility\":\"serenegrace\",\"item\":\"leftovers\",\"pokeball\":\"pokeball\",\"ability\":\"serenegrace\",\"commanding\":false,\"reviving\":false,\"teraType\":\"Water\",\"terastallized\":\"\"},{\"ident\":\"p2: Weezing\",\"details\":\"Weezing, L88, F\",\"condition\":\"258/258\",\"active\":false,\"stats\":{\"atk\":163,\"def\":261,\"spa\":200,\"spd\":173,\"spe\":156},\"moves\":[\"fireblast\",\"painsplit\",\"sludgebomb\",\"willowisp\"],\"baseAbility\":\"levitate\",\"item\":\"leftovers\",\"pokeball\":\"pokeball\",\"ability\":\"levitate\",\"commanding\":false,\"reviving\":false,\"teraType\":\"Steel\",\"terastallized\":\"\"},{\"ident\":\"p2: Rampardos\",\"details\":\"Rampardos, L90, F\",\"condition\":\"321/321\",\"active\":false,\"stats\":{\"atk\":348,\"def\":159,\"spa\":168,\"spd\":141,\"spe\":156},\"moves\":[\"firepunch\",\"headsmash\",\"earthquake\",\"rockslide\"],\"baseAbility\":\"sheerforce\",\"item\":\"choicescarf\",\"pokeball\":\"pokeball\",\"ability\":\"sheerforce\",\"commanding\":false,\"reviving\":false,\"teraType\":\"Rock\",\"terastallized\":\"\"}]},\"rqid\":3}\n|html|<div class=\"message-error\">You must be registered to chat in temporary rooms (like battles).</div>You may register in the <button name=\"openOptions\"><i class=\"fa fa-cog\"></i> Options</button> menu.\n|inactive|Battle timer is ON: inactive players will automatically lose when time's up. (requested by p0y0722144)\n|inactive|p0x072abc7 also wants the timer to be on.\n|\n|t:|1783392054\n|move|p1a: Iron Treads|Knock Off|p2a: Venusaur\n|-damage|p2a: Venusaur|207/272\n|-enditem|p2a: Venusaur|Leftovers|[from] move: Knock Off|[of] p1a: Iron Treads\n|move|p2a: Venusaur|Earth Power|p1a: Iron Treads\n|-supereffective|p1a: Iron Treads\n|-damage|p1a: Iron Treads|60/100\n|\n|upkeep\n|turn|2\n|request|{\"active\":[{\"moves\":[{\"move\":\"Synthesis\",\"id\":\"synthesis\",\"pp\":8,\"maxpp\":8,\"target\":\"self\",\"disabled\":false},{\"move\":\"Earth Power\",\"id\":\"earthpower\",\"pp\":15,\"maxpp\":16,\"target\":\"normal\",\"disabled\":false},{\"move\":\"Sludge Bomb\",\"id\":\"sludgebomb\",\"pp\":16,\"maxpp\":16,\"target\":\"normal\",\"disabled\":false},{\"move\":\"Sleep Powder\",\"id\":\"sleeppowder\",\"pp\":24,\"maxpp\":24,\"target\":\"normal\",\"disabled\":false}],\"canTerastallize\":\"Steel\"}],\"side\":{\"name\":\"p0y0722144\",\"id\":\"p2\",\"pokemon\":[{\"ident\":\"p2: Venusaur\",\"details\":\"Venusaur, L84, M\",\"condition\":\"207/272\",\"active\":true,\"stats\":{\"atk\":142,\"def\":188,\"spa\":216,\"spd\":216,\"spe\":183},\"moves\":[\"synthesis\",\"earthpower\",\"sludgebomb\",\"sleeppowder\"],\"baseAbility\":\"chlorophyll\",\"item\":\"\",\"pokeball\":\"pokeball\",\"ability\":\"chlorophyll\",\"commanding\":false,\"reviving\":false,\"teraType\":\"Steel\",\"terastallized\":\"\"},{\"ident\":\"p2: Chesnaught\",\"details\":\"Chesnaught, L84, M\",\"condition\":\"285/285\",\"active\":false,\"stats\":{\"atk\":228,\"def\":253,\"spa\":173,\"spd\":174,\"spe\":156},\"moves\":[\"knockoff\",\"bodypress\",\"woodhammer\",\"synthesis\"],\"baseAbility\":\"bulletproof\",\"item\":\"rockyhelmet\",\"pokeball\":\"pokeball\",\"ability\":\"bulletproof\",\"commanding\":false,\"reviving\":false,\"teraType\":\"Steel\",\"terastallized\":\"\"},{\"ident\":\"p2: Dudunsparce\",\"details\":\"Dudunsparce-Three-Segment, L83, M\",\"condition\":\"343/343\",\"active\":false,\"stats\":{\"atk\":214,\"def\":180,\"spa\":189,\"spd\":172,\"spe\":139},\"moves\":[\"toxic\",\"boomburst\",\"earthquake\",\"roost\"],\"baseAbility\":\"rattled\",\"item\":\"leftovers\",\"pokeball\":\"pokeball\",\"ability\":\"rattled\",\"commanding\":false,\"reviving\":false,\"teraType\":\"Ground\",\"terastallized\":\"\"},{\"ident\":\"p2: Jirachi\",\"details\":\"Jirachi, L80\",\"condition\":\"291/291\",\"active\":false,\"stats\":{\"atk\":206,\"def\":206,\"spa\":206,\"spd\":206,\"spe\":206},\"moves\":[\"bodyslam\",\"wish\",\"ironhead\",\"protect\"],\"baseAbility\":\"serenegrace\",\"item\":\"leftovers\",\"pokeball\":\"pokeball\",\"ability\":\"serenegrace\",\"commanding\":false,\"reviving\":false,\"teraType\":\"Water\",\"terastallized\":\"\"},{\"ident\":\"p2: Weezing\",\"details\":\"Weezing, L88, F\",\"condition\":\"258/258\",\"active\":false,\"stats\":{\"atk\":163,\"def\":261,\"spa\":200,\"spd\":173,\"spe\":156},\"moves\":[\"fireblast\",\"painsplit\",\"sludgebomb\",\"willowisp\"],\"baseAbility\":\"levitate\",\"item\":\"leftovers\",\"pokeball\":\"pokeball\",\"ability\":\"levitate\",\"commanding\":false,\"reviving\":false,\"teraType\":\"Steel\",\"terastallized\":\"\"},{\"ident\":\"p2: Rampardos\",\"details\":\"Rampardos, L90, F\",\"condition\":\"321/321\",\"active\":false,\"stats\":{\"atk\":348,\"def\":159,\"spa\":168,\"spd\":141,\"spe\":156},\"moves\":[\"firepunch\",\"headsmash\",\"earthquake\",\"rockslide\"],\"baseAbility\":\"sheerforce\",\"item\":\"choicescarf\",\"pokeball\":\"pokeball\",\"ability\":\"sheerforce\",\"commanding\":false,\"reviving\":false,\"teraType\":\"Rock\",\"terastallized\":\"\"}]},\"rqid\":5}\n|inactive|Time left: 300 sec this turn | 300 sec total\n|\n|t:|1783392054\n|move|p1a: Iron Treads|Iron Head|p2a: Venusaur\n|-crit|p2a: Venusaur\n|-damage|p2a: Venusaur|87/272\n|cant|p2a: Venusaur|flinch\n|\n|upkeep\n|turn|3\n|request|{\"active\":[{\"moves\":[{\"move\":\"Synthesis\",\"id\":\"synthesis\",\"pp\":8,\"maxpp\":8,\"target\":\"self\",\"disabled\":false},{\"move\":\"Earth Power\",\"id\":\"earthpower\",\"pp\":15,\"maxpp\":16,\"target\":\"normal\",\"disabled\":false},{\"move\":\"Sludge Bomb\",\"id\":\"sludgebomb\",\"pp\":16,\"maxpp\":16,\"target\":\"normal\",\"disabled\":false},{\"move\":\"Sleep Powder\",\"id\":\"sleeppowder\",\"pp\":24,\"maxpp\":24,\"target\":\"normal\",\"disabled\":false}],\"canTerastallize\":\"Steel\"}],\"side\":{\"name\":\"p0y0722144\",\"id\":\"p2\",\"pokemon\":[{\"ident\":\"p2: Venusaur\",\"details\":\"Venusaur, L84, M\",\"condition\":\"87/272\",\"active\":true,\"stats\":{\"atk\":142,\"def\":188,\"spa\":216,\"spd\":216,\"spe\":183},\"moves\":[\"synthesis\",\"earthpower\",\"sludgebomb\",\"sleeppowder\"],\"baseAbility\":\"chlorophyll\",\"item\":\"\",\"pokeball\":\"pokeball\",\"ability\":\"chlorophyll\",\"commanding\":false,\"reviving\":false,\"teraType\":\"Steel\",\"terastallized\":\"\"},{\"ident\":\"p2: Chesnaught\",\"details\":\"Chesnaught, L84, M\",\"condition\":\"285/285\",\"active\":false,\"stats\":{\"atk\":228,\"def\":253,\"spa\":173,\"spd\":174,\"spe\":156},\"moves\":[\"knockoff\",\"bodypress\",\"woodhammer\",\"synthesis\"],\"baseAbility\":\"bulletproof\",\"item\":\"rockyhelmet\",\"pokeball\":\"pokeball\",\"ability\":\"bulletproof\",\"commanding\":false,\"reviving\":false,\"teraType\":\"Steel\",\"terastallized\":\"\"},{\"ident\":\"p2: Dudunsparce\",\"details\":\"Dudunsparce-Three-Segment, L83, M\",\"condition\":\"343/343\",\"active\":false,\"stats\":{\"atk\":214,\"def\":180,\"spa\":189,\"spd\":172,\"spe\":139},\"moves\":[\"toxic\",\"boomburst\",\"earthquake\",\"roost\"],\"baseAbility\":\"rattled\",\"item\":\"leftovers\",\"pokeball\":\"pokeball\",\"ability\":\"rattled\",\"commanding\":false,\"reviving\":false,\"teraType\":\"Ground\",\"terastallized\":\"\"},{\"ident\":\"p2: Jirachi\",\"details\":\"Jirachi, L80\",\"condition\":\"291/291\",\"active\":false,\"stats\":{\"atk\":206,\"def\":206,\"spa\":206,\"spd\":206,\"spe\":206},\"moves\":[\"bodyslam\",\"wish\",\"ironhead\",\"protect\"],\"baseAbility\":\"serenegrace\",\"item\":\"leftovers\",\"pokeball\":\"pokeball\",\"ability\":\"serenegrace\",\"commanding\":false,\"reviving\":false,\"teraType\":\"Water\",\"terastallized\":\"\"},{\"ident\":\"p2: Weezing\",\"details\":\"Weezing, L88, F\",\"condition\":\"258/258\",\"active\":false,\"stats\":{\"atk\":163,\"def\":261,\"spa\":200,\"spd\":173,\"spe\":156},\"moves\":[\"fireblast\",\"painsplit\",\"sludgebomb\",\"willowisp\"],\"baseAbility\":\"levitate\",\"item\":\"leftovers\",\"pokeball\":\"pokeball\",\"ability\":\"levitate\",\"commanding\":false,\"reviving\":false,\"teraType\":\"Steel\",\"terastallized\":\"\"},{\"ident\":\"p2: Rampardos\",\"details\":\"Rampardos, L90, F\",\"condition\":\"321/321\",\"active\":false,\"stats\":{\"atk\":348,\"def\":159,\"spa\":168,\"spd\":141,\"spe\":156},\"moves\":[\"firepunch\",\"headsmash\",\"earthquake\",\"rockslide\"],\"baseAbility\":\"sheerforce\",\"item\":\"choicescarf\",\"pokeball\":\"pokeball\",\"ability\":\"sheerforce\",\"commanding\":false,\"reviving\":false,\"teraType\":\"Rock\",\"terastallized\":\"\"}]},\"rqid\":7}\n|inactive|Time left: 300 sec this turn | 300 sec total\n|\n|t:|1783392054\n|switch|p2a: Chesnaught|Chesnaught, L84, M|285/285\n|move|p1a: Iron Treads|Earthquake|p2a: Chesnaught\n|-resisted|p2a: Chesnaught\n|-damage|p2a: Chesnaught|244/285\n|\n|upkeep\n|turn|4\n|request|{\"active\":[{\"moves\":[{\"move\":\"Knock Off\",\"id\":\"knockoff\",\"pp\":32,\"maxpp\":32,\"target\":\"normal\",\"disabled\":false},{\"move\":\"Body Press\",\"id\":\"bodypress\",\"pp\":16,\"maxpp\":16,\"target\":\"normal\",\"disabled\":false},{\"move\":\"Wood Hammer\",\"id\":\"woodhammer\",\"pp\":24,\"maxpp\":24,\"target\":\"normal\",\"disabled\":false},{\"move\":\"Synthesis\",\"id\":\"synthesis\",\"pp\":8,\"maxpp\":8,\"target\":\"self\",\"disabled\":false}],\"canTerastallize\":\"Steel\"}],\"side\":{\"name\":\"p0y0722144\",\"id\":\"p2\",\"pokemon\":[{\"ident\":\"p2: Chesnaught\",\"details\":\"Chesnaught, L84, M\",\"condition\":\"244/285\",\"active\":true,\"stats\":{\"atk\":228,\"def\":253,\"spa\":173,\"spd\":174,\"spe\":156},\"moves\":[\"knockoff\",\"bodypress\",\"woodhammer\",\"synthesis\"],\"baseAbility\":\"bulletproof\",\"item\":\"rockyhelmet\",\"pokeball\":\"pokeball\",\"ability\":\"bulletproof\",\"commanding\":false,\"reviving\":false,\"teraType\":\"Steel\",\"terastallized\":\"\"},{\"ident\":\"p2: Venusaur\",\"details\":\"Venusaur, L84, M\",\"condition\":\"87/272\",\"active\":false,\"stats\":{\"atk\":142,\"def\":188,\"spa\":216,\"spd\":216,\"spe\":183},\"moves\":[\"synthesis\",\"earthpower\",\"sludgebomb\",\"sleeppowder\"],\"baseAbility\":\"chlorophyll\",\"item\":\"\",\"pokeball\":\"pokeball\",\"ability\":\"chlorophyll\",\"commanding\":false,\"reviving\":false,\"teraType\":\"Steel\",\"terastallized\":\"\"},{\"ident\":\"p2: Dudunsparce\",\"details\":\"Dudunsparce-Three-Segment, L83, M\",\"condition\":\"343/343\",\"active\":false,\"stats\":{\"atk\":214,\"def\":180,\"spa\":189,\"spd\":172,\"spe\":139},\"moves\":[\"toxic\",\"boomburst\",\"earthquake\",\"roost\"],\"baseAbility\":\"rattled\",\"item\":\"leftovers\",\"pokeball\":\"pokeball\",\"ability\":\"rattled\",\"commanding\":false,\"reviving\":false,\"teraType\":\"Ground\",\"terastallized\":\"\"},{\"ident\":\"p2: Jirachi\",\"details\":\"Jirachi, L80\",\"condition\":\"291/291\",\"active\":false,\"stats\":{\"atk\":206,\"def\":206,\"spa\":206,\"spd\":206,\"spe\":206},\"moves\":[\"bodyslam\",\"wish\",\"ironhead\",\"protect\"],\"baseAbility\":\"serenegrace\",\"item\":\"leftovers\",\"pokeball\":\"pokeball\",\"ability\":\"serenegrace\",\"commanding\":false,\"reviving\":false,\"teraType\":\"Water\",\"terastallized\":\"\"},{\"ident\":\"p2: Weezing\",\"details\":\"Weezing, L88, F\",\"condition\":\"258/258\",\"active\":false,\"stats\":{\"atk\":163,\"def\":261,\"spa\":200,\"spd\":173,\"spe\":156},\"moves\":[\"fireblast\",\"painsplit\",\"sludgebomb\",\"willowisp\"],\"baseAbility\":\"levitate\",\"item\":\"leftovers\",\"pokeball\":\"pokeball\",\"ability\":\"levitate\",\"commanding\":false,\"reviving\":false,\"teraType\":\"Steel\",\"terastallized\":\"\"},{\"ident\":\"p2: Rampardos\",\"details\":\"Rampardos, L90, F\",\"condition\":\"321/321\",\"active\":false,\"stats\":{\"atk\":348,\"def\":159,\"spa\":168,\"spd\":141,\"spe\":156},\"moves\":[\"firepunch\",\"headsmash\",\"earthquake\",\"rockslide\"],\"baseAbility\":\"sheerforce\",\"item\":\"choicescarf\",\"pokeball\":\"pokeball\",\"ability\":\"sheerforce\",\"commanding\":false,\"reviving\":false,\"teraType\":\"Rock\",\"terastallized\":\"\"}]},\"rqid\":9}\n|inactive|Time left: 300 sec this turn | 300 sec total\n|\n|t:|1783392055\n|-end|p1a: Iron Treads|Quark Drive|[silent]\n|switch|p1a: Drifblim|Drifblim, L86, F|100/100\n|move|p2a: Chesnaught|Wood Hammer|p1a: Drifblim\n|-resisted|p1a: Drifblim\n|-damage|p1a: Drifblim|73/100\n|-damage|p2a: Chesnaught|208/285|[from] Recoil\n|\n|upkeep\n|turn|5\n|request|{\"active\":[{\"moves\":[{\"move\":\"Knock Off\",\"id\":\"knockoff\",\"pp\":32,\"maxpp\":32,\"target\":\"normal\",\"disabled\":false},{\"move\":\"Body Press\",\"id\":\"bodypress\",\"pp\":16,\"maxpp\":16,\"target\":\"normal\",\"disabled\":false},{\"move\":\"Wood Hammer\",\"id\":\"woodhammer\",\"pp\":23,\"maxpp\":24,\"target\":\"normal\",\"disabled\":false},{\"move\":\"Synthesis\",\"id\":\"synthesis\",\"pp\":8,\"maxpp\":8,\"target\":\"self\",\"disabled\":false}],\"canTerastallize\":\"Steel\"}],\"side\":{\"name\":\"p0y0722144\",\"id\":\"p2\",\"pokemon\":[{\"ident\":\"p2: Chesnaught\",\"details\":\"Chesnaught, L84, M\",\"condition\":\"208/285\",\"active\":true,\"stats\":{\"atk\":228,\"def\":253,\"spa\":173,\"spd\":174,\"spe\":156},\"moves\":[\"knockoff\",\"bodypress\",\"woodhammer\",\"synthesis\"],\"baseAbility\":\"bulletproof\",\"item\":\"rockyhelmet\",\"pokeball\":\"pokeball\",\"ability\":\"bulletproof\",\"commanding\":false,\"reviving\":false,\"teraType\":\"Steel\",\"terastallized\":\"\"},{\"ident\":\"p2: Venusaur\",\"details\":\"Venusaur, L84, M\",\"condition\":\"87/272\",\"active\":false,\"stats\":{\"atk\":142,\"def\":188,\"spa\":216,\"spd\":216,\"spe\":183},\"moves\":[\"synthesis\",\"earthpower\",\"sludgebomb\",\"sleeppowder\"],\"baseAbility\":\"chlorophyll\",\"item\":\"\",\"pokeball\":\"pokeball\",\"ability\":\"chlorophyll\",\"commanding\":false,\"reviving\":false,\"teraType\":\"Steel\",\"terastallized\":\"\"},{\"ident\":\"p2: Dudunsparce\",\"details\":\"Dudunsparce-Three-Segment, L83, M\",\"condition\":\"343/343\",\"active\":false,\"stats\":{\"atk\":214,\"def\":180,\"spa\":189,\"spd\":172,\"spe\":139},\"moves\":[\"toxic\",\"boomburst\",\"earthquake\",\"roost\"],\"baseAbility\":\"rattled\",\"item\":\"leftovers\",\"pokeball\":\"pokeball\",\"ability\":\"rattled\",\"commanding\":false,\"reviving\":false,\"teraType\":\"Ground\",\"terastallized\":\"\"},{\"ident\":\"p2: Jirachi\",\"details\":\"Jirachi, L80\",\"condition\":\"291/291\",\"active\":false,\"stats\":{\"atk\":206,\"def\":206,\"spa\":206,\"spd\":206,\"spe\":206},\"moves\":[\"bodyslam\",\"wish\",\"ironhead\",\"protect\"],\"baseAbility\":\"serenegrace\",\"item\":\"leftovers\",\"pokeball\":\"pokeball\",\"ability\":\"serenegrace\",\"commanding\":false,\"reviving\":false,\"teraType\":\"Water\",\"terastallized\":\"\"},{\"ident\":\"p2: Weezing\",\"details\":\"Weezing, L88, F\",\"condition\":\"258/258\",\"active\":false,\"stats\":{\"atk\":163,\"def\":261,\"spa\":200,\"spd\":173,\"spe\":156},\"moves\":[\"fireblast\",\"painsplit\",\"sludgebomb\",\"willowisp\"],\"baseAbility\":\"levitate\",\"item\":\"leftovers\",\"pokeball\":\"pokeball\",\"ability\":\"levitate\",\"commanding\":false,\"reviving\":false,\"teraType\":\"Steel\",\"terastallized\":\"\"},{\"ident\":\"p2: Rampardos\",\"details\":\"Rampardos, L90, F\",\"condition\":\"321/321\",\"active\":false,\"stats\":{\"atk\":348,\"def\":159,\"spa\":168,\"spd\":141,\"spe\":156},\"moves\":[\"firepunch\",\"headsmash\",\"earthquake\",\"rockslide\"],\"baseAbility\":\"sheerforce\",\"item\":\"choicescarf\",\"pokeball\":\"pokeball\",\"ability\":\"sheerforce\",\"commanding\":false,\"reviving\":false,\"teraType\":\"Rock\",\"terastallized\":\"\"}]},\"rqid\":11}\n|inactive|Time left: 300 sec this turn | 300 sec total\n|\n|t:|1783392055\n|switch|p2a: Rampardos|Rampardos, L90, F|321/321\n|move|p1a: Drifblim|Air Slash|p2a: Rampardos\n|-resisted|p2a: Rampardos\n|-damage|p2a: Rampardos|267/321\n|\n|upkeep\n|turn|6\n|request|{\"active\":[{\"moves\":[{\"move\":\"Fire Punch\",\"id\":\"firepunch\",\"pp\":24,\"maxpp\":24,\"target\":\"normal\",\"disabled\":false},{\"move\":\"Head Smash\",\"id\":\"headsmash\",\"pp\":8,\"maxpp\":8,\"target\":\"normal\",\"disabled\":false},{\"move\":\"Earthquake\",\"id\":\"earthquake\",\"pp\":16,\"maxpp\":16,\"target\":\"allAdjacent\",\"disabled\":false},{\"move\":\"Rock Slide\",\"id\":\"rockslide\",\"pp\":16,\"maxpp\":16,\"target\":\"allAdjacentFoes\",\"disabled\":false}],\"canTerastallize\":\"Rock\"}],\"side\":{\"name\":\"p0y0722144\",\"id\":\"p2\",\"pokemon\":[{\"ident\":\"p2: Rampardos\",\"details\":\"Rampardos, L90, F\",\"condition\":\"267/321\",\"active\":true,\"stats\":{\"atk\":348,\"def\":159,\"spa\":168,\"spd\":141,\"spe\":156},\"moves\":[\"firepunch\",\"headsmash\",\"earthquake\",\"rockslide\"],\"baseAbility\":\"sheerforce\",\"item\":\"choicescarf\",\"pokeball\":\"pokeball\",\"ability\":\"sheerforce\",\"commanding\":false,\"reviving\":false,\"teraType\":\"Rock\",\"terastallized\":\"\"},{\"ident\":\"p2: Venusaur\",\"details\":\"Venusaur, L84, M\",\"condition\":\"87/272\",\"active\":false,\"stats\":{\"atk\":142,\"def\":188,\"spa\":216,\"spd\":216,\"spe\":183},\"moves\":[\"synthesis\",\"earthpower\",\"sludgebomb\",\"sleeppowder\"],\"baseAbility\":\"chlorophyll\",\"item\":\"\",\"pokeball\":\"pokeball\",\"ability\":\"chlorophyll\",\"commanding\":false,\"reviving\":false,\"teraType\":\"Steel\",\"terastallized\":\"\"},{\"ident\":\"p2: Dudunsparce\",\"details\":\"Dudunsparce-Three-Segment, L83, M\",\"condition\":\"343/343\",\"active\":false,\"stats\":{\"atk\":214,\"def\":180,\"spa\":189,\"spd\":172,\"spe\":139},\"moves\":[\"toxic\",\"boomburst\",\"earthquake\",\"roost\"],\"baseAbility\":\"rattled\",\"item\":\"leftovers\",\"pokeball\":\"pokeball\",\"ability\":\"rattled\",\"commanding\":false,\"reviving\":false,\"teraType\":\"Ground\",\"terastallized\":\"\"},{\"ident\":\"p2: Jirachi\",\"details\":\"Jirachi, L80\",\"condition\":\"291/291\",\"active\":false,\"stats\":{\"atk\":206,\"def\":206,\"spa\":206,\"spd\":206,\"spe\":206},\"moves\":[\"bodyslam\",\"wish\",\"ironhead\",\"protect\"],\"baseAbility\":\"serenegrace\",\"item\":\"leftovers\",\"pokeball\":\"pokeball\",\"ability\":\"serenegrace\",\"commanding\":false,\"reviving\":false,\"teraType\":\"Water\",\"terastallized\":\"\"},{\"ident\":\"p2: Weezing\",\"details\":\"Weezing, L88, F\",\"condition\":\"258/258\",\"active\":false,\"stats\":{\"atk\":163,\"def\":261,\"spa\":200,\"spd\":173,\"spe\":156},\"moves\":[\"fireblast\",\"painsplit\",\"sludgebomb\",\"willowisp\"],\"baseAbility\":\"levitate\",\"item\":\"leftovers\",\"pokeball\":\"pokeball\",\"ability\":\"levitate\",\"commanding\":false,\"reviving\":false,\"teraType\":\"Steel\",\"terastallized\":\"\"},{\"ident\":\"p2: Chesnaught\",\"details\":\"Chesnaught, L84, M\",\"condition\":\"208/285\",\"active\":false,\"stats\":{\"atk\":228,\"def\":253,\"spa\":173,\"spd\":174,\"spe\":156},\"moves\":[\"knockoff\",\"bodypress\",\"woodhammer\",\"synthesis\"],\"baseAbility\":\"bulletproof\",\"item\":\"rockyhelmet\",\"pokeball\":\"pokeball\",\"ability\":\"bulletproof\",\"commanding\":false,\"reviving\":false,\"teraType\":\"Steel\",\"terastallized\":\"\"}]},\"rqid\":13}\n|inactive|Time left: 300 sec this turn | 300 sec total\n|\n|t:|1783392055\n|switch|p1a: Iron Treads|Iron Treads, L77|60/100\n|move|p2a: Rampardos|Rock Slide|p1a: Iron Treads\n|-resisted|p1a: Iron Treads\n|-damage|p1a: Iron Treads|46/100\n|\n|upkeep\n|turn|7\n|request|{\"active\":[{\"moves\":[{\"move\":\"Fire Punch\",\"id\":\"firepunch\",\"pp\":24,\"maxpp\":24,\"target\":\"normal\",\"disabled\":true},{\"move\":\"Head Smash\",\"id\":\"headsmash\",\"pp\":8,\"maxpp\":8,\"target\":\"normal\",\"disabled\":true},{\"move\":\"Earthquake\",\"id\":\"earthquake\",\"pp\":16,\"maxpp\":16,\"target\":\"allAdjacent\",\"disabled\":true},{\"move\":\"Rock Slide\",\"id\":\"rockslide\",\"pp\":15,\"maxpp\":16,\"target\":\"allAdjacentFoes\",\"disabled\":false}],\"canTerastallize\":\"Rock\"}],\"side\":{\"name\":\"p0y0722144\",\"id\":\"p2\",\"pokemon\":[{\"ident\":\"p2: Rampardos\",\"details\":\"Rampardos, L90, F\",\"condition\":\"267/321\",\"active\":true,\"stats\":{\"atk\":348,\"def\":159,\"spa\":168,\"spd\":141,\"spe\":156},\"moves\":[\"firepunch\",\"headsmash\",\"earthquake\",\"rockslide\"],\"baseAbility\":\"sheerforce\",\"item\":\"choicescarf\",\"pokeball\":\"pokeball\",\"ability\":\"sheerforce\",\"commanding\":false,\"reviving\":false,\"teraType\":\"Rock\",\"terastallized\":\"\"},{\"ident\":\"p2: Venusaur\",\"details\":\"Venusaur, L84, M\",\"condition\":\"87/272\",\"active\":false,\"stats\":{\"atk\":142,\"def\":188,\"spa\":216,\"spd\":216,\"spe\":183},\"moves\":[\"synthesis\",\"earthpower\",\"sludgebomb\",\"sleeppowder\"],\"baseAbility\":\"chlorophyll\",\"item\":\"\",\"pokeball\":\"pokeball\",\"ability\":\"chlorophyll\",\"commanding\":false,\"reviving\":false,\"teraType\":\"Steel\",\"terastallized\":\"\"},{\"ident\":\"p2: Dudunsparce\",\"details\":\"Dudunsparce-Three-Segment, L83, M\",\"condition\":\"343/343\",\"active\":false,\"stats\":{\"atk\":214,\"def\":180,\"spa\":189,\"spd\":172,\"spe\":139},\"moves\":[\"toxic\",\"boomburst\",\"earthquake\",\"roost\"],\"baseAbility\":\"rattled\",\"item\":\"leftovers\",\"pokeball\":\"pokeball\",\"ability\":\"rattled\",\"commanding\":false,\"reviving\":false,\"teraType\":\"Ground\",\"terastallized\":\"\"},{\"ident\":\"p2: Jirachi\",\"details\":\"Jirachi, L80\",\"condition\":\"291/291\",\"active\":false,\"stats\":{\"atk\":206,\"def\":206,\"spa\":206,\"spd\":206,\"spe\":206},\"moves\":[\"bodyslam\",\"wish\",\"ironhead\",\"protect\"],\"baseAbility\":\"serenegrace\",\"item\":\"leftovers\",\"pokeball\":\"pokeball\",\"ability\":\"serenegrace\",\"commanding\":false,\"reviving\":false,\"teraType\":\"Water\",\"terastallized\":\"\"},{\"ident\":\"p2: Weezing\",\"details\":\"Weezing, L88, F\",\"condition\":\"258/258\",\"active\":false,\"stats\":{\"atk\":163,\"def\":261,\"spa\":200,\"spd\":173,\"spe\":156},\"moves\":[\"fireblast\",\"painsplit\",\"sludgebomb\",\"willowisp\"],\"baseAbility\":\"levitate\",\"item\":\"leftovers\",\"pokeball\":\"pokeball\",\"ability\":\"levitate\",\"commanding\":false,\"reviving\":false,\"teraType\":\"Steel\",\"terastallized\":\"\"},{\"ident\":\"p2: Chesnaught\",\"details\":\"Chesnaught, L84, M\",\"condition\":\"208/285\",\"active\":false,\"stats\":{\"atk\":228,\"def\":253,\"spa\":173,\"spd\":174,\"spe\":156},\"moves\":[\"knockoff\",\"bodypress\",\"woodhammer\",\"synthesis\"],\"baseAbility\":\"bulletproof\",\"item\":\"rockyhelmet\",\"pokeball\":\"pokeball\",\"ability\":\"bulletproof\",\"commanding\":false,\"reviving\":false,\"teraType\":\"Steel\",\"terastallized\":\"\"}]},\"rqid\":15}\n|inactive|Time left: 300 sec this turn | 300 sec total\n|\n|t:|1783392055\n|switch|p2a: Chesnaught|Chesnaught, L84, M|208/285\n|move|p1a: Iron Treads|Earthquake|p2a: Chesnaught\n|-resisted|p2a: Chesnaught\n|-damage|p2a: Chesnaught|169/285\n|\n|upkeep\n|turn|8\n|request|{\"active\":[{\"moves\":[{\"move\":\"Knock Off\",\"id\":\"knockoff\",\"pp\":32,\"maxpp\":32,\"target\":\"normal\",\"disabled\":false},{\"move\":\"Body Press\",\"id\":\"bodypress\",\"pp\":16,\"maxpp\":16,\"target\":\"normal\",\"disabled\":false},{\"move\":\"Wood Hammer\",\"id\":\"woodhammer\",\"pp\":23,\"maxpp\":24,\"target\":\"normal\",\"disabled\":false},{\"move\":\"Synthesis\",\"id\":\"synthesis\",\"pp\":8,\"maxpp\":8,\"target\":\"self\",\"disabled\":false}],\"canTerastallize\":\"Steel\"}],\"side\":{\"name\":\"p0y0722144\",\"id\":\"p2\",\"pokemon\":[{\"ident\":\"p2: Chesnaught\",\"details\":\"Chesnaught, L84, M\",\"condition\":\"169/285\",\"active\":true,\"stats\":{\"atk\":228,\"def\":253,\"spa\":173,\"spd\":174,\"spe\":156},\"moves\":[\"knockoff\",\"bodypress\",\"woodhammer\",\"synthesis\"],\"baseAbility\":\"bulletproof\",\"item\":\"rockyhelmet\",\"pokeball\":\"pokeball\",\"ability\":\"bulletproof\",\"commanding\":false,\"reviving\":false,\"teraType\":\"Steel\",\"terastallized\":\"\"},{\"ident\":\"p2: Venusaur\",\"details\":\"Venusaur, L84, M\",\"condition\":\"87/272\",\"active\":false,\"stats\":{\"atk\":142,\"def\":188,\"spa\":216,\"spd\":216,\"spe\":183},\"moves\":[\"synthesis\",\"earthpower\",\"sludgebomb\",\"sleeppowder\"],\"baseAbility\":\"chlorophyll\",\"item\":\"\",\"pokeball\":\"pokeball\",\"ability\":\"chlorophyll\",\"commanding\":false,\"reviving\":false,\"teraType\":\"Steel\",\"terastallized\":\"\"},{\"ident\":\"p2: Dudunsparce\",\"details\":\"Dudunsparce-Three-Segment, L83, M\",\"condition\":\"343/343\",\"active\":false,\"stats\":{\"atk\":214,\"def\":180,\"spa\":189,\"spd\":172,\"spe\":139},\"moves\":[\"toxic\",\"boomburst\",\"earthquake\",\"roost\"],\"baseAbility\":\"rattled\",\"item\":\"leftovers\",\"pokeball\":\"pokeball\",\"ability\":\"rattled\",\"commanding\":false,\"reviving\":false,\"teraType\":\"Ground\",\"terastallized\":\"\"},{\"ident\":\"p2: Jirachi\",\"details\":\"Jirachi, L80\",\"condition\":\"291/291\",\"active\":false,\"stats\":{\"atk\":206,\"def\":206,\"spa\":206,\"spd\":206,\"spe\":206},\"moves\":[\"bodyslam\",\"wish\",\"ironhead\",\"protect\"],\"baseAbility\":\"serenegrace\",\"item\":\"leftovers\",\"pokeball\":\"pokeball\",\"ability\":\"serenegrace\",\"commanding\":false,\"reviving\":false,\"teraType\":\"Water\",\"terastallized\":\"\"},{\"ident\":\"p2: Weezing\",\"details\":\"Weezing, L88, F\",\"condition\":\"258/258\",\"active\":false,\"stats\":{\"atk\":163,\"def\":261,\"spa\":200,\"spd\":173,\"spe\":156},\"moves\":[\"fireblast\",\"painsplit\",\"sludgebomb\",\"willowisp\"],\"baseAbility\":\"levitate\",\"item\":\"leftovers\",\"pokeball\":\"pokeball\",\"ability\":\"levitate\",\"commanding\":false,\"reviving\":false,\"teraType\":\"Steel\",\"terastallized\":\"\"},{\"ident\":\"p2: Rampardos\",\"details\":\"Rampardos, L90, F\",\"condition\":\"267/321\",\"active\":false,\"stats\":{\"atk\":348,\"def\":159,\"spa\":168,\"spd\":141,\"spe\":156},\"moves\":[\"firepunch\",\"headsmash\",\"earthquake\",\"rockslide\"],\"baseAbility\":\"sheerforce\",\"item\":\"choicescarf\",\"pokeball\":\"pokeball\",\"ability\":\"sheerforce\",\"commanding\":false,\"reviving\":false,\"teraType\":\"Rock\",\"terastallized\":\"\"}]},\"rqid\":17}\n|inactive|Time left: 300 sec this turn | 300 sec total\n|\n|t:|1783392056\n|-end|p1a: Iron Treads|Quark Drive|[silent]\n|switch|p1a: Drifblim|Drifblim, L86, F|73/100\n|move|p2a: Chesnaught|Synthesis|p2a: Chesnaught\n|-heal|p2a: Chesnaught|285/285\n|\n|upkeep\n|turn|9\n|request|{\"active\":[{\"moves\":[{\"move\":\"Knock Off\",\"id\":\"knockoff\",\"pp\":32,\"maxpp\":32,\"target\":\"normal\",\"disabled\":false},{\"move\":\"Body Press\",\"id\":\"bodypress\",\"pp\":16,\"maxpp\":16,\"target\":\"normal\",\"disabled\":false},{\"move\":\"Wood Hammer\",\"id\":\"woodhammer\",\"pp\":23,\"maxpp\":24,\"target\":\"normal\",\"disabled\":false},{\"move\":\"Synthesis\",\"id\":\"synthesis\",\"pp\":7,\"maxpp\":8,\"target\":\"self\",\"disabled\":false}],\"canTerastallize\":\"Steel\"}],\"side\":{\"name\":\"p0y0722144\",\"id\":\"p2\",\"pokemon\":[{\"ident\":\"p2: Chesnaught\",\"details\":\"Chesnaught, L84, M\",\"condition\":\"285/285\",\"active\":true,\"stats\":{\"atk\":228,\"def\":253,\"spa\":173,\"spd\":174,\"spe\":156},\"moves\":[\"knockoff\",\"bodypress\",\"woodhammer\",\"synthesis\"],\"baseAbility\":\"bulletproof\",\"item\":\"rockyhelmet\",\"pokeball\":\"pokeball\",\"ability\":\"bulletproof\",\"commanding\":false,\"reviving\":false,\"teraType\":\"Steel\",\"terastallized\":\"\"},{\"ident\":\"p2: Venusaur\",\"details\":\"Venusaur, L84, M\",\"condition\":\"87/272\",\"active\":false,\"stats\":{\"atk\":142,\"def\":188,\"spa\":216,\"spd\":216,\"spe\":183},\"moves\":[\"synthesis\",\"earthpower\",\"sludgebomb\",\"sleeppowder\"],\"baseAbility\":\"chlorophyll\",\"item\":\"\",\"pokeball\":\"pokeball\",\"ability\":\"chlorophyll\",\"commanding\":false,\"reviving\":false,\"teraType\":\"Steel\",\"terastallized\":\"\"},{\"ident\":\"p2: Dudunsparce\",\"details\":\"Dudunsparce-Three-Segment, L83, M\",\"condition\":\"343/343\",\"active\":false,\"stats\":{\"atk\":214,\"def\":180,\"spa\":189,\"spd\":172,\"spe\":139},\"moves\":[\"toxic\",\"boomburst\",\"earthquake\",\"roost\"],\"baseAbility\":\"rattled\",\"item\":\"leftovers\",\"pokeball\":\"pokeball\",\"ability\":\"rattled\",\"commanding\":false,\"reviving\":false,\"teraType\":\"Ground\",\"terastallized\":\"\"},{\"ident\":\"p2: Jirachi\",\"details\":\"Jirachi, L80\",\"condition\":\"291/291\",\"active\":false,\"stats\":{\"atk\":206,\"def\":206,\"spa\":206,\"spd\":206,\"spe\":206},\"moves\":[\"bodyslam\",\"wish\",\"ironhead\",\"protect\"],\"baseAbility\":\"serenegrace\",\"item\":\"leftovers\",\"pokeball\":\"pokeball\",\"ability\":\"serenegrace\",\"commanding\":false,\"reviving\":false,\"teraType\":\"Water\",\"terastallized\":\"\"},{\"ident\":\"p2: Weezing\",\"details\":\"Weezing, L88, F\",\"condition\":\"258/258\",\"active\":false,\"stats\":{\"atk\":163,\"def\":261,\"spa\":200,\"spd\":173,\"spe\":156},\"moves\":[\"fireblast\",\"painsplit\",\"sludgebomb\",\"willowisp\"],\"baseAbility\":\"levitate\",\"item\":\"leftovers\",\"pokeball\":\"pokeball\",\"ability\":\"levitate\",\"commanding\":false,\"reviving\":false,\"teraType\":\"Steel\",\"terastallized\":\"\"},{\"ident\":\"p2: Rampardos\",\"details\":\"Rampardos, L90, F\",\"condition\":\"267/321\",\"active\":false,\"stats\":{\"atk\":348,\"def\":159,\"spa\":168,\"spd\":141,\"spe\":156},\"moves\":[\"firepunch\",\"headsmash\",\"earthquake\",\"rockslide\"],\"baseAbility\":\"sheerforce\",\"item\":\"choicescarf\",\"pokeball\":\"pokeball\",\"ability\":\"sheerforce\",\"commanding\":false,\"reviving\":false,\"teraType\":\"Rock\",\"terastallized\":\"\"}]},\"rqid\":19}\n|inactive|Time left: 300 sec this turn | 300 sec total\n|\n|t:|1783392056\n|switch|p2a: Rampardos|Rampardos, L90, F|267/321\n|move|p1a: Drifblim|Strength Sap|p2a: Rampardos\n|-unboost|p2a: Rampardos|atk|1\n|-heal|p1a: Drifblim|100/100\n|\n|upkeep\n|turn|10\n|request|{\"active\":[{\"moves\":[{\"move\":\"Fire Punch\",\"id\":\"firepunch\",\"pp\":24,\"maxpp\":24,\"target\":\"normal\",\"disabled\":false},{\"move\":\"Head Smash\",\"id\":\"headsmash\",\"pp\":8,\"maxpp\":8,\"target\":\"normal\",\"disabled\":false},{\"move\":\"Earthquake\",\"id\":\"earthquake\",\"pp\":16,\"maxpp\":16,\"target\":\"allAdjacent\",\"disabled\":false},{\"move\":\"Rock Slide\",\"id\":\"rockslide\",\"pp\":15,\"maxpp\":16,\"target\":\"allAdjacentFoes\",\"disabled\":false}],\"canTerastallize\":\"Rock\"}],\"side\":{\"name\":\"p0y0722144\",\"id\":\"p2\",\"pokemon\":[{\"ident\":\"p2: Rampardos\",\"details\":\"Rampardos, L90, F\",\"condition\":\"267/321\",\"active\":true,\"stats\":{\"atk\":348,\"def\":159,\"spa\":168,\"spd\":141,\"spe\":156},\"moves\":[\"firepunch\",\"headsmash\",\"earthquake\",\"rockslide\"],\"baseAbility\":\"sheerforce\",\"item\":\"choicescarf\",\"pokeball\":\"pokeball\",\"ability\":\"sheerforce\",\"commanding\":false,\"reviving\":false,\"teraType\":\"Rock\",\"terastallized\":\"\"},{\"ident\":\"p2: Venusaur\",\"details\":\"Venusaur, L84, M\",\"condition\":\"87/272\",\"active\":false,\"stats\":{\"atk\":142,\"def\":188,\"spa\":216,\"spd\":216,\"spe\":183},\"moves\":[\"synthesis\",\"earthpower\",\"sludgebomb\",\"sleeppowder\"],\"baseAbility\":\"chlorophyll\",\"item\":\"\",\"pokeball\":\"pokeball\",\"ability\":\"chlorophyll\",\"commanding\":false,\"reviving\":false,\"teraType\":\"Steel\",\"terastallized\":\"\"},{\"ident\":\"p2: Dudunsparce\",\"details\":\"Dudunsparce-Three-Segment, L83, M\",\"condition\":\"343/343\",\"active\":false,\"stats\":{\"atk\":214,\"def\":180,\"spa\":189,\"spd\":172,\"spe\":139},\"moves\":[\"toxic\",\"boomburst\",\"earthquake\",\"roost\"],\"baseAbility\":\"rattled\",\"item\":\"leftovers\",\"pokeball\":\"pokeball\",\"ability\":\"rattled\",\"commanding\":false,\"reviving\":false,\"teraType\":\"Ground\",\"terastallized\":\"\"},{\"ident\":\"p2: Jirachi\",\"details\":\"Jirachi, L80\",\"condition\":\"291/291\",\"active\":false,\"stats\":{\"atk\":206,\"def\":206,\"spa\":206,\"spd\":206,\"spe\":206},\"moves\":[\"bodyslam\",\"wish\",\"ironhead\",\"protect\"],\"baseAbility\":\"serenegrace\",\"item\":\"leftovers\",\"pokeball\":\"pokeball\",\"ability\":\"serenegrace\",\"commanding\":false,\"reviving\":false,\"teraType\":\"Water\",\"terastallized\":\"\"},{\"ident\":\"p2: Weezing\",\"details\":\"Weezing, L88, F\",\"condition\":\"258/258\",\"active\":false,\"stats\":{\"atk\":163,\"def\":261,\"spa\":200,\"spd\":173,\"spe\":156},\"moves\":[\"fireblast\",\"painsplit\",\"sludgebomb\",\"willowisp\"],\"baseAbility\":\"levitate\",\"item\":\"leftovers\",\"pokeball\":\"pokeball\",\"ability\":\"levitate\",\"commanding\":false,\"reviving\":false,\"teraType\":\"Steel\",\"terastallized\":\"\"},{\"ident\":\"p2: Chesnaught\",\"details\":\"Chesnaught, L84, M\",\"condition\":\"285/285\",\"active\":false,\"stats\":{\"atk\":228,\"def\":253,\"spa\":173,\"spd\":174,\"spe\":156},\"moves\":[\"knockoff\",\"bodypress\",\"woodhammer\",\"synthesis\"],\"baseAbility\":\"bulletproof\",\"item\":\"rockyhelmet\",\"pokeball\":\"pokeball\",\"ability\":\"bulletproof\",\"commanding\":false,\"reviving\":false,\"teraType\":\"Steel\",\"terastallized\":\"\"}]},\"rqid\":21}\n|inactive|Time left: 300 sec this turn | 300 sec total\n|\n|t:|1783392056\n|switch|p1a: Iron Treads|Iron Treads, L77|46/100\n|move|p2a: Rampardos|Rock Slide|p1a: Iron Treads\n|-resisted|p1a: Iron Treads\n|-damage|p1a: Iron Treads|36/100\n|\n|upkeep\n|turn|11\n|request|{\"active\":[{\"moves\":[{\"move\":\"Fire Punch\",\"id\":\"firepunch\",\"pp\":24,\"maxpp\":24,\"target\":\"normal\",\"disabled\":true},{\"move\":\"Head Smash\",\"id\":\"headsmash\",\"pp\":8,\"maxpp\":8,\"target\":\"normal\",\"disabled\":true},{\"move\":\"Earthquake\",\"id\":\"earthquake\",\"pp\":16,\"maxpp\":16,\"target\":\"allAdjacent\",\"disabled\":true},{\"move\":\"Rock Slide\",\"id\":\"rockslide\",\"pp\":14,\"maxpp\":16,\"target\":\"allAdjacentFoes\",\"disabled\":false}],\"canTerastallize\":\"Rock\"}],\"side\":{\"name\":\"p0y0722144\",\"id\":\"p2\",\"pokemon\":[{\"ident\":\"p2: Rampardos\",\"details\":\"Rampardos, L90, F\",\"condition\":\"267/321\",\"active\":true,\"stats\":{\"atk\":348,\"def\":159,\"spa\":168,\"spd\":141,\"spe\":156},\"moves\":[\"firepunch\",\"headsmash\",\"earthquake\",\"rockslide\"],\"baseAbility\":\"sheerforce\",\"item\":\"choicescarf\",\"pokeball\":\"pokeball\",\"ability\":\"sheerforce\",\"commanding\":false,\"reviving\":false,\"teraType\":\"Rock\",\"terastallized\":\"\"},{\"ident\":\"p2: Venusaur\",\"details\":\"Venusaur, L84, M\",\"condition\":\"87/272\",\"active\":false,\"stats\":{\"atk\":142,\"def\":188,\"spa\":216,\"spd\":216,\"spe\":183},\"moves\":[\"synthesis\",\"earthpower\",\"sludgebomb\",\"sleeppowder\"],\"baseAbility\":\"chlorophyll\",\"item\":\"\",\"pokeball\":\"pokeball\",\"ability\":\"chlorophyll\",\"commanding\":false,\"reviving\":false,\"teraType\":\"Steel\",\"terastallized\":\"\"},{\"ident\":\"p2: Dudunsparce\",\"details\":\"Dudunsparce-Three-Segment, L83, M\",\"condition\":\"343/343\",\"active\":false,\"stats\":{\"atk\":214,\"def\":180,\"spa\":189,\"spd\":172,\"spe\":139},\"moves\":[\"toxic\",\"boomburst\",\"earthquake\",\"roost\"],\"baseAbility\":\"rattled\",\"item\":\"leftovers\",\"pokeball\":\"pokeball\",\"ability\":\"rattled\",\"commanding\":false,\"reviving\":false,\"teraType\":\"Ground\",\"terastallized\":\"\"},{\"ident\":\"p2: Jirachi\",\"details\":\"Jirachi, L80\",\"condition\":\"291/291\",\"active\":false,\"stats\":{\"atk\":206,\"def\":206,\"spa\":206,\"spd\":206,\"spe\":206},\"moves\":[\"bodyslam\",\"wish\",\"ironhead\",\"protect\"],\"baseAbility\":\"serenegrace\",\"item\":\"leftovers\",\"pokeball\":\"pokeball\",\"ability\":\"serenegrace\",\"commanding\":false,\"reviving\":false,\"teraType\":\"Water\",\"terastallized\":\"\"},{\"ident\":\"p2: Weezing\",\"details\":\"Weezing, L88, F\",\"condition\":\"258/258\",\"active\":false,\"stats\":{\"atk\":163,\"def\":261,\"spa\":200,\"spd\":173,\"spe\":156},\"moves\":[\"fireblast\",\"painsplit\",\"sludgebomb\",\"willowisp\"],\"baseAbility\":\"levitate\",\"item\":\"leftovers\",\"pokeball\":\"pokeball\",\"ability\":\"levitate\",\"commanding\":false,\"reviving\":false,\"teraType\":\"Steel\",\"terastallized\":\"\"},{\"ident\":\"p2: Chesnaught\",\"details\":\"Chesnaught, L84, M\",\"condition\":\"285/285\",\"active\":false,\"stats\":{\"atk\":228,\"def\":253,\"spa\":173,\"spd\":174,\"spe\":156},\"moves\":[\"knockoff\",\"bodypress\",\"woodhammer\",\"synthesis\"],\"baseAbility\":\"bulletproof\",\"item\":\"rockyhelmet\",\"pokeball\":\"pokeball\",\"ability\":\"bulletproof\",\"commanding\":false,\"reviving\":false,\"teraType\":\"Steel\",\"terastallized\":\"\"}]},\"rqid\":23}\n|inactive|Time left: 300 sec this turn | 300 sec total\n|\n|t:|1783392056\n|switch|p2a: Chesnaught|Chesnaught, L84, M|285/285\n|move|p1a: Iron Treads|Earthquake|p2a: Chesnaught\n|-resisted|p2a: Chesnaught\n|-damage|p2a: Chesnaught|248/285\n|\n|upkeep\n|turn|12\n|request|{\"active\":[{\"moves\":[{\"move\":\"Knock Off\",\"id\":\"knockoff\",\"pp\":32,\"maxpp\":32,\"target\":\"normal\",\"disabled\":false},{\"move\":\"Body Press\",\"id\":\"bodypress\",\"pp\":16,\"maxpp\":16,\"target\":\"normal\",\"disabled\":false},{\"move\":\"Wood Hammer\",\"id\":\"woodhammer\",\"pp\":23,\"maxpp\":24,\"target\":\"normal\",\"disabled\":false},{\"move\":\"Synthesis\",\"id\":\"synthesis\",\"pp\":7,\"maxpp\":8,\"target\":\"self\",\"disabled\":false}],\"canTerastallize\":\"Steel\"}],\"side\":{\"name\":\"p0y0722144\",\"id\":\"p2\",\"pokemon\":[{\"ident\":\"p2: Chesnaught\",\"details\":\"Chesnaught, L84, M\",\"condition\":\"248/285\",\"active\":true,\"stats\":{\"atk\":228,\"def\":253,\"spa\":173,\"spd\":174,\"spe\":156},\"moves\":[\"knockoff\",\"bodypress\",\"woodhammer\",\"synthesis\"],\"baseAbility\":\"bulletproof\",\"item\":\"rockyhelmet\",\"pokeball\":\"pokeball\",\"ability\":\"bulletproof\",\"commanding\":false,\"reviving\":false,\"teraType\":\"Steel\",\"terastallized\":\"\"},{\"ident\":\"p2: Venusaur\",\"details\":\"Venusaur, L84, M\",\"condition\":\"87/272\",\"active\":false,\"stats\":{\"atk\":142,\"def\":188,\"spa\":216,\"spd\":216,\"spe\":183},\"moves\":[\"synthesis\",\"earthpower\",\"sludgebomb\",\"sleeppowder\"],\"baseAbility\":\"chlorophyll\",\"item\":\"\",\"pokeball\":\"pokeball\",\"ability\":\"chlorophyll\",\"commanding\":false,\"reviving\":false,\"teraType\":\"Steel\",\"terastallized\":\"\"},{\"ident\":\"p2: Dudunsparce\",\"details\":\"Dudunsparce-Three-Segment, L83, M\",\"condition\":\"343/343\",\"active\":false,\"stats\":{\"atk\":214,\"def\":180,\"spa\":189,\"spd\":172,\"spe\":139},\"moves\":[\"toxic\",\"boomburst\",\"earthquake\",\"roost\"],\"baseAbility\":\"rattled\",\"item\":\"leftovers\",\"pokeball\":\"pokeball\",\"ability\":\"rattled\",\"commanding\":false,\"reviving\":false,\"teraType\":\"Ground\",\"terastallized\":\"\"},{\"ident\":\"p2: Jirachi\",\"details\":\"Jirachi, L80\",\"condition\":\"291/291\",\"active\":false,\"stats\":{\"atk\":206,\"def\":206,\"spa\":206,\"spd\":206,\"spe\":206},\"moves\":[\"bodyslam\",\"wish\",\"ironhead\",\"protect\"],\"baseAbility\":\"serenegrace\",\"item\":\"leftovers\",\"pokeball\":\"pokeball\",\"ability\":\"serenegrace\",\"commanding\":false,\"reviving\":false,\"teraType\":\"Water\",\"terastallized\":\"\"},{\"ident\":\"p2: Weezing\",\"details\":\"Weezing, L88, F\",\"condition\":\"258/258\",\"active\":false,\"stats\":{\"atk\":163,\"def\":261,\"spa\":200,\"spd\":173,\"spe\":156},\"moves\":[\"fireblast\",\"painsplit\",\"sludgebomb\",\"willowisp\"],\"baseAbility\":\"levitate\",\"item\":\"leftovers\",\"pokeball\":\"pokeball\",\"ability\":\"levitate\",\"commanding\":false,\"reviving\":false,\"teraType\":\"Steel\",\"terastallized\":\"\"},{\"ident\":\"p2: Rampardos\",\"details\":\"Rampardos, L90, F\",\"condition\":\"267/321\",\"active\":false,\"stats\":{\"atk\":348,\"def\":159,\"spa\":168,\"spd\":141,\"spe\":156},\"moves\":[\"firepunch\",\"headsmash\",\"earthquake\",\"rockslide\"],\"baseAbility\":\"sheerforce\",\"item\":\"choicescarf\",\"pokeball\":\"pokeball\",\"ability\":\"sheerforce\",\"commanding\":false,\"reviving\":false,\"teraType\":\"Rock\",\"terastallized\":\"\"}]},\"rqid\":25}\n|inactive|Time left: 300 sec this turn | 300 sec total\n|\n|t:|1783392057\n|-end|p1a: Iron Treads|Quark Drive|[silent]\n|switch|p1a: Drifblim|Drifblim, L86, F|100/100\n|move|p2a: Chesnaught|Knock Off|p1a: Drifblim\n|-supereffective|p1a: Drifblim\n|-damage|p1a: Drifblim|46/100\n|-enditem|p1a: Drifblim|Sitrus Berry|[from] move: Knock Off|[of] p2a: Chesnaught\n|\n|upkeep\n|turn|13\n|request|{\"active\":[{\"moves\":[{\"move\":\"Knock Off\",\"id\":\"knockoff\",\"pp\":31,\"maxpp\":32,\"target\":\"normal\",\"disabled\":false},{\"move\":\"Body Press\",\"id\":\"bodypress\",\"pp\":16,\"maxpp\":16,\"target\":\"normal\",\"disabled\":false},{\"move\":\"Wood Hammer\",\"id\":\"woodhammer\",\"pp\":23,\"maxpp\":24,\"target\":\"normal\",\"disabled\":false},{\"move\":\"Synthesis\",\"id\":\"synthesis\",\"pp\":7,\"maxpp\":8,\"target\":\"self\",\"disabled\":false}],\"canTerastallize\":\"Steel\"}],\"side\":{\"name\":\"p0y0722144\",\"id\":\"p2\",\"pokemon\":[{\"ident\":\"p2: Chesnaught\",\"details\":\"Chesnaught, L84, M\",\"condition\":\"248/285\",\"active\":true,\"stats\":{\"atk\":228,\"def\":253,\"spa\":173,\"spd\":174,\"spe\":156},\"moves\":[\"knockoff\",\"bodypress\",\"woodhammer\",\"synthesis\"],\"baseAbility\":\"bulletproof\",\"item\":\"rockyhelmet\",\"pokeball\":\"pokeball\",\"ability\":\"bulletproof\",\"commanding\":false,\"reviving\":false,\"teraType\":\"Steel\",\"terastallized\":\"\"},{\"ident\":\"p2: Venusaur\",\"details\":\"Venusaur, L84, M\",\"condition\":\"87/272\",\"active\":false,\"stats\":{\"atk\":142,\"def\":188,\"spa\":216,\"spd\":216,\"spe\":183},\"moves\":[\"synthesis\",\"earthpower\",\"sludgebomb\",\"sleeppowder\"],\"baseAbility\":\"chlorophyll\",\"item\":\"\",\"pokeball\":\"pokeball\",\"ability\":\"chlorophyll\",\"commanding\":false,\"reviving\":false,\"teraType\":\"Steel\",\"terastallized\":\"\"},{\"ident\":\"p2: Dudunsparce\",\"details\":\"Dudunsparce-Three-Segment, L83, M\",\"condition\":\"343/343\",\"active\":false,\"stats\":{\"atk\":214,\"def\":180,\"spa\":189,\"spd\":172,\"spe\":139},\"moves\":[\"toxic\",\"boomburst\",\"earthquake\",\"roost\"],\"baseAbility\":\"rattled\",\"item\":\"leftovers\",\"pokeball\":\"pokeball\",\"ability\":\"rattled\",\"commanding\":false,\"reviving\":false,\"teraType\":\"Ground\",\"terastallized\":\"\"},{\"ident\":\"p2: Jirachi\",\"details\":\"Jirachi, L80\",\"condition\":\"291/291\",\"active\":false,\"stats\":{\"atk\":206,\"def\":206,\"spa\":206,\"spd\":206,\"spe\":206},\"moves\":[\"bodyslam\",\"wish\",\"ironhead\",\"protect\"],\"baseAbility\":\"serenegrace\",\"item\":\"leftovers\",\"pokeball\":\"pokeball\",\"ability\":\"serenegrace\",\"commanding\":false,\"reviving\":false,\"teraType\":\"Water\",\"terastallized\":\"\"},{\"ident\":\"p2: Weezing\",\"details\":\"Weezing, L88, F\",\"condition\":\"258/258\",\"active\":false,\"stats\":{\"atk\":163,\"def\":261,\"spa\":200,\"spd\":173,\"spe\":156},\"moves\":[\"fireblast\",\"painsplit\",\"sludgebomb\",\"willowisp\"],\"baseAbility\":\"levitate\",\"item\":\"leftovers\",\"pokeball\":\"pokeball\",\"ability\":\"levitate\",\"commanding\":false,\"reviving\":false,\"teraType\":\"Steel\",\"terastallized\":\"\"},{\"ident\":\"p2: Rampardos\",\"details\":\"Rampardos, L90, F\",\"condition\":\"267/321\",\"active\":false,\"stats\":{\"atk\":348,\"def\":159,\"spa\":168,\"spd\":141,\"spe\":156},\"moves\":[\"firepunch\",\"headsmash\",\"earthquake\",\"rockslide\"],\"baseAbility\":\"sheerforce\",\"item\":\"choicescarf\",\"pokeball\":\"pokeball\",\"ability\":\"sheerforce\",\"commanding\":false,\"reviving\":false,\"teraType\":\"Rock\",\"terastallized\":\"\"}]},\"rqid\":27}\n|inactive|Time left: 300 sec this turn | 300 sec total\n|\n|t:|1783392057\n|switch|p2a: Rampardos|Rampardos, L90, F|267/321\n|move|p1a: Drifblim|Strength Sap|p2a: Rampardos\n|-unboost|p2a: Rampardos|atk|1\n|-heal|p1a: Drifblim|100/100\n|\n|upkeep\n|turn|14\n|request|{\"active\":[{\"moves\":[{\"move\":\"Fire Punch\",\"id\":\"firepunch\",\"pp\":24,\"maxpp\":24,\"target\":\"normal\",\"disabled\":false},{\"move\":\"Head Smash\",\"id\":\"headsmash\",\"pp\":8,\"maxpp\":8,\"target\":\"normal\",\"disabled\":false},{\"move\":\"Earthquake\",\"id\":\"earthquake\",\"pp\":16,\"maxpp\":16,\"target\":\"allAdjacent\",\"disabled\":false},{\"move\":\"Rock Slide\",\"id\":\"rockslide\",\"pp\":14,\"maxpp\":16,\"target\":\"allAdjacentFoes\",\"disabled\":false}],\"canTerastallize\":\"Rock\"}],\"side\":{\"name\":\"p0y0722144\",\"id\":\"p2\",\"pokemon\":[{\"ident\":\"p2: Rampardos\",\"details\":\"Rampardos, L90, F\",\"condition\":\"267/321\",\"active\":true,\"stats\":{\"atk\":348,\"def\":159,\"spa\":168,\"spd\":141,\"spe\":156},\"moves\":[\"firepunch\",\"headsmash\",\"earthquake\",\"rockslide\"],\"baseAbility\":\"sheerforce\",\"item\":\"choicescarf\",\"pokeball\":\"pokeball\",\"ability\":\"sheerforce\",\"commanding\":false,\"reviving\":false,\"teraType\":\"Rock\",\"terastallized\":\"\"},{\"ident\":\"p2: Venusaur\",\"details\":\"Venusaur, L84, M\",\"condition\":\"87/272\",\"active\":false,\"stats\":{\"atk\":142,\"def\":188,\"spa\":216,\"spd\":216,\"spe\":183},\"moves\":[\"synthesis\",\"earthpower\",\"sludgebomb\",\"sleeppowder\"],\"baseAbility\":\"chlorophyll\",\"item\":\"\",\"pokeball\":\"pokeball\",\"ability\":\"chlorophyll\",\"commanding\":false,\"reviving\":false,\"teraType\":\"Steel\",\"terastallized\":\"\"},{\"ident\":\"p2: Dudunsparce\",\"details\":\"Dudunsparce-Three-Segment, L83, M\",\"condition\":\"343/343\",\"active\":false,\"stats\":{\"atk\":214,\"def\":180,\"spa\":189,\"spd\":172,\"spe\":139},\"moves\":[\"toxic\",\"boomburst\",\"earthquake\",\"roost\"],\"baseAbility\":\"rattled\",\"item\":\"leftovers\",\"pokeball\":\"pokeball\",\"ability\":\"rattled\",\"commanding\":false,\"reviving\":false,\"teraType\":\"Ground\",\"terastallized\":\"\"},{\"ident\":\"p2: Jirachi\",\"details\":\"Jirachi, L80\",\"condition\":\"291/291\",\"active\":false,\"stats\":{\"atk\":206,\"def\":206,\"spa\":206,\"spd\":206,\"spe\":206},\"moves\":[\"bodyslam\",\"wish\",\"ironhead\",\"protect\"],\"baseAbility\":\"serenegrace\",\"item\":\"leftovers\",\"pokeball\":\"pokeball\",\"ability\":\"serenegrace\",\"commanding\":false,\"reviving\":false,\"teraType\":\"Water\",\"terastallized\":\"\"},{\"ident\":\"p2: Weezing\",\"details\":\"Weezing, L88, F\",\"condition\":\"258/258\",\"active\":false,\"stats\":{\"atk\":163,\"def\":261,\"spa\":200,\"spd\":173,\"spe\":156},\"moves\":[\"fireblast\",\"painsplit\",\"sludgebomb\",\"willowisp\"],\"baseAbility\":\"levitate\",\"item\":\"leftovers\",\"pokeball\":\"pokeball\",\"ability\":\"levitate\",\"commanding\":false,\"reviving\":false,\"teraType\":\"Steel\",\"terastallized\":\"\"},{\"ident\":\"p2: Chesnaught\",\"details\":\"Chesnaught, L84, M\",\"condition\":\"248/285\",\"active\":false,\"stats\":{\"atk\":228,\"def\":253,\"spa\":173,\"spd\":174,\"spe\":156},\"moves\":[\"knockoff\",\"bodypress\",\"woodhammer\",\"synthesis\"],\"baseAbility\":\"bulletproof\",\"item\":\"rockyhelmet\",\"pokeball\":\"pokeball\",\"ability\":\"bulletproof\",\"commanding\":false,\"reviving\":false,\"teraType\":\"Steel\",\"terastallized\":\"\"}]},\"rqid\":29}\n|inactive|Time left: 300 sec this turn | 300 sec total\n|\n|t:|1783392057\n|switch|p1a: Iron Treads|Iron Treads, L77|36/100\n|move|p2a: Rampardos|Rock Slide|p1a: Iron Treads\n|-resisted|p1a: Iron Treads\n|-damage|p1a: Iron Treads|25/100\n|\n|upkeep\n|turn|15\n|request|{\"active\":[{\"moves\":[{\"move\":\"Fire Punch\",\"id\":\"firepunch\",\"pp\":24,\"maxpp\":24,\"target\":\"normal\",\"disabled\":true},{\"move\":\"Head Smash\",\"id\":\"headsmash\",\"pp\":8,\"maxpp\":8,\"target\":\"normal\",\"disabled\":true},{\"move\":\"Earthquake\",\"id\":\"earthquake\",\"pp\":16,\"maxpp\":16,\"target\":\"allAdjacent\",\"disabled\":true},{\"move\":\"Rock Slide\",\"id\":\"rockslide\",\"pp\":13,\"maxpp\":16,\"target\":\"allAdjacentFoes\",\"disabled\":false}],\"canTerastallize\":\"Rock\"}],\"side\":{\"name\":\"p0y0722144\",\"id\":\"p2\",\"pokemon\":[{\"ident\":\"p2: Rampardos\",\"details\":\"Rampardos, L90, F\",\"condition\":\"267/321\",\"active\":true,\"stats\":{\"atk\":348,\"def\":159,\"spa\":168,\"spd\":141,\"spe\":156},\"moves\":[\"firepunch\",\"headsmash\",\"earthquake\",\"rockslide\"],\"baseAbility\":\"sheerforce\",\"item\":\"choicescarf\",\"pokeball\":\"pokeball\",\"ability\":\"sheerforce\",\"commanding\":false,\"reviving\":false,\"teraType\":\"Rock\",\"terastallized\":\"\"},{\"ident\":\"p2: Venusaur\",\"details\":\"Venusaur, L84, M\",\"condition\":\"87/272\",\"active\":false,\"stats\":{\"atk\":142,\"def\":188,\"spa\":216,\"spd\":216,\"spe\":183},\"moves\":[\"synthesis\",\"earthpower\",\"sludgebomb\",\"sleeppowder\"],\"baseAbility\":\"chlorophyll\",\"item\":\"\",\"pokeball\":\"pokeball\",\"ability\":\"chlorophyll\",\"commanding\":false,\"reviving\":false,\"teraType\":\"Steel\",\"terastallized\":\"\"},{\"ident\":\"p2: Dudunsparce\",\"details\":\"Dudunsparce-Three-Segment, L83, M\",\"condition\":\"343/343\",\"active\":false,\"stats\":{\"atk\":214,\"def\":180,\"spa\":189,\"spd\":172,\"spe\":139},\"moves\":[\"toxic\",\"boomburst\",\"earthquake\",\"roost\"],\"baseAbility\":\"rattled\",\"item\":\"leftovers\",\"pokeball\":\"pokeball\",\"ability\":\"rattled\",\"commanding\":false,\"reviving\":false,\"teraType\":\"Ground\",\"terastallized\":\"\"},{\"ident\":\"p2: Jirachi\",\"details\":\"Jirachi, L80\",\"condition\":\"291/291\",\"active\":false,\"stats\":{\"atk\":206,\"def\":206,\"spa\":206,\"spd\":206,\"spe\":206},\"moves\":[\"bodyslam\",\"wish\",\"ironhead\",\"protect\"],\"baseAbility\":\"serenegrace\",\"item\":\"leftovers\",\"pokeball\":\"pokeball\",\"ability\":\"serenegrace\",\"commanding\":false,\"reviving\":false,\"teraType\":\"Water\",\"terastallized\":\"\"},{\"ident\":\"p2: Weezing\",\"details\":\"Weezing, L88, F\",\"condition\":\"258/258\",\"active\":false,\"stats\":{\"atk\":163,\"def\":261,\"spa\":200,\"spd\":173,\"spe\":156},\"moves\":[\"fireblast\",\"painsplit\",\"sludgebomb\",\"willowisp\"],\"baseAbility\":\"levitate\",\"item\":\"leftovers\",\"pokeball\":\"pokeball\",\"ability\":\"levitate\",\"commanding\":false,\"reviving\":false,\"teraType\":\"Steel\",\"terastallized\":\"\"},{\"ident\":\"p2: Chesnaught\",\"details\":\"Chesnaught, L84, M\",\"condition\":\"248/285\",\"active\":false,\"stats\":{\"atk\":228,\"def\":253,\"spa\":173,\"spd\":174,\"spe\":156},\"moves\":[\"knockoff\",\"bodypress\",\"woodhammer\",\"synthesis\"],\"baseAbility\":\"bulletproof\",\"item\":\"rockyhelmet\",\"pokeball\":\"pokeball\",\"ability\":\"bulletproof\",\"commanding\":false,\"reviving\":false,\"teraType\":\"Steel\",\"terastallized\":\"\"}]},\"rqid\":31}\n|inactive|Time left: 300 sec this turn | 300 sec total\n|\n|t:|1783392057\n|switch|p2a: Chesnaught|Chesnaught, L84, M|248/285\n|move|p1a: Iron Treads|Earthquake|p2a: Chesnaught\n|-resisted|p2a: Chesnaught\n|-crit|p2a: Chesnaught\n|-damage|p2a: Chesnaught|186/285\n|\n|upkeep\n|turn|16\n|request|{\"active\":[{\"moves\":[{\"move\":\"Knock Off\",\"id\":\"knockoff\",\"pp\":31,\"maxpp\":32,\"target\":\"normal\",\"disabled\":false},{\"move\":\"Body Press\",\"id\":\"bodypress\",\"pp\":16,\"maxpp\":16,\"target\":\"normal\",\"disabled\":false},{\"move\":\"Wood Hammer\",\"id\":\"woodhammer\",\"pp\":23,\"maxpp\":24,\"target\":\"normal\",\"disabled\":false},{\"move\":\"Synthesis\",\"id\":\"synthesis\",\"pp\":7,\"maxpp\":8,\"target\":\"self\",\"disabled\":false}],\"canTerastallize\":\"Steel\"}],\"side\":{\"name\":\"p0y0722144\",\"id\":\"p2\",\"pokemon\":[{\"ident\":\"p2: Chesnaught\",\"details\":\"Chesnaught, L84, M\",\"condition\":\"186/285\",\"active\":true,\"stats\":{\"atk\":228,\"def\":253,\"spa\":173,\"spd\":174,\"spe\":156},\"moves\":[\"knockoff\",\"bodypress\",\"woodhammer\",\"synthesis\"],\"baseAbility\":\"bulletproof\",\"item\":\"rockyhelmet\",\"pokeball\":\"pokeball\",\"ability\":\"bulletproof\",\"commanding\":false,\"reviving\":false,\"teraType\":\"Steel\",\"terastallized\":\"\"},{\"ident\":\"p2: Venusaur\",\"details\":\"Venusaur, L84, M\",\"condition\":\"87/272\",\"active\":false,\"stats\":{\"atk\":142,\"def\":188,\"spa\":216,\"spd\":216,\"spe\":183},\"moves\":[\"synthesis\",\"earthpower\",\"sludgebomb\",\"sleeppowder\"],\"baseAbility\":\"chlorophyll\",\"item\":\"\",\"pokeball\":\"pokeball\",\"ability\":\"chlorophyll\",\"commanding\":false,\"reviving\":false,\"teraType\":\"Steel\",\"terastallized\":\"\"},{\"ident\":\"p2: Dudunsparce\",\"details\":\"Dudunsparce-Three-Segment, L83, M\",\"condition\":\"343/343\",\"active\":false,\"stats\":{\"atk\":214,\"def\":180,\"spa\":189,\"spd\":172,\"spe\":139},\"moves\":[\"toxic\",\"boomburst\",\"earthquake\",\"roost\"],\"baseAbility\":\"rattled\",\"item\":\"leftovers\",\"pokeball\":\"pokeball\",\"ability\":\"rattled\",\"commanding\":false,\"reviving\":false,\"teraType\":\"Ground\",\"terastallized\":\"\"},{\"ident\":\"p2: Jirachi\",\"details\":\"Jirachi, L80\",\"condition\":\"291/291\",\"active\":false,\"stats\":{\"atk\":206,\"def\":206,\"spa\":206,\"spd\":206,\"spe\":206},\"moves\":[\"bodyslam\",\"wish\",\"ironhead\",\"protect\"],\"baseAbility\":\"serenegrace\",\"item\":\"leftovers\",\"pokeball\":\"pokeball\",\"ability\":\"serenegrace\",\"commanding\":false,\"reviving\":false,\"teraType\":\"Water\",\"terastallized\":\"\"},{\"ident\":\"p2: Weezing\",\"details\":\"Weezing, L88, F\",\"condition\":\"258/258\",\"active\":false,\"stats\":{\"atk\":163,\"def\":261,\"spa\":200,\"spd\":173,\"spe\":156},\"moves\":[\"fireblast\",\"painsplit\",\"sludgebomb\",\"willowisp\"],\"baseAbility\":\"levitate\",\"item\":\"leftovers\",\"pokeball\":\"pokeball\",\"ability\":\"levitate\",\"commanding\":false,\"reviving\":false,\"teraType\":\"Steel\",\"terastallized\":\"\"},{\"ident\":\"p2: Rampardos\",\"details\":\"Rampardos, L90, F\",\"condition\":\"267/321\",\"active\":false,\"stats\":{\"atk\":348,\"def\":159,\"spa\":168,\"spd\":141,\"spe\":156},\"moves\":[\"firepunch\",\"headsmash\",\"earthquake\",\"rockslide\"],\"baseAbility\":\"sheerforce\",\"item\":\"choicescarf\",\"pokeball\":\"pokeball\",\"ability\":\"sheerforce\",\"commanding\":false,\"reviving\":false,\"teraType\":\"Rock\",\"terastallized\":\"\"}]},\"rqid\":33}\n|inactive|Time left: 300 sec this turn | 300 sec total\n|\n|t:|1783392058\n|-end|p1a: Iron Treads|Quark Drive|[silent]\n|switch|p1a: Drifblim|Drifblim, L86, F|100/100\n|move|p2a: Chesnaught|Synthesis|p2a: Chesnaught\n|-heal|p2a: Chesnaught|285/285\n|\n|upkeep\n|turn|17\n|request|{\"active\":[{\"moves\":[{\"move\":\"Knock Off\",\"id\":\"knockoff\",\"pp\":31,\"maxpp\":32,\"target\":\"normal\",\"disabled\":false},{\"move\":\"Body Press\",\"id\":\"bodypress\",\"pp\":16,\"maxpp\":16,\"target\":\"normal\",\"disabled\":false},{\"move\":\"Wood Hammer\",\"id\":\"woodhammer\",\"pp\":23,\"maxpp\":24,\"target\":\"normal\",\"disabled\":false},{\"move\":\"Synthesis\",\"id\":\"synthesis\",\"pp\":6,\"maxpp\":8,\"target\":\"self\",\"disabled\":false}],\"canTerastallize\":\"Steel\"}],\"side\":{\"name\":\"p0y0722144\",\"id\":\"p2\",\"pokemon\":[{\"ident\":\"p2: Chesnaught\",\"details\":\"Chesnaught, L84, M\",\"condition\":\"285/285\",\"active\":true,\"stats\":{\"atk\":228,\"def\":253,\"spa\":173,\"spd\":174,\"spe\":156},\"moves\":[\"knockoff\",\"bodypress\",\"woodhammer\",\"synthesis\"],\"baseAbility\":\"bulletproof\",\"item\":\"rockyhelmet\",\"pokeball\":\"pokeball\",\"ability\":\"bulletproof\",\"commanding\":false,\"reviving\":false,\"teraType\":\"Steel\",\"terastallized\":\"\"},{\"ident\":\"p2: Venusaur\",\"details\":\"Venusaur, L84, M\",\"condition\":\"87/272\",\"active\":false,\"stats\":{\"atk\":142,\"def\":188,\"spa\":216,\"spd\":216,\"spe\":183},\"moves\":[\"synthesis\",\"earthpower\",\"sludgebomb\",\"sleeppowder\"],\"baseAbility\":\"chlorophyll\",\"item\":\"\",\"pokeball\":\"pokeball\",\"ability\":\"chlorophyll\",\"commanding\":false,\"reviving\":false,\"teraType\":\"Steel\",\"terastallized\":\"\"},{\"ident\":\"p2: Dudunsparce\",\"details\":\"Dudunsparce-Three-Segment, L83, M\",\"condition\":\"343/343\",\"active\":false,\"stats\":{\"atk\":214,\"def\":180,\"spa\":189,\"spd\":172,\"spe\":139},\"moves\":[\"toxic\",\"boomburst\",\"earthquake\",\"roost\"],\"baseAbility\":\"rattled\",\"item\":\"leftovers\",\"pokeball\":\"pokeball\",\"ability\":\"rattled\",\"commanding\":false,\"reviving\":false,\"teraType\":\"Ground\",\"terastallized\":\"\"},{\"ident\":\"p2: Jirachi\",\"details\":\"Jirachi, L80\",\"condition\":\"291/291\",\"active\":false,\"stats\":{\"atk\":206,\"def\":206,\"spa\":206,\"spd\":206,\"spe\":206},\"moves\":[\"bodyslam\",\"wish\",\"ironhead\",\"protect\"],\"baseAbility\":\"serenegrace\",\"item\":\"leftovers\",\"pokeball\":\"pokeball\",\"ability\":\"serenegrace\",\"commanding\":false,\"reviving\":false,\"teraType\":\"Water\",\"terastallized\":\"\"},{\"ident\":\"p2: Weezing\",\"details\":\"Weezing, L88, F\",\"condition\":\"258/258\",\"active\":false,\"stats\":{\"atk\":163,\"def\":261,\"spa\":200,\"spd\":173,\"spe\":156},\"moves\":[\"fireblast\",\"painsplit\",\"sludgebomb\",\"willowisp\"],\"baseAbility\":\"levitate\",\"item\":\"leftovers\",\"pokeball\":\"pokeball\",\"ability\":\"levitate\",\"commanding\":false,\"reviving\":false,\"teraType\":\"Steel\",\"terastallized\":\"\"},{\"ident\":\"p2: Rampardos\",\"details\":\"Rampardos, L90, F\",\"condition\":\"267/321\",\"active\":false,\"stats\":{\"atk\":348,\"def\":159,\"spa\":168,\"spd\":141,\"spe\":156},\"moves\":[\"firepunch\",\"headsmash\",\"earthquake\",\"rockslide\"],\"baseAbility\":\"sheerforce\",\"item\":\"choicescarf\",\"pokeball\":\"pokeball\",\"ability\":\"sheerforce\",\"commanding\":false,\"reviving\":false,\"teraType\":\"Rock\",\"terastallized\":\"\"}]},\"rqid\":35}\n|inactive|Time left: 300 sec this turn | 300 sec total\n|\n|t:|1783392058\n|switch|p2a: Rampardos|Rampardos, L90, F|267/321\n|move|p1a: Drifblim|Air Slash|p2a: Rampardos\n|-resisted|p2a: Rampardos\n|-damage|p2a: Rampardos|213/321\n|\n|upkeep\n|turn|18\n|request|{\"active\":[{\"moves\":[{\"move\":\"Fire Punch\",\"id\":\"firepunch\",\"pp\":24,\"maxpp\":24,\"target\":\"normal\",\"disabled\":false},{\"move\":\"Head Smash\",\"id\":\"headsmash\",\"pp\":8,\"maxpp\":8,\"target\":\"normal\",\"disabled\":false},{\"move\":\"Earthquake\",\"id\":\"earthquake\",\"pp\":16,\"maxpp\":16,\"target\":\"allAdjacent\",\"disabled\":false},{\"move\":\"Rock Slide\",\"id\":\"rockslide\",\"pp\":13,\"maxpp\":16,\"target\":\"allAdjacentFoes\",\"disabled\":false}],\"canTerastallize\":\"Rock\"}],\"side\":{\"name\":\"p0y0722144\",\"id\":\"p2\",\"pokemon\":[{\"ident\":\"p2: Rampardos\",\"details\":\"Rampardos, L90, F\",\"condition\":\"213/321\",\"active\":true,\"stats\":{\"atk\":348,\"def\":159,\"spa\":168,\"spd\":141,\"spe\":156},\"moves\":[\"firepunch\",\"headsmash\",\"earthquake\",\"rockslide\"],\"baseAbility\":\"sheerforce\",\"item\":\"choicescarf\",\"pokeball\":\"pokeball\",\"ability\":\"sheerforce\",\"commanding\":false,\"reviving\":false,\"teraType\":\"Rock\",\"terastallized\":\"\"},{\"ident\":\"p2: Venusaur\",\"details\":\"Venusaur, L84, M\",\"condition\":\"87/272\",\"active\":false,\"stats\":{\"atk\":142,\"def\":188,\"spa\":216,\"spd\":216,\"spe\":183},\"moves\":[\"synthesis\",\"earthpower\",\"sludgebomb\",\"sleeppowder\"],\"baseAbility\":\"chlorophyll\",\"item\":\"\",\"pokeball\":\"pokeball\",\"ability\":\"chlorophyll\",\"commanding\":false,\"reviving\":false,\"teraType\":\"Steel\",\"terastallized\":\"\"},{\"ident\":\"p2: Dudunsparce\",\"details\":\"Dudunsparce-Three-Segment, L83, M\",\"condition\":\"343/343\",\"active\":false,\"stats\":{\"atk\":214,\"def\":180,\"spa\":189,\"spd\":172,\"spe\":139},\"moves\":[\"toxic\",\"boomburst\",\"earthquake\",\"roost\"],\"baseAbility\":\"rattled\",\"item\":\"leftovers\",\"pokeball\":\"pokeball\",\"ability\":\"rattled\",\"commanding\":false,\"reviving\":false,\"teraType\":\"Ground\",\"terastallized\":\"\"},{\"ident\":\"p2: Jirachi\",\"details\":\"Jirachi, L80\",\"condition\":\"291/291\",\"active\":false,\"stats\":{\"atk\":206,\"def\":206,\"spa\":206,\"spd\":206,\"spe\":206},\"moves\":[\"bodyslam\",\"wish\",\"ironhead\",\"protect\"],\"baseAbility\":\"serenegrace\",\"item\":\"leftovers\",\"pokeball\":\"pokeball\",\"ability\":\"serenegrace\",\"commanding\":false,\"reviving\":false,\"teraType\":\"Water\",\"terastallized\":\"\"},{\"ident\":\"p2: Weezing\",\"details\":\"Weezing, L88, F\",\"condition\":\"258/258\",\"active\":false,\"stats\":{\"atk\":163,\"def\":261,\"spa\":200,\"spd\":173,\"spe\":156},\"moves\":[\"fireblast\",\"painsplit\",\"sludgebomb\",\"willowisp\"],\"baseAbility\":\"levitate\",\"item\":\"leftovers\",\"pokeball\":\"pokeball\",\"ability\":\"levitate\",\"commanding\":false,\"reviving\":false,\"teraType\":\"Steel\",\"terastallized\":\"\"},{\"ident\":\"p2: Chesnaught\",\"details\":\"Chesnaught, L84, M\",\"condition\":\"285/285\",\"active\":false,\"stats\":{\"atk\":228,\"def\":253,\"spa\":173,\"spd\":174,\"spe\":156},\"moves\":[\"knockoff\",\"bodypress\",\"woodhammer\",\"synthesis\"],\"baseAbility\":\"bulletproof\",\"item\":\"rockyhelmet\",\"pokeball\":\"pokeball\",\"ability\":\"bulletproof\",\"commanding\":false,\"reviving\":false,\"teraType\":\"Steel\",\"terastallized\":\"\"}]},\"rqid\":37}\n|inactive|Time left: 300 sec this turn | 300 sec total\n|\n|t:|1783392058\n|switch|p1a: Iron Treads|Iron Treads, L77|25/100\n|move|p2a: Rampardos|Rock Slide|p1a: Iron Treads|[miss]\n|-miss|p2a: Rampardos|p1a: Iron Treads\n|\n|upkeep\n|turn|19\n|request|{\"active\":[{\"moves\":[{\"move\":\"Fire Punch\",\"id\":\"firepunch\",\"pp\":24,\"maxpp\":24,\"target\":\"normal\",\"disabled\":true},{\"move\":\"Head Smash\",\"id\":\"headsmash\",\"pp\":8,\"maxpp\":8,\"target\":\"normal\",\"disabled\":true},{\"move\":\"Earthquake\",\"id\":\"earthquake\",\"pp\":16,\"maxpp\":16,\"target\":\"allAdjacent\",\"disabled\":true},{\"move\":\"Rock Slide\",\"id\":\"rockslide\",\"pp\":12,\"maxpp\":16,\"target\":\"allAdjacentFoes\",\"disabled\":false}],\"canTerastallize\":\"Rock\"}],\"side\":{\"name\":\"p0y0722144\",\"id\":\"p2\",\"pokemon\":[{\"ident\":\"p2: Rampardos\",\"details\":\"Rampardos, L90, F\",\"condition\":\"213/321\",\"active\":true,\"stats\":{\"atk\":348,\"def\":159,\"spa\":168,\"spd\":141,\"spe\":156},\"moves\":[\"firepunch\",\"headsmash\",\"earthquake\",\"rockslide\"],\"baseAbility\":\"sheerforce\",\"item\":\"choicescarf\",\"pokeball\":\"pokeball\",\"ability\":\"sheerforce\",\"commanding\":false,\"reviving\":false,\"teraType\":\"Rock\",\"terastallized\":\"\"},{\"ident\":\"p2: Venusaur\",\"details\":\"Venusaur, L84, M\",\"condition\":\"87/272\",\"active\":false,\"stats\":{\"atk\":142,\"def\":188,\"spa\":216,\"spd\":216,\"spe\":183},\"moves\":[\"synthesis\",\"earthpower\",\"sludgebomb\",\"sleeppowder\"],\"baseAbility\":\"chlorophyll\",\"item\":\"\",\"pokeball\":\"pokeball\",\"ability\":\"chlorophyll\",\"commanding\":false,\"reviving\":false,\"teraType\":\"Steel\",\"terastallized\":\"\"},{\"ident\":\"p2: Dudunsparce\",\"details\":\"Dudunsparce-Three-Segment, L83, M\",\"condition\":\"343/343\",\"active\":false,\"stats\":{\"atk\":214,\"def\":180,\"spa\":189,\"spd\":172,\"spe\":139},\"moves\":[\"toxic\",\"boomburst\",\"earthquake\",\"roost\"],\"baseAbility\":\"rattled\",\"item\":\"leftovers\",\"pokeball\":\"pokeball\",\"ability\":\"rattled\",\"commanding\":false,\"reviving\":false,\"teraType\":\"Ground\",\"terastallized\":\"\"},{\"ident\":\"p2: Jirachi\",\"details\":\"Jirachi, L80\",\"condition\":\"291/291\",\"active\":false,\"stats\":{\"atk\":206,\"def\":206,\"spa\":206,\"spd\":206,\"spe\":206},\"moves\":[\"bodyslam\",\"wish\",\"ironhead\",\"protect\"],\"baseAbility\":\"serenegrace\",\"item\":\"leftovers\",\"pokeball\":\"pokeball\",\"ability\":\"serenegrace\",\"commanding\":false,\"reviving\":false,\"teraType\":\"Water\",\"terastallized\":\"\"},{\"ident\":\"p2: Weezing\",\"details\":\"Weezing, L88, F\",\"condition\":\"258/258\",\"active\":false,\"stats\":{\"atk\":163,\"def\":261,\"spa\":200,\"spd\":173,\"spe\":156},\"moves\":[\"fireblast\",\"painsplit\",\"sludgebomb\",\"willowisp\"],\"baseAbility\":\"levitate\",\"item\":\"leftovers\",\"pokeball\":\"pokeball\",\"ability\":\"levitate\",\"commanding\":false,\"reviving\":false,\"teraType\":\"Steel\",\"terastallized\":\"\"},{\"ident\":\"p2: Chesnaught\",\"details\":\"Chesnaught, L84, M\",\"condition\":\"285/285\",\"active\":false,\"stats\":{\"atk\":228,\"def\":253,\"spa\":173,\"spd\":174,\"spe\":156},\"moves\":[\"knockoff\",\"bodypress\",\"woodhammer\",\"synthesis\"],\"baseAbility\":\"bulletproof\",\"item\":\"rockyhelmet\",\"pokeball\":\"pokeball\",\"ability\":\"bulletproof\",\"commanding\":false,\"reviving\":false,\"teraType\":\"Steel\",\"terastallized\":\"\"}]},\"rqid\":39}\n|inactive|Time left: 300 sec this turn | 300 sec total\n|\n|t:|1783392058\n|switch|p2a: Chesnaught|Chesnaught, L84, M|285/285\n|move|p1a: Iron Treads|Earthquake|p2a: Chesnaught\n|-resisted|p2a: Chesnaught\n|-damage|p2a: Chesnaught|248/285\n|\n|upkeep\n|turn|20\n|request|{\"active\":[{\"moves\":[{\"move\":\"Knock Off\",\"id\":\"knockoff\",\"pp\":31,\"maxpp\":32,\"target\":\"normal\",\"disabled\":false},{\"move\":\"Body Press\",\"id\":\"bodypress\",\"pp\":16,\"maxpp\":16,\"target\":\"normal\",\"disabled\":false},{\"move\":\"Wood Hammer\",\"id\":\"woodhammer\",\"pp\":23,\"maxpp\":24,\"target\":\"normal\",\"disabled\":false},{\"move\":\"Synthesis\",\"id\":\"synthesis\",\"pp\":6,\"maxpp\":8,\"target\":\"self\",\"disabled\":false}],\"canTerastallize\":\"Steel\"}],\"side\":{\"name\":\"p0y0722144\",\"id\":\"p2\",\"pokemon\":[{\"ident\":\"p2: Chesnaught\",\"details\":\"Chesnaught, L84, M\",\"condition\":\"248/285\",\"active\":true,\"stats\":{\"atk\":228,\"def\":253,\"spa\":173,\"spd\":174,\"spe\":156},\"moves\":[\"knockoff\",\"bodypress\",\"woodhammer\",\"synthesis\"],\"baseAbility\":\"bulletproof\",\"item\":\"rockyhelmet\",\"pokeball\":\"pokeball\",\"ability\":\"bulletproof\",\"commanding\":false,\"reviving\":false,\"teraType\":\"Steel\",\"terastallized\":\"\"},{\"ident\":\"p2: Venusaur\",\"details\":\"Venusaur, L84, M\",\"condition\":\"87/272\",\"active\":false,\"stats\":{\"atk\":142,\"def\":188,\"spa\":216,\"spd\":216,\"spe\":183},\"moves\":[\"synthesis\",\"earthpower\",\"sludgebomb\",\"sleeppowder\"],\"baseAbility\":\"chlorophyll\",\"item\":\"\",\"pokeball\":\"pokeball\",\"ability\":\"chlorophyll\",\"commanding\":false,\"reviving\":false,\"teraType\":\"Steel\",\"terastallized\":\"\"},{\"ident\":\"p2: Dudunsparce\",\"details\":\"Dudunsparce-Three-Segment, L83, M\",\"condition\":\"343/343\",\"active\":false,\"stats\":{\"atk\":214,\"def\":180,\"spa\":189,\"spd\":172,\"spe\":139},\"moves\":[\"toxic\",\"boomburst\",\"earthquake\",\"roost\"],\"baseAbility\":\"rattled\",\"item\":\"leftovers\",\"pokeball\":\"pokeball\",\"ability\":\"rattled\",\"commanding\":false,\"reviving\":false,\"teraType\":\"Ground\",\"terastallized\":\"\"},{\"ident\":\"p2: Jirachi\",\"details\":\"Jirachi, L80\",\"condition\":\"291/291\",\"active\":false,\"stats\":{\"atk\":206,\"def\":206,\"spa\":206,\"spd\":206,\"spe\":206},\"moves\":[\"bodyslam\",\"wish\",\"ironhead\",\"protect\"],\"baseAbility\":\"serenegrace\",\"item\":\"leftovers\",\"pokeball\":\"pokeball\",\"ability\":\"serenegrace\",\"commanding\":false,\"reviving\":false,\"teraType\":\"Water\",\"terastallized\":\"\"},{\"ident\":\"p2: Weezing\",\"details\":\"Weezing, L88, F\",\"condition\":\"258/258\",\"active\":false,\"stats\":{\"atk\":163,\"def\":261,\"spa\":200,\"spd\":173,\"spe\":156},\"moves\":[\"fireblast\",\"painsplit\",\"sludgebomb\",\"willowisp\"],\"baseAbility\":\"levitate\",\"item\":\"leftovers\",\"pokeball\":\"pokeball\",\"ability\":\"levitate\",\"commanding\":false,\"reviving\":false,\"teraType\":\"Steel\",\"terastallized\":\"\"},{\"ident\":\"p2: Rampardos\",\"details\":\"Rampardos, L90, F\",\"condition\":\"213/321\",\"active\":false,\"stats\":{\"atk\":348,\"def\":159,\"spa\":168,\"spd\":141,\"spe\":156},\"moves\":[\"firepunch\",\"headsmash\",\"earthquake\",\"rockslide\"],\"baseAbility\":\"sheerforce\",\"item\":\"choicescarf\",\"pokeball\":\"pokeball\",\"ability\":\"sheerforce\",\"commanding\":false,\"reviving\":false,\"teraType\":\"Rock\",\"terastallized\":\"\"}]},\"rqid\":41}\n|inactive|Time left: 300 sec this turn | 300 sec total\n|\n|t:|1783392059\n|-end|p1a: Iron Treads|Quark Drive|[silent]\n|switch|p1a: Drifblim|Drifblim, L86, F|100/100\n|move|p2a: Chesnaught|Knock Off|p1a: Drifblim\n|-supereffective|p1a: Drifblim\n|-damage|p1a: Drifblim|61/100\n|\n|upkeep\n|turn|21\n|request|{\"active\":[{\"moves\":[{\"move\":\"Knock Off\",\"id\":\"knockoff\",\"pp\":30,\"maxpp\":32,\"target\":\"normal\",\"disabled\":false},{\"move\":\"Body Press\",\"id\":\"bodypress\",\"pp\":16,\"maxpp\":16,\"target\":\"normal\",\"disabled\":false},{\"move\":\"Wood Hammer\",\"id\":\"woodhammer\",\"pp\":23,\"maxpp\":24,\"target\":\"normal\",\"disabled\":false},{\"move\":\"Synthesis\",\"id\":\"synthesis\",\"pp\":6,\"maxpp\":8,\"target\":\"self\",\"disabled\":false}],\"canTerastallize\":\"Steel\"}],\"side\":{\"name\":\"p0y0722144\",\"id\":\"p2\",\"pokemon\":[{\"ident\":\"p2: Chesnaught\",\"details\":\"Chesnaught, L84, M\",\"condition\":\"248/285\",\"active\":true,\"stats\":{\"atk\":228,\"def\":253,\"spa\":173,\"spd\":174,\"spe\":156},\"moves\":[\"knockoff\",\"bodypress\",\"woodhammer\",\"synthesis\"],\"baseAbility\":\"bulletproof\",\"item\":\"rockyhelmet\",\"pokeball\":\"pokeball\",\"ability\":\"bulletproof\",\"commanding\":false,\"reviving\":false,\"teraType\":\"Steel\",\"terastallized\":\"\"},{\"ident\":\"p2: Venusaur\",\"details\":\"Venusaur, L84, M\",\"condition\":\"87/272\",\"active\":false,\"stats\":{\"atk\":142,\"def\":188,\"spa\":216,\"spd\":216,\"spe\":183},\"moves\":[\"synthesis\",\"earthpower\",\"sludgebomb\",\"sleeppowder\"],\"baseAbility\":\"chlorophyll\",\"item\":\"\",\"pokeball\":\"pokeball\",\"ability\":\"chlorophyll\",\"commanding\":false,\"reviving\":false,\"teraType\":\"Steel\",\"terastallized\":\"\"},{\"ident\":\"p2: Dudunsparce\",\"details\":\"Dudunsparce-Three-Segment, L83, M\",\"condition\":\"343/343\",\"active\":false,\"stats\":{\"atk\":214,\"def\":180,\"spa\":189,\"spd\":172,\"spe\":139},\"moves\":[\"toxic\",\"boomburst\",\"earthquake\",\"roost\"],\"baseAbility\":\"rattled\",\"item\":\"leftovers\",\"pokeball\":\"pokeball\",\"ability\":\"rattled\",\"commanding\":false,\"reviving\":false,\"teraType\":\"Ground\",\"terastallized\":\"\"},{\"ident\":\"p2: Jirachi\",\"details\":\"Jirachi, L80\",\"condition\":\"291/291\",\"active\":false,\"stats\":{\"atk\":206,\"def\":206,\"spa\":206,\"spd\":206,\"spe\":206},\"moves\":[\"bodyslam\",\"wish\",\"ironhead\",\"protect\"],\"baseAbility\":\"serenegrace\",\"item\":\"leftovers\",\"pokeball\":\"pokeball\",\"ability\":\"serenegrace\",\"commanding\":false,\"reviving\":false,\"teraType\":\"Water\",\"terastallized\":\"\"},{\"ident\":\"p2: Weezing\",\"details\":\"Weezing, L88, F\",\"condition\":\"258/258\",\"active\":false,\"stats\":{\"atk\":163,\"def\":261,\"spa\":200,\"spd\":173,\"spe\":156},\"moves\":[\"fireblast\",\"painsplit\",\"sludgebomb\",\"willowisp\"],\"baseAbility\":\"levitate\",\"item\":\"leftovers\",\"pokeball\":\"pokeball\",\"ability\":\"levitate\",\"commanding\":false,\"reviving\":false,\"teraType\":\"Steel\",\"terastallized\":\"\"},{\"ident\":\"p2: Rampardos\",\"details\":\"Rampardos, L90, F\",\"condition\":\"213/321\",\"active\":false,\"stats\":{\"atk\":348,\"def\":159,\"spa\":168,\"spd\":141,\"spe\":156},\"moves\":[\"firepunch\",\"headsmash\",\"earthquake\",\"rockslide\"],\"baseAbility\":\"sheerforce\",\"item\":\"choicescarf\",\"pokeball\":\"pokeball\",\"ability\":\"sheerforce\",\"commanding\":false,\"reviving\":false,\"teraType\":\"Rock\",\"terastallized\":\"\"}]},\"rqid\":43}\n|inactive|Time left: 300 sec this turn | 300 sec total\n|\n|t:|1783392059\n|switch|p2a: Rampardos|Rampardos, L90, F|213/321\n|move|p1a: Drifblim|Strength Sap|p2a: Rampardos\n|-unboost|p2a: Rampardos|atk|1\n|-heal|p1a: Drifblim|100/100\n|\n|upkeep\n|turn|22\n|request|{\"active\":[{\"moves\":[{\"move\":\"Fire Punch\",\"id\":\"firepunch\",\"pp\":24,\"maxpp\":24,\"target\":\"normal\",\"disabled\":false},{\"move\":\"Head Smash\",\"id\":\"headsmash\",\"pp\":8,\"maxpp\":8,\"target\":\"normal\",\"disabled\":false},{\"move\":\"Earthquake\",\"id\":\"earthquake\",\"pp\":16,\"maxpp\":16,\"target\":\"allAdjacent\",\"disabled\":false},{\"move\":\"Rock Slide\",\"id\":\"rockslide\",\"pp\":12,\"maxpp\":16,\"target\":\"allAdjacentFoes\",\"disabled\":false}],\"canTerastallize\":\"Rock\"}],\"side\":{\"name\":\"p0y0722144\",\"id\":\"p2\",\"pokemon\":[{\"ident\":\"p2: Rampardos\",\"details\":\"Rampardos, L90, F\",\"condition\":\"213/321\",\"active\":true,\"stats\":{\"atk\":348,\"def\":159,\"spa\":168,\"spd\":141,\"spe\":156},\"moves\":[\"firepunch\",\"headsmash\",\"earthquake\",\"rockslide\"],\"baseAbility\":\"sheerforce\",\"item\":\"choicescarf\",\"pokeball\":\"pokeball\",\"ability\":\"sheerforce\",\"commanding\":false,\"reviving\":false,\"teraType\":\"Rock\",\"terastallized\":\"\"},{\"ident\":\"p2: Venusaur\",\"details\":\"Venusaur, L84, M\",\"condition\":\"87/272\",\"active\":false,\"stats\":{\"atk\":142,\"def\":188,\"spa\":216,\"spd\":216,\"spe\":183},\"moves\":[\"synthesis\",\"earthpower\",\"sludgebomb\",\"sleeppowder\"],\"baseAbility\":\"chlorophyll\",\"item\":\"\",\"pokeball\":\"pokeball\",\"ability\":\"chlorophyll\",\"commanding\":false,\"reviving\":false,\"teraType\":\"Steel\",\"terastallized\":\"\"},{\"ident\":\"p2: Dudunsparce\",\"details\":\"Dudunsparce-Three-Segment, L83, M\",\"condition\":\"343/343\",\"active\":false,\"stats\":{\"atk\":214,\"def\":180,\"spa\":189,\"spd\":172,\"spe\":139},\"moves\":[\"toxic\",\"boomburst\",\"earthquake\",\"roost\"],\"baseAbility\":\"rattled\",\"item\":\"leftovers\",\"pokeball\":\"pokeball\",\"ability\":\"rattled\",\"commanding\":false,\"reviving\":false,\"teraType\":\"Ground\",\"terastallized\":\"\"},{\"ident\":\"p2: Jirachi\",\"details\":\"Jirachi, L80\",\"condition\":\"291/291\",\"active\":false,\"stats\":{\"atk\":206,\"def\":206,\"spa\":206,\"spd\":206,\"spe\":206},\"moves\":[\"bodyslam\",\"wish\",\"ironhead\",\"protect\"],\"baseAbility\":\"serenegrace\",\"item\":\"leftovers\",\"pokeball\":\"pokeball\",\"ability\":\"serenegrace\",\"commanding\":false,\"reviving\":false,\"teraType\":\"Water\",\"terastallized\":\"\"},{\"ident\":\"p2: Weezing\",\"details\":\"Weezing, L88, F\",\"condition\":\"258/258\",\"active\":false,\"stats\":{\"atk\":163,\"def\":261,\"spa\":200,\"spd\":173,\"spe\":156},\"moves\":[\"fireblast\",\"painsplit\",\"sludgebomb\",\"willowisp\"],\"baseAbility\":\"levitate\",\"item\":\"leftovers\",\"pokeball\":\"pokeball\",\"ability\":\"levitate\",\"commanding\":false,\"reviving\":false,\"teraType\":\"Steel\",\"terastallized\":\"\"},{\"ident\":\"p2: Chesnaught\",\"details\":\"Chesnaught, L84, M\",\"condition\":\"248/285\",\"active\":false,\"stats\":{\"atk\":228,\"def\":253,\"spa\":173,\"spd\":174,\"spe\":156},\"moves\":[\"knockoff\",\"bodypress\",\"woodhammer\",\"synthesis\"],\"baseAbility\":\"bulletproof\",\"item\":\"rockyhelmet\",\"pokeball\":\"pokeball\",\"ability\":\"bulletproof\",\"commanding\":false,\"reviving\":false,\"teraType\":\"Steel\",\"terastallized\":\"\"}]},\"rqid\":45}\n|inactive|Time left: 300 sec this turn | 300 sec total\n|\n|t:|1783392059\n|switch|p1a: Iron Treads|Iron Treads, L77|25/100\n|move|p2a: Rampardos|Rock Slide|p1a: Iron Treads\n|-resisted|p1a: Iron Treads\n|-damage|p1a: Iron Treads|15/100\n|\n|upkeep\n|turn|23\n|request|{\"active\":[{\"moves\":[{\"move\":\"Fire Punch\",\"id\":\"firepunch\",\"pp\":24,\"maxpp\":24,\"target\":\"normal\",\"disabled\":true},{\"move\":\"Head Smash\",\"id\":\"headsmash\",\"pp\":8,\"maxpp\":8,\"target\":\"normal\",\"disabled\":true},{\"move\":\"Earthquake\",\"id\":\"earthquake\",\"pp\":16,\"maxpp\":16,\"target\":\"allAdjacent\",\"disabled\":true},{\"move\":\"Rock Slide\",\"id\":\"rockslide\",\"pp\":11,\"maxpp\":16,\"target\":\"allAdjacentFoes\",\"disabled\":false}],\"canTerastallize\":\"Rock\"}],\"side\":{\"name\":\"p0y0722144\",\"id\":\"p2\",\"pokemon\":[{\"ident\":\"p2: Rampardos\",\"details\":\"Rampardos, L90, F\",\"condition\":\"213/321\",\"active\":true,\"stats\":{\"atk\":348,\"def\":159,\"spa\":168,\"spd\":141,\"spe\":156},\"moves\":[\"firepunch\",\"headsmash\",\"earthquake\",\"rockslide\"],\"baseAbility\":\"sheerforce\",\"item\":\"choicescarf\",\"pokeball\":\"pokeball\",\"ability\":\"sheerforce\",\"commanding\":false,\"reviving\":false,\"teraType\":\"Rock\",\"terastallized\":\"\"},{\"ident\":\"p2: Venusaur\",\"details\":\"Venusaur, L84, M\",\"condition\":\"87/272\",\"active\":false,\"stats\":{\"atk\":142,\"def\":188,\"spa\":216,\"spd\":216,\"spe\":183},\"moves\":[\"synthesis\",\"earthpower\",\"sludgebomb\",\"sleeppowder\"],\"baseAbility\":\"chlorophyll\",\"item\":\"\",\"pokeball\":\"pokeball\",\"ability\":\"chlorophyll\",\"commanding\":false,\"reviving\":false,\"teraType\":\"Steel\",\"terastallized\":\"\"},{\"ident\":\"p2: Dudunsparce\",\"details\":\"Dudunsparce-Three-Segment, L83, M\",\"condition\":\"343/343\",\"active\":false,\"stats\":{\"atk\":214,\"def\":180,\"spa\":189,\"spd\":172,\"spe\":139},\"moves\":[\"toxic\",\"boomburst\",\"earthquake\",\"roost\"],\"baseAbility\":\"rattled\",\"item\":\"leftovers\",\"pokeball\":\"pokeball\",\"ability\":\"rattled\",\"commanding\":false,\"reviving\":false,\"teraType\":\"Ground\",\"terastallized\":\"\"},{\"ident\":\"p2: Jirachi\",\"details\":\"Jirachi, L80\",\"condition\":\"291/291\",\"active\":false,\"stats\":{\"atk\":206,\"def\":206,\"spa\":206,\"spd\":206,\"spe\":206},\"moves\":[\"bodyslam\",\"wish\",\"ironhead\",\"protect\"],\"baseAbility\":\"serenegrace\",\"item\":\"leftovers\",\"pokeball\":\"pokeball\",\"ability\":\"serenegrace\",\"commanding\":false,\"reviving\":false,\"teraType\":\"Water\",\"terastallized\":\"\"},{\"ident\":\"p2: Weezing\",\"details\":\"Weezing, L88, F\",\"condition\":\"258/258\",\"active\":false,\"stats\":{\"atk\":163,\"def\":261,\"spa\":200,\"spd\":173,\"spe\":156},\"moves\":[\"fireblast\",\"painsplit\",\"sludgebomb\",\"willowisp\"],\"baseAbility\":\"levitate\",\"item\":\"leftovers\",\"pokeball\":\"pokeball\",\"ability\":\"levitate\",\"commanding\":false,\"reviving\":false,\"teraType\":\"Steel\",\"terastallized\":\"\"},{\"ident\":\"p2: Chesnaught\",\"details\":\"Chesnaught, L84, M\",\"condition\":\"248/285\",\"active\":false,\"stats\":{\"atk\":228,\"def\":253,\"spa\":173,\"spd\":174,\"spe\":156},\"moves\":[\"knockoff\",\"bodypress\",\"woodhammer\",\"synthesis\"],\"baseAbility\":\"bulletproof\",\"item\":\"rockyhelmet\",\"pokeball\":\"pokeball\",\"ability\":\"bulletproof\",\"commanding\":false,\"reviving\":false,\"teraType\":\"Steel\",\"terastallized\":\"\"}]},\"rqid\":47}\n|inactive|Time left: 300 sec this turn | 300 sec total\n|\n|t:|1783392059\n|switch|p2a: Chesnaught|Chesnaught, L84, M|248/285\n|move|p1a: Iron Treads|Earthquake|p2a: Chesnaught\n|-resisted|p2a: Chesnaught\n|-damage|p2a: Chesnaught|212/285\n|\n|upkeep\n|turn|24\n|request|{\"active\":[{\"moves\":[{\"move\":\"Knock Off\",\"id\":\"knockoff\",\"pp\":30,\"maxpp\":32,\"target\":\"normal\",\"disabled\":false},{\"move\":\"Body Press\",\"id\":\"bodypress\",\"pp\":16,\"maxpp\":16,\"target\":\"normal\",\"disabled\":false},{\"move\":\"Wood Hammer\",\"id\":\"woodhammer\",\"pp\":23,\"maxpp\":24,\"target\":\"normal\",\"disabled\":false},{\"move\":\"Synthesis\",\"id\":\"synthesis\",\"pp\":6,\"maxpp\":8,\"target\":\"self\",\"disabled\":false}],\"canTerastallize\":\"Steel\"}],\"side\":{\"name\":\"p0y0722144\",\"id\":\"p2\",\"pokemon\":[{\"ident\":\"p2: Chesnaught\",\"details\":\"Chesnaught, L84, M\",\"condition\":\"212/285\",\"active\":true,\"stats\":{\"atk\":228,\"def\":253,\"spa\":173,\"spd\":174,\"spe\":156},\"moves\":[\"knockoff\",\"bodypress\",\"woodhammer\",\"synthesis\"],\"baseAbility\":\"bulletproof\",\"item\":\"rockyhelmet\",\"pokeball\":\"pokeball\",\"ability\":\"bulletproof\",\"commanding\":false,\"reviving\":false,\"teraType\":\"Steel\",\"terastallized\":\"\"},{\"ident\":\"p2: Venusaur\",\"details\":\"Venusaur, L84, M\",\"condition\":\"87/272\",\"active\":false,\"stats\":{\"atk\":142,\"def\":188,\"spa\":216,\"spd\":216,\"spe\":183},\"moves\":[\"synthesis\",\"earthpower\",\"sludgebomb\",\"sleeppowder\"],\"baseAbility\":\"chlorophyll\",\"item\":\"\",\"pokeball\":\"pokeball\",\"ability\":\"chlorophyll\",\"commanding\":false,\"reviving\":false,\"teraType\":\"Steel\",\"terastallized\":\"\"},{\"ident\":\"p2: Dudunsparce\",\"details\":\"Dudunsparce-Three-Segment, L83, M\",\"condition\":\"343/343\",\"active\":false,\"stats\":{\"atk\":214,\"def\":180,\"spa\":189,\"spd\":172,\"spe\":139},\"moves\":[\"toxic\",\"boomburst\",\"earthquake\",\"roost\"],\"baseAbility\":\"rattled\",\"item\":\"leftovers\",\"pokeball\":\"pokeball\",\"ability\":\"rattled\",\"commanding\":false,\"reviving\":false,\"teraType\":\"Ground\",\"terastallized\":\"\"},{\"ident\":\"p2: Jirachi\",\"details\":\"Jirachi, L80\",\"condition\":\"291/291\",\"active\":false,\"stats\":{\"atk\":206,\"def\":206,\"spa\":206,\"spd\":206,\"spe\":206},\"moves\":[\"bodyslam\",\"wish\",\"ironhead\",\"protect\"],\"baseAbility\":\"serenegrace\",\"item\":\"leftovers\",\"pokeball\":\"pokeball\",\"ability\":\"serenegrace\",\"commanding\":false,\"reviving\":false,\"teraType\":\"Water\",\"terastallized\":\"\"},{\"ident\":\"p2: Weezing\",\"details\":\"Weezing, L88, F\",\"condition\":\"258/258\",\"active\":false,\"stats\":{\"atk\":163,\"def\":261,\"spa\":200,\"spd\":173,\"spe\":156},\"moves\":[\"fireblast\",\"painsplit\",\"sludgebomb\",\"willowisp\"],\"baseAbility\":\"levitate\",\"item\":\"leftovers\",\"pokeball\":\"pokeball\",\"ability\":\"levitate\",\"commanding\":false,\"reviving\":false,\"teraType\":\"Steel\",\"terastallized\":\"\"},{\"ident\":\"p2: Rampardos\",\"details\":\"Rampardos, L90, F\",\"condition\":\"213/321\",\"active\":false,\"stats\":{\"atk\":348,\"def\":159,\"spa\":168,\"spd\":141,\"spe\":156},\"moves\":[\"firepunch\",\"headsmash\",\"earthquake\",\"rockslide\"],\"baseAbility\":\"sheerforce\",\"item\":\"choicescarf\",\"pokeball\":\"pokeball\",\"ability\":\"sheerforce\",\"commanding\":false,\"reviving\":false,\"teraType\":\"Rock\",\"terastallized\":\"\"}]},\"rqid\":49}\n|inactive|Time left: 300 sec this turn | 300 sec total\n|\n|t:|1783392060\n|-end|p1a: Iron Treads|Quark Drive|[silent]\n|switch|p1a: Drifblim|Drifblim, L86, F|100/100\n|move|p2a: Chesnaught|Knock Off|p1a: Drifblim\n|-supereffective|p1a: Drifblim\n|-damage|p1a: Drifblim|62/100\n|\n|upkeep\n|turn|25\n|request|{\"active\":[{\"moves\":[{\"move\":\"Knock Off\",\"id\":\"knockoff\",\"pp\":29,\"maxpp\":32,\"target\":\"normal\",\"disabled\":false},{\"move\":\"Body Press\",\"id\":\"bodypress\",\"pp\":16,\"maxpp\":16,\"target\":\"normal\",\"disabled\":false},{\"move\":\"Wood Hammer\",\"id\":\"woodhammer\",\"pp\":23,\"maxpp\":24,\"target\":\"normal\",\"disabled\":false},{\"move\":\"Synthesis\",\"id\":\"synthesis\",\"pp\":6,\"maxpp\":8,\"target\":\"self\",\"disabled\":false}],\"canTerastallize\":\"Steel\"}],\"side\":{\"name\":\"p0y0722144\",\"id\":\"p2\",\"pokemon\":[{\"ident\":\"p2: Chesnaught\",\"details\":\"Chesnaught, L84, M\",\"condition\":\"212/285\",\"active\":true,\"stats\":{\"atk\":228,\"def\":253,\"spa\":173,\"spd\":174,\"spe\":156},\"moves\":[\"knockoff\",\"bodypress\",\"woodhammer\",\"synthesis\"],\"baseAbility\":\"bulletproof\",\"item\":\"rockyhelmet\",\"pokeball\":\"pokeball\",\"ability\":\"bulletproof\",\"commanding\":false,\"reviving\":false,\"teraType\":\"Steel\",\"terastallized\":\"\"},{\"ident\":\"p2: Venusaur\",\"details\":\"Venusaur, L84, M\",\"condition\":\"87/272\",\"active\":false,\"stats\":{\"atk\":142,\"def\":188,\"spa\":216,\"spd\":216,\"spe\":183},\"moves\":[\"synthesis\",\"earthpower\",\"sludgebomb\",\"sleeppowder\"],\"baseAbility\":\"chlorophyll\",\"item\":\"\",\"pokeball\":\"pokeball\",\"ability\":\"chlorophyll\",\"commanding\":false,\"reviving\":false,\"teraType\":\"Steel\",\"terastallized\":\"\"},{\"ident\":\"p2: Dudunsparce\",\"details\":\"Dudunsparce-Three-Segment, L83, M\",\"condition\":\"343/343\",\"active\":false,\"stats\":{\"atk\":214,\"def\":180,\"spa\":189,\"spd\":172,\"spe\":139},\"moves\":[\"toxic\",\"boomburst\",\"earthquake\",\"roost\"],\"baseAbility\":\"rattled\",\"item\":\"leftovers\",\"pokeball\":\"pokeball\",\"ability\":\"rattled\",\"commanding\":false,\"reviving\":false,\"teraType\":\"Ground\",\"terastallized\":\"\"},{\"ident\":\"p2: Jirachi\",\"details\":\"Jirachi, L80\",\"condition\":\"291/291\",\"active\":false,\"stats\":{\"atk\":206,\"def\":206,\"spa\":206,\"spd\":206,\"spe\":206},\"moves\":[\"bodyslam\",\"wish\",\"ironhead\",\"protect\"],\"baseAbility\":\"serenegrace\",\"item\":\"leftovers\",\"pokeball\":\"pokeball\",\"ability\":\"serenegrace\",\"commanding\":false,\"reviving\":false,\"teraType\":\"Water\",\"terastallized\":\"\"},{\"ident\":\"p2: Weezing\",\"details\":\"Weezing, L88, F\",\"condition\":\"258/258\",\"active\":false,\"stats\":{\"atk\":163,\"def\":261,\"spa\":200,\"spd\":173,\"spe\":156},\"moves\":[\"fireblast\",\"painsplit\",\"sludgebomb\",\"willowisp\"],\"baseAbility\":\"levitate\",\"item\":\"leftovers\",\"pokeball\":\"pokeball\",\"ability\":\"levitate\",\"commanding\":false,\"reviving\":false,\"teraType\":\"Steel\",\"terastallized\":\"\"},{\"ident\":\"p2: Rampardos\",\"details\":\"Rampardos, L90, F\",\"condition\":\"213/321\",\"active\":false,\"stats\":{\"atk\":348,\"def\":159,\"spa\":168,\"spd\":141,\"spe\":156},\"moves\":[\"firepunch\",\"headsmash\",\"earthquake\",\"rockslide\"],\"baseAbility\":\"sheerforce\",\"item\":\"choicescarf\",\"pokeball\":\"pokeball\",\"ability\":\"sheerforce\",\"commanding\":false,\"reviving\":false,\"teraType\":\"Rock\",\"terastallized\":\"\"}]},\"rqid\":51}\n|inactive|Time left: 300 sec this turn | 300 sec total\n|\n|t:|1783392060\n|switch|p2a: Rampardos|Rampardos, L90, F|213/321\n|move|p1a: Drifblim|Strength Sap|p2a: Rampardos\n|-unboost|p2a: Rampardos|atk|1\n|-heal|p1a: Drifblim|100/100\n|\n|upkeep\n|turn|26\n|request|{\"active\":[{\"moves\":[{\"move\":\"Fire Punch\",\"id\":\"firepunch\",\"pp\":24,\"maxpp\":24,\"target\":\"normal\",\"disabled\":false},{\"move\":\"Head Smash\",\"id\":\"headsmash\",\"pp\":8,\"maxpp\":8,\"target\":\"normal\",\"disabled\":false},{\"move\":\"Earthquake\",\"id\":\"earthquake\",\"pp\":16,\"maxpp\":16,\"target\":\"allAdjacent\",\"disabled\":false},{\"move\":\"Rock Slide\",\"id\":\"rockslide\",\"pp\":11,\"maxpp\":16,\"target\":\"allAdjacentFoes\",\"disabled\":false}],\"canTerastallize\":\"Rock\"}],\"side\":{\"name\":\"p0y0722144\",\"id\":\"p2\",\"pokemon\":[{\"ident\":\"p2: Rampardos\",\"details\":\"Rampardos, L90, F\",\"condition\":\"213/321\",\"active\":true,\"stats\":{\"atk\":348,\"def\":159,\"spa\":168,\"spd\":141,\"spe\":156},\"moves\":[\"firepunch\",\"headsmash\",\"earthquake\",\"rockslide\"],\"baseAbility\":\"sheerforce\",\"item\":\"choicescarf\",\"pokeball\":\"pokeball\",\"ability\":\"sheerforce\",\"commanding\":false,\"reviving\":false,\"teraType\":\"Rock\",\"terastallized\":\"\"},{\"ident\":\"p2: Venusaur\",\"details\":\"Venusaur, L84, M\",\"condition\":\"87/272\",\"active\":false,\"stats\":{\"atk\":142,\"def\":188,\"spa\":216,\"spd\":216,\"spe\":183},\"moves\":[\"synthesis\",\"earthpower\",\"sludgebomb\",\"sleeppowder\"],\"baseAbility\":\"chlorophyll\",\"item\":\"\",\"pokeball\":\"pokeball\",\"ability\":\"chlorophyll\",\"commanding\":false,\"reviving\":false,\"teraType\":\"Steel\",\"terastallized\":\"\"},{\"ident\":\"p2: Dudunsparce\",\"details\":\"Dudunsparce-Three-Segment, L83, M\",\"condition\":\"343/343\",\"active\":false,\"stats\":{\"atk\":214,\"def\":180,\"spa\":189,\"spd\":172,\"spe\":139},\"moves\":[\"toxic\",\"boomburst\",\"earthquake\",\"roost\"],\"baseAbility\":\"rattled\",\"item\":\"leftovers\",\"pokeball\":\"pokeball\",\"ability\":\"rattled\",\"commanding\":false,\"reviving\":false,\"teraType\":\"Ground\",\"terastallized\":\"\"},{\"ident\":\"p2: Jirachi\",\"details\":\"Jirachi, L80\",\"condition\":\"291/291\",\"active\":false,\"stats\":{\"atk\":206,\"def\":206,\"spa\":206,\"spd\":206,\"spe\":206},\"moves\":[\"bodyslam\",\"wish\",\"ironhead\",\"protect\"],\"baseAbility\":\"serenegrace\",\"item\":\"leftovers\",\"pokeball\":\"pokeball\",\"ability\":\"serenegrace\",\"commanding\":false,\"reviving\":false,\"teraType\":\"Water\",\"terastallized\":\"\"},{\"ident\":\"p2: Weezing\",\"details\":\"Weezing, L88, F\",\"condition\":\"258/258\",\"active\":false,\"stats\":{\"atk\":163,\"def\":261,\"spa\":200,\"spd\":173,\"spe\":156},\"moves\":[\"fireblast\",\"painsplit\",\"sludgebomb\",\"willowisp\"],\"baseAbility\":\"levitate\",\"item\":\"leftovers\",\"pokeball\":\"pokeball\",\"ability\":\"levitate\",\"commanding\":false,\"reviving\":false,\"teraType\":\"Steel\",\"terastallized\":\"\"},{\"ident\":\"p2: Chesnaught\",\"details\":\"Chesnaught, L84, M\",\"condition\":\"212/285\",\"active\":false,\"stats\":{\"atk\":228,\"def\":253,\"spa\":173,\"spd\":174,\"spe\":156},\"moves\":[\"knockoff\",\"bodypress\",\"woodhammer\",\"synthesis\"],\"baseAbility\":\"bulletproof\",\"item\":\"rockyhelmet\",\"pokeball\":\"pokeball\",\"ability\":\"bulletproof\",\"commanding\":false,\"reviving\":false,\"teraType\":\"Steel\",\"terastallized\":\"\"}]},\"rqid\":53}\n|inactive|Time left: 300 sec this turn | 300 sec total\n|\n|t:|1783392060\n|switch|p1a: Iron Treads|Iron Treads, L77|15/100\n|move|p2a: Rampardos|Rock Slide|p1a: Iron Treads\n|-resisted|p1a: Iron Treads\n|-damage|p1a: Iron Treads|5/100\n|\n|upkeep\n|turn|27\n|request|{\"active\":[{\"moves\":[{\"move\":\"Fire Punch\",\"id\":\"firepunch\",\"pp\":24,\"maxpp\":24,\"target\":\"normal\",\"disabled\":true},{\"move\":\"Head Smash\",\"id\":\"headsmash\",\"pp\":8,\"maxpp\":8,\"target\":\"normal\",\"disabled\":true},{\"move\":\"Earthquake\",\"id\":\"earthquake\",\"pp\":16,\"maxpp\":16,\"target\":\"allAdjacent\",\"disabled\":true},{\"move\":\"Rock Slide\",\"id\":\"rockslide\",\"pp\":10,\"maxpp\":16,\"target\":\"allAdjacentFoes\",\"disabled\":false}],\"canTerastallize\":\"Rock\"}],\"side\":{\"name\":\"p0y0722144\",\"id\":\"p2\",\"pokemon\":[{\"ident\":\"p2: Rampardos\",\"details\":\"Rampardos, L90, F\",\"condition\":\"213/321\",\"active\":true,\"stats\":{\"atk\":348,\"def\":159,\"spa\":168,\"spd\":141,\"spe\":156},\"moves\":[\"firepunch\",\"headsmash\",\"earthquake\",\"rockslide\"],\"baseAbility\":\"sheerforce\",\"item\":\"choicescarf\",\"pokeball\":\"pokeball\",\"ability\":\"sheerforce\",\"commanding\":false,\"reviving\":false,\"teraType\":\"Rock\",\"terastallized\":\"\"},{\"ident\":\"p2: Venusaur\",\"details\":\"Venusaur, L84, M\",\"condition\":\"87/272\",\"active\":false,\"stats\":{\"atk\":142,\"def\":188,\"spa\":216,\"spd\":216,\"spe\":183},\"moves\":[\"synthesis\",\"earthpower\",\"sludgebomb\",\"sleeppowder\"],\"baseAbility\":\"chlorophyll\",\"item\":\"\",\"pokeball\":\"pokeball\",\"ability\":\"chlorophyll\",\"commanding\":false,\"reviving\":false,\"teraType\":\"Steel\",\"terastallized\":\"\"},{\"ident\":\"p2: Dudunsparce\",\"details\":\"Dudunsparce-Three-Segment, L83, M\",\"condition\":\"343/343\",\"active\":false,\"stats\":{\"atk\":214,\"def\":180,\"spa\":189,\"spd\":172,\"spe\":139},\"moves\":[\"toxic\",\"boomburst\",\"earthquake\",\"roost\"],\"baseAbility\":\"rattled\",\"item\":\"leftovers\",\"pokeball\":\"pokeball\",\"ability\":\"rattled\",\"commanding\":false,\"reviving\":false,\"teraType\":\"Ground\",\"terastallized\":\"\"},{\"ident\":\"p2: Jirachi\",\"details\":\"Jirachi, L80\",\"condition\":\"291/291\",\"active\":false,\"stats\":{\"atk\":206,\"def\":206,\"spa\":206,\"spd\":206,\"spe\":206},\"moves\":[\"bodyslam\",\"wish\",\"ironhead\",\"protect\"],\"baseAbility\":\"serenegrace\",\"item\":\"leftovers\",\"pokeball\":\"pokeball\",\"ability\":\"serenegrace\",\"commanding\":false,\"reviving\":false,\"teraType\":\"Water\",\"terastallized\":\"\"},{\"ident\":\"p2: Weezing\",\"details\":\"Weezing, L88, F\",\"condition\":\"258/258\",\"active\":false,\"stats\":{\"atk\":163,\"def\":261,\"spa\":200,\"spd\":173,\"spe\":156},\"moves\":[\"fireblast\",\"painsplit\",\"sludgebomb\",\"willowisp\"],\"baseAbility\":\"levitate\",\"item\":\"leftovers\",\"pokeball\":\"pokeball\",\"ability\":\"levitate\",\"commanding\":false,\"reviving\":false,\"teraType\":\"Steel\",\"terastallized\":\"\"},{\"ident\":\"p2: Chesnaught\",\"details\":\"Chesnaught, L84, M\",\"condition\":\"212/285\",\"active\":false,\"stats\":{\"atk\":228,\"def\":253,\"spa\":173,\"spd\":174,\"spe\":156},\"moves\":[\"knockoff\",\"bodypress\",\"woodhammer\",\"synthesis\"],\"baseAbility\":\"bulletproof\",\"item\":\"rockyhelmet\",\"pokeball\":\"pokeball\",\"ability\":\"bulletproof\",\"commanding\":false,\"reviving\":false,\"teraType\":\"Steel\",\"terastallized\":\"\"}]},\"rqid\":55}\n|inactive|Time left: 300 sec this turn | 300 sec total\n|\n|t:|1783392060\n|move|p2a: Rampardos|Rock Slide|p1a: Iron Treads\n|-resisted|p1a: Iron Treads\n|-damage|p1a: Iron Treads|0 fnt\n|faint|p1a: Iron Treads\n|-end|p1a: Iron Treads|Quark Drive|[silent]\n|\n|upkeep\n|request|{\"wait\":true,\"side\":{\"name\":\"p0y0722144\",\"id\":\"p2\",\"pokemon\":[{\"ident\":\"p2: Rampardos\",\"details\":\"Rampardos, L90, F\",\"condition\":\"213/321\",\"active\":true,\"stats\":{\"atk\":348,\"def\":159,\"spa\":168,\"spd\":141,\"spe\":156},\"moves\":[\"firepunch\",\"headsmash\",\"earthquake\",\"rockslide\"],\"baseAbility\":\"sheerforce\",\"item\":\"choicescarf\",\"pokeball\":\"pokeball\",\"ability\":\"sheerforce\",\"commanding\":false,\"reviving\":false,\"teraType\":\"Rock\",\"terastallized\":\"\"},{\"ident\":\"p2: Venusaur\",\"details\":\"Venusaur, L84, M\",\"condition\":\"87/272\",\"active\":false,\"stats\":{\"atk\":142,\"def\":188,\"spa\":216,\"spd\":216,\"spe\":183},\"moves\":[\"synthesis\",\"earthpower\",\"sludgebomb\",\"sleeppowder\"],\"baseAbility\":\"chlorophyll\",\"item\":\"\",\"pokeball\":\"pokeball\",\"ability\":\"chlorophyll\",\"commanding\":false,\"reviving\":false,\"teraType\":\"Steel\",\"terastallized\":\"\"},{\"ident\":\"p2: Dudunsparce\",\"details\":\"Dudunsparce-Three-Segment, L83, M\",\"condition\":\"343/343\",\"active\":false,\"stats\":{\"atk\":214,\"def\":180,\"spa\":189,\"spd\":172,\"spe\":139},\"moves\":[\"toxic\",\"boomburst\",\"earthquake\",\"roost\"],\"baseAbility\":\"rattled\",\"item\":\"leftovers\",\"pokeball\":\"pokeball\",\"ability\":\"rattled\",\"commanding\":false,\"reviving\":false,\"teraType\":\"Ground\",\"terastallized\":\"\"},{\"ident\":\"p2: Jirachi\",\"details\":\"Jirachi, L80\",\"condition\":\"291/291\",\"active\":false,\"stats\":{\"atk\":206,\"def\":206,\"spa\":206,\"spd\":206,\"spe\":206},\"moves\":[\"bodyslam\",\"wish\",\"ironhead\",\"protect\"],\"baseAbility\":\"serenegrace\",\"item\":\"leftovers\",\"pokeball\":\"pokeball\",\"ability\":\"serenegrace\",\"commanding\":false,\"reviving\":false,\"teraType\":\"Water\",\"terastallized\":\"\"},{\"ident\":\"p2: Weezing\",\"details\":\"Weezing, L88, F\",\"condition\":\"258/258\",\"active\":false,\"stats\":{\"atk\":163,\"def\":261,\"spa\":200,\"spd\":173,\"spe\":156},\"moves\":[\"fireblast\",\"painsplit\",\"sludgebomb\",\"willowisp\"],\"baseAbility\":\"levitate\",\"item\":\"leftovers\",\"pokeball\":\"pokeball\",\"ability\":\"levitate\",\"commanding\":false,\"reviving\":false,\"teraType\":\"Steel\",\"terastallized\":\"\"},{\"ident\":\"p2: Chesnaught\",\"details\":\"Chesnaught, L84, M\",\"condition\":\"212/285\",\"active\":false,\"stats\":{\"atk\":228,\"def\":253,\"spa\":173,\"spd\":174,\"spe\":156},\"moves\":[\"knockoff\",\"bodypress\",\"woodhammer\",\"synthesis\"],\"baseAbility\":\"bulletproof\",\"item\":\"rockyhelmet\",\"pokeball\":\"pokeball\",\"ability\":\"bulletproof\",\"commanding\":false,\"reviving\":false,\"teraType\":\"Steel\",\"terastallized\":\"\"}]},\"rqid\":57}\n|\n|t:|1783392061\n|switch|p1a: Umbreon|Umbreon, L84, F|100/100\n|turn|28\n|request|{\"active\":[{\"moves\":[{\"move\":\"Fire Punch\",\"id\":\"firepunch\",\"pp\":24,\"maxpp\":24,\"target\":\"normal\",\"disabled\":true},{\"move\":\"Head Smash\",\"id\":\"headsmash\",\"pp\":8,\"maxpp\":8,\"target\":\"normal\",\"disabled\":true},{\"move\":\"Earthquake\",\"id\":\"earthquake\",\"pp\":16,\"maxpp\":16,\"target\":\"allAdjacent\",\"disabled\":true},{\"move\":\"Rock Slide\",\"id\":\"rockslide\",\"pp\":9,\"maxpp\":16,\"target\":\"allAdjacentFoes\",\"disabled\":false}],\"canTerastallize\":\"Rock\"}],\"side\":{\"name\":\"p0y0722144\",\"id\":\"p2\",\"pokemon\":[{\"ident\":\"p2: Rampardos\",\"details\":\"Rampardos, L90, F\",\"condition\":\"213/321\",\"active\":true,\"stats\":{\"atk\":348,\"def\":159,\"spa\":168,\"spd\":141,\"spe\":156},\"moves\":[\"firepunch\",\"headsmash\",\"earthquake\",\"rockslide\"],\"baseAbility\":\"sheerforce\",\"item\":\"choicescarf\",\"pokeball\":\"pokeball\",\"ability\":\"sheerforce\",\"commanding\":false,\"reviving\":false,\"teraType\":\"Rock\",\"terastallized\":\"\"},{\"ident\":\"p2: Venusaur\",\"details\":\"Venusaur, L84, M\",\"condition\":\"87/272\",\"active\":false,\"stats\":{\"atk\":142,\"def\":188,\"spa\":216,\"spd\":216,\"spe\":183},\"moves\":[\"synthesis\",\"earthpower\",\"sludgebomb\",\"sleeppowder\"],\"baseAbility\":\"chlorophyll\",\"item\":\"\",\"pokeball\":\"pokeball\",\"ability\":\"chlorophyll\",\"commanding\":false,\"reviving\":false,\"teraType\":\"Steel\",\"terastallized\":\"\"},{\"ident\":\"p2: Dudunsparce\",\"details\":\"Dudunsparce-Three-Segment, L83, M\",\"condition\":\"343/343\",\"active\":false,\"stats\":{\"atk\":214,\"def\":180,\"spa\":189,\"spd\":172,\"spe\":139},\"moves\":[\"toxic\",\"boomburst\",\"earthquake\",\"roost\"],\"baseAbility\":\"rattled\",\"item\":\"leftovers\",\"pokeball\":\"pokeball\",\"ability\":\"rattled\",\"commanding\":false,\"reviving\":false,\"teraType\":\"Ground\",\"terastallized\":\"\"},{\"ident\":\"p2: Jirachi\",\"details\":\"Jirachi, L80\",\"condition\":\"291/291\",\"active\":false,\"stats\":{\"atk\":206,\"def\":206,\"spa\":206,\"spd\":206,\"spe\":206},\"moves\":[\"bodyslam\",\"wish\",\"ironhead\",\"protect\"],\"baseAbility\":\"serenegrace\",\"item\":\"leftovers\",\"pokeball\":\"pokeball\",\"ability\":\"serenegrace\",\"commanding\":false,\"reviving\":false,\"teraType\":\"Water\",\"terastallized\":\"\"},{\"ident\":\"p2: Weezing\",\"details\":\"Weezing, L88, F\",\"condition\":\"258/258\",\"active\":false,\"stats\":{\"atk\":163,\"def\":261,\"spa\":200,\"spd\":173,\"spe\":156},\"moves\":[\"fireblast\",\"painsplit\",\"sludgebomb\",\"willowisp\"],\"baseAbility\":\"levitate\",\"item\":\"leftovers\",\"pokeball\":\"pokeball\",\"ability\":\"levitate\",\"commanding\":false,\"reviving\":false,\"teraType\":\"Steel\",\"terastallized\":\"\"},{\"ident\":\"p2: Chesnaught\",\"details\":\"Chesnaught, L84, M\",\"condition\":\"212/285\",\"active\":false,\"stats\":{\"atk\":228,\"def\":253,\"spa\":173,\"spd\":174,\"spe\":156},\"moves\":[\"knockoff\",\"bodypress\",\"woodhammer\",\"synthesis\"],\"baseAbility\":\"bulletproof\",\"item\":\"rockyhelmet\",\"pokeball\":\"pokeball\",\"ability\":\"bulletproof\",\"commanding\":false,\"reviving\":false,\"teraType\":\"Steel\",\"terastallized\":\"\"}]},\"rqid\":59}\n|inactive|Time left: 300 sec this turn | 300 sec total\n|\n|t:|1783392061\n|move|p2a: Rampardos|Rock Slide|p1a: Umbreon\n|-damage|p1a: Umbreon|66/100\n|move|p1a: Umbreon|Foul Play|p2a: Rampardos\n|-damage|p2a: Rampardos|75/321\n|\n|-heal|p1a: Umbreon|72/100|[from] item: Leftovers\n|upkeep\n|turn|29\n|request|{\"active\":[{\"moves\":[{\"move\":\"Fire Punch\",\"id\":\"firepunch\",\"pp\":24,\"maxpp\":24,\"target\":\"normal\",\"disabled\":true},{\"move\":\"Head Smash\",\"id\":\"headsmash\",\"pp\":8,\"maxpp\":8,\"target\":\"normal\",\"disabled\":true},{\"move\":\"Earthquake\",\"id\":\"earthquake\",\"pp\":16,\"maxpp\":16,\"target\":\"allAdjacent\",\"disabled\":true},{\"move\":\"Rock Slide\",\"id\":\"rockslide\",\"pp\":8,\"maxpp\":16,\"target\":\"allAdjacentFoes\",\"disabled\":false}],\"canTerastallize\":\"Rock\"}],\"side\":{\"name\":\"p0y0722144\",\"id\":\"p2\",\"pokemon\":[{\"ident\":\"p2: Rampardos\",\"details\":\"Rampardos, L90, F\",\"condition\":\"75/321\",\"active\":true,\"stats\":{\"atk\":348,\"def\":159,\"spa\":168,\"spd\":141,\"spe\":156},\"moves\":[\"firepunch\",\"headsmash\",\"earthquake\",\"rockslide\"],\"baseAbility\":\"sheerforce\",\"item\":\"choicescarf\",\"pokeball\":\"pokeball\",\"ability\":\"sheerforce\",\"commanding\":false,\"reviving\":false,\"teraType\":\"Rock\",\"terastallized\":\"\"},{\"ident\":\"p2: Venusaur\",\"details\":\"Venusaur, L84, M\",\"condition\":\"87/272\",\"active\":false,\"stats\":{\"atk\":142,\"def\":188,\"spa\":216,\"spd\":216,\"spe\":183},\"moves\":[\"synthesis\",\"earthpower\",\"sludgebomb\",\"sleeppowder\"],\"baseAbility\":\"chlorophyll\",\"item\":\"\",\"pokeball\":\"pokeball\",\"ability\":\"chlorophyll\",\"commanding\":false,\"reviving\":false,\"teraType\":\"Steel\",\"terastallized\":\"\"},{\"ident\":\"p2: Dudunsparce\",\"details\":\"Dudunsparce-Three-Segment, L83, M\",\"condition\":\"343/343\",\"active\":false,\"stats\":{\"atk\":214,\"def\":180,\"spa\":189,\"spd\":172,\"spe\":139},\"moves\":[\"toxic\",\"boomburst\",\"earthquake\",\"roost\"],\"baseAbility\":\"rattled\",\"item\":\"leftovers\",\"pokeball\":\"pokeball\",\"ability\":\"rattled\",\"commanding\":false,\"reviving\":false,\"teraType\":\"Ground\",\"terastallized\":\"\"},{\"ident\":\"p2: Jirachi\",\"details\":\"Jirachi, L80\",\"condition\":\"291/291\",\"active\":false,\"stats\":{\"atk\":206,\"def\":206,\"spa\":206,\"spd\":206,\"spe\":206},\"moves\":[\"bodyslam\",\"wish\",\"ironhead\",\"protect\"],\"baseAbility\":\"serenegrace\",\"item\":\"leftovers\",\"pokeball\":\"pokeball\",\"ability\":\"serenegrace\",\"commanding\":false,\"reviving\":false,\"teraType\":\"Water\",\"terastallized\":\"\"},{\"ident\":\"p2: Weezing\",\"details\":\"Weezing, L88, F\",\"condition\":\"258/258\",\"active\":false,\"stats\":{\"atk\":163,\"def\":261,\"spa\":200,\"spd\":173,\"spe\":156},\"moves\":[\"fireblast\",\"painsplit\",\"sludgebomb\",\"willowisp\"],\"baseAbility\":\"levitate\",\"item\":\"leftovers\",\"pokeball\":\"pokeball\",\"ability\":\"levitate\",\"commanding\":false,\"reviving\":false,\"teraType\":\"Steel\",\"terastallized\":\"\"},{\"ident\":\"p2: Chesnaught\",\"details\":\"Chesnaught, L84, M\",\"condition\":\"212/285\",\"active\":false,\"stats\":{\"atk\":228,\"def\":253,\"spa\":173,\"spd\":174,\"spe\":156},\"moves\":[\"knockoff\",\"bodypress\",\"woodhammer\",\"synthesis\"],\"baseAbility\":\"bulletproof\",\"item\":\"rockyhelmet\",\"pokeball\":\"pokeball\",\"ability\":\"bulletproof\",\"commanding\":false,\"reviving\":false,\"teraType\":\"Steel\",\"terastallized\":\"\"}]},\"rqid\":61}\n|inactive|Time left: 300 sec this turn | 300 sec total\n|\n|t:|1783392061\n|move|p2a: Rampardos|Rock Slide|p1a: Umbreon\n|-damage|p1a: Umbreon|39/100\n|move|p1a: Umbreon|Toxic|p2a: Rampardos\n|-status|p2a: Rampardos|tox\n|\n|-heal|p1a: Umbreon|45/100|[from] item: Leftovers\n|-damage|p2a: Rampardos|55/321 tox|[from] psn\n|upkeep\n|turn|30\n|request|{\"active\":[{\"moves\":[{\"move\":\"Fire Punch\",\"id\":\"firepunch\",\"pp\":24,\"maxpp\":24,\"target\":\"normal\",\"disabled\":true},{\"move\":\"Head Smash\",\"id\":\"headsmash\",\"pp\":8,\"maxpp\":8,\"target\":\"normal\",\"disabled\":true},{\"move\":\"Earthquake\",\"id\":\"earthquake\",\"pp\":16,\"maxpp\":16,\"target\":\"allAdjacent\",\"disabled\":true},{\"move\":\"Rock Slide\",\"id\":\"rockslide\",\"pp\":7,\"maxpp\":16,\"target\":\"allAdjacentFoes\",\"disabled\":false}],\"canTerastallize\":\"Rock\"}],\"side\":{\"name\":\"p0y0722144\",\"id\":\"p2\",\"pokemon\":[{\"ident\":\"p2: Rampardos\",\"details\":\"Rampardos, L90, F\",\"condition\":\"55/321 tox\",\"active\":true,\"stats\":{\"atk\":348,\"def\":159,\"spa\":168,\"spd\":141,\"spe\":156},\"moves\":[\"firepunch\",\"headsmash\",\"earthquake\",\"rockslide\"],\"baseAbility\":\"sheerforce\",\"item\":\"choicescarf\",\"pokeball\":\"pokeball\",\"ability\":\"sheerforce\",\"commanding\":false,\"reviving\":false,\"teraType\":\"Rock\",\"terastallized\":\"\"},{\"ident\":\"p2: Venusaur\",\"details\":\"Venusaur, L84, M\",\"condition\":\"87/272\",\"active\":false,\"stats\":{\"atk\":142,\"def\":188,\"spa\":216,\"spd\":216,\"spe\":183},\"moves\":[\"synthesis\",\"earthpower\",\"sludgebomb\",\"sleeppowder\"],\"baseAbility\":\"chlorophyll\",\"item\":\"\",\"pokeball\":\"pokeball\",\"ability\":\"chlorophyll\",\"commanding\":false,\"reviving\":false,\"teraType\":\"Steel\",\"terastallized\":\"\"},{\"ident\":\"p2: Dudunsparce\",\"details\":\"Dudunsparce-Three-Segment, L83, M\",\"condition\":\"343/343\",\"active\":false,\"stats\":{\"atk\":214,\"def\":180,\"spa\":189,\"spd\":172,\"spe\":139},\"moves\":[\"toxic\",\"boomburst\",\"earthquake\",\"roost\"],\"baseAbility\":\"rattled\",\"item\":\"leftovers\",\"pokeball\":\"pokeball\",\"ability\":\"rattled\",\"commanding\":false,\"reviving\":false,\"teraType\":\"Ground\",\"terastallized\":\"\"},{\"ident\":\"p2: Jirachi\",\"details\":\"Jirachi, L80\",\"condition\":\"291/291\",\"active\":false,\"stats\":{\"atk\":206,\"def\":206,\"spa\":206,\"spd\":206,\"spe\":206},\"moves\":[\"bodyslam\",\"wish\",\"ironhead\",\"protect\"],\"baseAbility\":\"serenegrace\",\"item\":\"leftovers\",\"pokeball\":\"pokeball\",\"ability\":\"serenegrace\",\"commanding\":false,\"reviving\":false,\"teraType\":\"Water\",\"terastallized\":\"\"},{\"ident\":\"p2: Weezing\",\"details\":\"Weezing, L88, F\",\"condition\":\"258/258\",\"active\":false,\"stats\":{\"atk\":163,\"def\":261,\"spa\":200,\"spd\":173,\"spe\":156},\"moves\":[\"fireblast\",\"painsplit\",\"sludgebomb\",\"willowisp\"],\"baseAbility\":\"levitate\",\"item\":\"leftovers\",\"pokeball\":\"pokeball\",\"ability\":\"levitate\",\"commanding\":false,\"reviving\":false,\"teraType\":\"Steel\",\"terastallized\":\"\"},{\"ident\":\"p2: Chesnaught\",\"details\":\"Chesnaught, L84, M\",\"condition\":\"212/285\",\"active\":false,\"stats\":{\"atk\":228,\"def\":253,\"spa\":173,\"spd\":174,\"spe\":156},\"moves\":[\"knockoff\",\"bodypress\",\"woodhammer\",\"synthesis\"],\"baseAbility\":\"bulletproof\",\"item\":\"rockyhelmet\",\"pokeball\":\"pokeball\",\"ability\":\"bulletproof\",\"commanding\":false,\"reviving\":false,\"teraType\":\"Steel\",\"terastallized\":\"\"}]},\"rqid\":63}\n|inactive|Time left: 300 sec this turn | 300 sec total\n|\n|t:|1783392061\n|move|p2a: Rampardos|Rock Slide|p1a: Umbreon\n|-damage|p1a: Umbreon|11/100\n|move|p1a: Umbreon|Wish|p1a: Umbreon\n|\n|-heal|p1a: Umbreon|17/100|[from] item: Leftovers\n|-damage|p2a: Rampardos|15/321 tox|[from] psn\n|upkeep\n|turn|31\n|request|{\"active\":[{\"moves\":[{\"move\":\"Fire Punch\",\"id\":\"firepunch\",\"pp\":24,\"maxpp\":24,\"target\":\"normal\",\"disabled\":true},{\"move\":\"Head Smash\",\"id\":\"headsmash\",\"pp\":8,\"maxpp\":8,\"target\":\"normal\",\"disabled\":true},{\"move\":\"Earthquake\",\"id\":\"earthquake\",\"pp\":16,\"maxpp\":16,\"target\":\"allAdjacent\",\"disabled\":true},{\"move\":\"Rock Slide\",\"id\":\"rockslide\",\"pp\":6,\"maxpp\":16,\"target\":\"allAdjacentFoes\",\"disabled\":false}],\"canTerastallize\":\"Rock\"}],\"side\":{\"name\":\"p0y0722144\",\"id\":\"p2\",\"pokemon\":[{\"ident\":\"p2: Rampardos\",\"details\":\"Rampardos, L90, F\",\"condition\":\"15/321 tox\",\"active\":true,\"stats\":{\"atk\":348,\"def\":159,\"spa\":168,\"spd\":141,\"spe\":156},\"moves\":[\"firepunch\",\"headsmash\",\"earthquake\",\"rockslide\"],\"baseAbility\":\"sheerforce\",\"item\":\"choicescarf\",\"pokeball\":\"pokeball\",\"ability\":\"sheerforce\",\"commanding\":false,\"reviving\":false,\"teraType\":\"Rock\",\"terastallized\":\"\"},{\"ident\":\"p2: Venusaur\",\"details\":\"Venusaur, L84, M\",\"condition\":\"87/272\",\"active\":false,\"stats\":{\"atk\":142,\"def\":188,\"spa\":216,\"spd\":216,\"spe\":183},\"moves\":[\"synthesis\",\"earthpower\",\"sludgebomb\",\"sleeppowder\"],\"baseAbility\":\"chlorophyll\",\"item\":\"\",\"pokeball\":\"pokeball\",\"ability\":\"chlorophyll\",\"commanding\":false,\"reviving\":false,\"teraType\":\"Steel\",\"terastallized\":\"\"},{\"ident\":\"p2: Dudunsparce\",\"details\":\"Dudunsparce-Three-Segment, L83, M\",\"condition\":\"343/343\",\"active\":false,\"stats\":{\"atk\":214,\"def\":180,\"spa\":189,\"spd\":172,\"spe\":139},\"moves\":[\"toxic\",\"boomburst\",\"earthquake\",\"roost\"],\"baseAbility\":\"rattled\",\"item\":\"leftovers\",\"pokeball\":\"pokeball\",\"ability\":\"rattled\",\"commanding\":false,\"reviving\":false,\"teraType\":\"Ground\",\"terastallized\":\"\"},{\"ident\":\"p2: Jirachi\",\"details\":\"Jirachi, L80\",\"condition\":\"291/291\",\"active\":false,\"stats\":{\"atk\":206,\"def\":206,\"spa\":206,\"spd\":206,\"spe\":206},\"moves\":[\"bodyslam\",\"wish\",\"ironhead\",\"protect\"],\"baseAbility\":\"serenegrace\",\"item\":\"leftovers\",\"pokeball\":\"pokeball\",\"ability\":\"serenegrace\",\"commanding\":false,\"reviving\":false,\"teraType\":\"Water\",\"terastallized\":\"\"},{\"ident\":\"p2: Weezing\",\"details\":\"Weezing, L88, F\",\"condition\":\"258/258\",\"active\":false,\"stats\":{\"atk\":163,\"def\":261,\"spa\":200,\"spd\":173,\"spe\":156},\"moves\":[\"fireblast\",\"painsplit\",\"sludgebomb\",\"willowisp\"],\"baseAbility\":\"levitate\",\"item\":\"leftovers\",\"pokeball\":\"pokeball\",\"ability\":\"levitate\",\"commanding\":false,\"reviving\":false,\"teraType\":\"Steel\",\"terastallized\":\"\"},{\"ident\":\"p2: Chesnaught\",\"details\":\"Chesnaught, L84, M\",\"condition\":\"212/285\",\"active\":false,\"stats\":{\"atk\":228,\"def\":253,\"spa\":173,\"spd\":174,\"spe\":156},\"moves\":[\"knockoff\",\"bodypress\",\"woodhammer\",\"synthesis\"],\"baseAbility\":\"bulletproof\",\"item\":\"rockyhelmet\",\"pokeball\":\"pokeball\",\"ability\":\"bulletproof\",\"commanding\":false,\"reviving\":false,\"teraType\":\"Steel\",\"terastallized\":\"\"}]},\"rqid\":65}\n|inactive|Time left: 300 sec this turn | 300 sec total\n|\n|t:|1783392062\n|switch|p2a: Venusaur|Venusaur, L84, M|87/272\n|move|p1a: Umbreon|Protect||[still]\n|-fail|p1a: Umbreon\n|\n|-heal|p1a: Umbreon|67/100|[from] move: Wish|[wisher] Umbreon\n|-heal|p1a: Umbreon|73/100|[from] item: Leftovers\n|upkeep\n|turn|32\n|request|{\"active\":[{\"moves\":[{\"move\":\"Synthesis\",\"id\":\"synthesis\",\"pp\":8,\"maxpp\":8,\"target\":\"self\",\"disabled\":false},{\"move\":\"Earth Power\",\"id\":\"earthpower\",\"pp\":15,\"maxpp\":16,\"target\":\"normal\",\"disabled\":false},{\"move\":\"Sludge Bomb\",\"id\":\"sludgebomb\",\"pp\":16,\"maxpp\":16,\"target\":\"normal\",\"disabled\":false},{\"move\":\"Sleep Powder\",\"id\":\"sleeppowder\",\"pp\":24,\"maxpp\":24,\"target\":\"normal\",\"disabled\":false}],\"canTerastallize\":\"Steel\"}],\"side\":{\"name\":\"p0y0722144\",\"id\":\"p2\",\"pokemon\":[{\"ident\":\"p2: Venusaur\",\"details\":\"Venusaur, L84, M\",\"condition\":\"87/272\",\"active\":true,\"stats\":{\"atk\":142,\"def\":188,\"spa\":216,\"spd\":216,\"spe\":183},\"moves\":[\"synthesis\",\"earthpower\",\"sludgebomb\",\"sleeppowder\"],\"baseAbility\":\"chlorophyll\",\"item\":\"\",\"pokeball\":\"pokeball\",\"ability\":\"chlorophyll\",\"commanding\":false,\"reviving\":false,\"teraType\":\"Steel\",\"terastallized\":\"\"},{\"ident\":\"p2: Rampardos\",\"details\":\"Rampardos, L90, F\",\"condition\":\"15/321 tox\",\"active\":false,\"stats\":{\"atk\":348,\"def\":159,\"spa\":168,\"spd\":141,\"spe\":156},\"moves\":[\"firepunch\",\"headsmash\",\"earthquake\",\"rockslide\"],\"baseAbility\":\"sheerforce\",\"item\":\"choicescarf\",\"pokeball\":\"pokeball\",\"ability\":\"sheerforce\",\"commanding\":false,\"reviving\":false,\"teraType\":\"Rock\",\"terastallized\":\"\"},{\"ident\":\"p2: Dudunsparce\",\"details\":\"Dudunsparce-Three-Segment, L83, M\",\"condition\":\"343/343\",\"active\":false,\"stats\":{\"atk\":214,\"def\":180,\"spa\":189,\"spd\":172,\"spe\":139},\"moves\":[\"toxic\",\"boomburst\",\"earthquake\",\"roost\"],\"baseAbility\":\"rattled\",\"item\":\"leftovers\",\"pokeball\":\"pokeball\",\"ability\":\"rattled\",\"commanding\":false,\"reviving\":false,\"teraType\":\"Ground\",\"terastallized\":\"\"},{\"ident\":\"p2: Jirachi\",\"details\":\"Jirachi, L80\",\"condition\":\"291/291\",\"active\":false,\"stats\":{\"atk\":206,\"def\":206,\"spa\":206,\"spd\":206,\"spe\":206},\"moves\":[\"bodyslam\",\"wish\",\"ironhead\",\"protect\"],\"baseAbility\":\"serenegrace\",\"item\":\"leftovers\",\"pokeball\":\"pokeball\",\"ability\":\"serenegrace\",\"commanding\":false,\"reviving\":false,\"teraType\":\"Water\",\"terastallized\":\"\"},{\"ident\":\"p2: Weezing\",\"details\":\"Weezing, L88, F\",\"condition\":\"258/258\",\"active\":false,\"stats\":{\"atk\":163,\"def\":261,\"spa\":200,\"spd\":173,\"spe\":156},\"moves\":[\"fireblast\",\"painsplit\",\"sludgebomb\",\"willowisp\"],\"baseAbility\":\"levitate\",\"item\":\"leftovers\",\"pokeball\":\"pokeball\",\"ability\":\"levitate\",\"commanding\":false,\"reviving\":false,\"teraType\":\"Steel\",\"terastallized\":\"\"},{\"ident\":\"p2: Chesnaught\",\"details\":\"Chesnaught, L84, M\",\"condition\":\"212/285\",\"active\":false,\"stats\":{\"atk\":228,\"def\":253,\"spa\":173,\"spd\":174,\"spe\":156},\"moves\":[\"knockoff\",\"bodypress\",\"woodhammer\",\"synthesis\"],\"baseAbility\":\"bulletproof\",\"item\":\"rockyhelmet\",\"pokeball\":\"pokeball\",\"ability\":\"bulletproof\",\"commanding\":false,\"reviving\":false,\"teraType\":\"Steel\",\"terastallized\":\"\"}]},\"rqid\":67}\n|inactive|Time left: 300 sec this turn | 300 sec total\n|\n|t:|1783392062\n|move|p2a: Venusaur|Synthesis|p2a: Venusaur\n|-heal|p2a: Venusaur|223/272\n|move|p1a: Umbreon|Foul Play|p2a: Venusaur\n|-damage|p2a: Venusaur|151/272\n|\n|-heal|p1a: Umbreon|79/100|[from] item: Leftovers\n|upkeep\n|turn|33\n|request|{\"active\":[{\"moves\":[{\"move\":\"Synthesis\",\"id\":\"synthesis\",\"pp\":7,\"maxpp\":8,\"target\":\"self\",\"disabled\":false},{\"move\":\"Earth Power\",\"id\":\"earthpower\",\"pp\":15,\"maxpp\":16,\"target\":\"normal\",\"disabled\":false},{\"move\":\"Sludge Bomb\",\"id\":\"sludgebomb\",\"pp\":16,\"maxpp\":16,\"target\":\"normal\",\"disabled\":false},{\"move\":\"Sleep Powder\",\"id\":\"sleeppowder\",\"pp\":24,\"maxpp\":24,\"target\":\"normal\",\"disabled\":false}],\"canTerastallize\":\"Steel\"}],\"side\":{\"name\":\"p0y0722144\",\"id\":\"p2\",\"pokemon\":[{\"ident\":\"p2: Venusaur\",\"details\":\"Venusaur, L84, M\",\"condition\":\"151/272\",\"active\":true,\"stats\":{\"atk\":142,\"def\":188,\"spa\":216,\"spd\":216,\"spe\":183},\"moves\":[\"synthesis\",\"earthpower\",\"sludgebomb\",\"sleeppowder\"],\"baseAbility\":\"chlorophyll\",\"item\":\"\",\"pokeball\":\"pokeball\",\"ability\":\"chlorophyll\",\"commanding\":false,\"reviving\":false,\"teraType\":\"Steel\",\"terastallized\":\"\"},{\"ident\":\"p2: Rampardos\",\"details\":\"Rampardos, L90, F\",\"condition\":\"15/321 tox\",\"active\":false,\"stats\":{\"atk\":348,\"def\":159,\"spa\":168,\"spd\":141,\"spe\":156},\"moves\":[\"firepunch\",\"headsmash\",\"earthquake\",\"rockslide\"],\"baseAbility\":\"sheerforce\",\"item\":\"choicescarf\",\"pokeball\":\"pokeball\",\"ability\":\"sheerforce\",\"commanding\":false,\"reviving\":false,\"teraType\":\"Rock\",\"terastallized\":\"\"},{\"ident\":\"p2: Dudunsparce\",\"details\":\"Dudunsparce-Three-Segment, L83, M\",\"condition\":\"343/343\",\"active\":false,\"stats\":{\"atk\":214,\"def\":180,\"spa\":189,\"spd\":172,\"spe\":139},\"moves\":[\"toxic\",\"boomburst\",\"earthquake\",\"roost\"],\"baseAbility\":\"rattled\",\"item\":\"leftovers\",\"pokeball\":\"pokeball\",\"ability\":\"rattled\",\"commanding\":false,\"reviving\":false,\"teraType\":\"Ground\",\"terastallized\":\"\"},{\"ident\":\"p2: Jirachi\",\"details\":\"Jirachi, L80\",\"condition\":\"291/291\",\"active\":false,\"stats\":{\"atk\":206,\"def\":206,\"spa\":206,\"spd\":206,\"spe\":206},\"moves\":[\"bodyslam\",\"wish\",\"ironhead\",\"protect\"],\"baseAbility\":\"serenegrace\",\"item\":\"leftovers\",\"pokeball\":\"pokeball\",\"ability\":\"serenegrace\",\"commanding\":false,\"reviving\":false,\"teraType\":\"Water\",\"terastallized\":\"\"},{\"ident\":\"p2: Weezing\",\"details\":\"Weezing, L88, F\",\"condition\":\"258/258\",\"active\":false,\"stats\":{\"atk\":163,\"def\":261,\"spa\":200,\"spd\":173,\"spe\":156},\"moves\":[\"fireblast\",\"painsplit\",\"sludgebomb\",\"willowisp\"],\"baseAbility\":\"levitate\",\"item\":\"leftovers\",\"pokeball\":\"pokeball\",\"ability\":\"levitate\",\"commanding\":false,\"reviving\":false,\"teraType\":\"Steel\",\"terastallized\":\"\"},{\"ident\":\"p2: Chesnaught\",\"details\":\"Chesnaught, L84, M\",\"condition\":\"212/285\",\"active\":false,\"stats\":{\"atk\":228,\"def\":253,\"spa\":173,\"spd\":174,\"spe\":156},\"moves\":[\"knockoff\",\"bodypress\",\"woodhammer\",\"synthesis\"],\"baseAbility\":\"bulletproof\",\"item\":\"rockyhelmet\",\"pokeball\":\"pokeball\",\"ability\":\"bulletproof\",\"commanding\":false,\"reviving\":false,\"teraType\":\"Steel\",\"terastallized\":\"\"}]},\"rqid\":69}\n|inactive|Time left: 300 sec this turn | 300 sec total\n|\n|t:|1783392062\n|move|p2a: Venusaur|Synthesis|p2a: Venusaur\n|-heal|p2a: Venusaur|272/272\n|move|p1a: Umbreon|Foul Play|p2a: Venusaur\n|-damage|p2a: Venusaur|199/272\n|\n|-heal|p1a: Umbreon|85/100|[from] item: Leftovers\n|upkeep\n|turn|34\n|request|{\"active\":[{\"moves\":[{\"move\":\"Synthesis\",\"id\":\"synthesis\",\"pp\":6,\"maxpp\":8,\"target\":\"self\",\"disabled\":false},{\"move\":\"Earth Power\",\"id\":\"earthpower\",\"pp\":15,\"maxpp\":16,\"target\":\"normal\",\"disabled\":false},{\"move\":\"Sludge Bomb\",\"id\":\"sludgebomb\",\"pp\":16,\"maxpp\":16,\"target\":\"normal\",\"disabled\":false},{\"move\":\"Sleep Powder\",\"id\":\"sleeppowder\",\"pp\":24,\"maxpp\":24,\"target\":\"normal\",\"disabled\":false}],\"canTerastallize\":\"Steel\"}],\"side\":{\"name\":\"p0y0722144\",\"id\":\"p2\",\"pokemon\":[{\"ident\":\"p2: Venusaur\",\"details\":\"Venusaur, L84, M\",\"condition\":\"199/272\",\"active\":true,\"stats\":{\"atk\":142,\"def\":188,\"spa\":216,\"spd\":216,\"spe\":183},\"moves\":[\"synthesis\",\"earthpower\",\"sludgebomb\",\"sleeppowder\"],\"baseAbility\":\"chlorophyll\",\"item\":\"\",\"pokeball\":\"pokeball\",\"ability\":\"chlorophyll\",\"commanding\":false,\"reviving\":false,\"teraType\":\"Steel\",\"terastallized\":\"\"},{\"ident\":\"p2: Rampardos\",\"details\":\"Rampardos, L90, F\",\"condition\":\"15/321 tox\",\"active\":false,\"stats\":{\"atk\":348,\"def\":159,\"spa\":168,\"spd\":141,\"spe\":156},\"moves\":[\"firepunch\",\"headsmash\",\"earthquake\",\"rockslide\"],\"baseAbility\":\"sheerforce\",\"item\":\"choicescarf\",\"pokeball\":\"pokeball\",\"ability\":\"sheerforce\",\"commanding\":false,\"reviving\":false,\"teraType\":\"Rock\",\"terastallized\":\"\"},{\"ident\":\"p2: Dudunsparce\",\"details\":\"Dudunsparce-Three-Segment, L83, M\",\"condition\":\"343/343\",\"active\":false,\"stats\":{\"atk\":214,\"def\":180,\"spa\":189,\"spd\":172,\"spe\":139},\"moves\":[\"toxic\",\"boomburst\",\"earthquake\",\"roost\"],\"baseAbility\":\"rattled\",\"item\":\"leftovers\",\"pokeball\":\"pokeball\",\"ability\":\"rattled\",\"commanding\":false,\"reviving\":false,\"teraType\":\"Ground\",\"terastallized\":\"\"},{\"ident\":\"p2: Jirachi\",\"details\":\"Jirachi, L80\",\"condition\":\"291/291\",\"active\":false,\"stats\":{\"atk\":206,\"def\":206,\"spa\":206,\"spd\":206,\"spe\":206},\"moves\":[\"bodyslam\",\"wish\",\"ironhead\",\"protect\"],\"baseAbility\":\"serenegrace\",\"item\":\"leftovers\",\"pokeball\":\"pokeball\",\"ability\":\"serenegrace\",\"commanding\":false,\"reviving\":false,\"teraType\":\"Water\",\"terastallized\":\"\"},{\"ident\":\"p2: Weezing\",\"details\":\"Weezing, L88, F\",\"condition\":\"258/258\",\"active\":false,\"stats\":{\"atk\":163,\"def\":261,\"spa\":200,\"spd\":173,\"spe\":156},\"moves\":[\"fireblast\",\"painsplit\",\"sludgebomb\",\"willowisp\"],\"baseAbility\":\"levitate\",\"item\":\"leftovers\",\"pokeball\":\"pokeball\",\"ability\":\"levitate\",\"commanding\":false,\"reviving\":false,\"teraType\":\"Steel\",\"terastallized\":\"\"},{\"ident\":\"p2: Chesnaught\",\"details\":\"Chesnaught, L84, M\",\"condition\":\"212/285\",\"active\":false,\"stats\":{\"atk\":228,\"def\":253,\"spa\":173,\"spd\":174,\"spe\":156},\"moves\":[\"knockoff\",\"bodypress\",\"woodhammer\",\"synthesis\"],\"baseAbility\":\"bulletproof\",\"item\":\"rockyhelmet\",\"pokeball\":\"pokeball\",\"ability\":\"bulletproof\",\"commanding\":false,\"reviving\":false,\"teraType\":\"Steel\",\"terastallized\":\"\"}]},\"rqid\":71}\n|inactive|Time left: 300 sec this turn | 300 sec total\n|\n|t:|1783392062\n|move|p2a: Venusaur|Sleep Powder|p1a: Umbreon\n|-status|p1a: Umbreon|slp|[from] move: Sleep Powder\n|cant|p1a: Umbreon|slp\n|\n|-heal|p1a: Umbreon|91/100 slp|[from] item: Leftovers\n|upkeep\n|turn|35\n|request|{\"active\":[{\"moves\":[{\"move\":\"Synthesis\",\"id\":\"synthesis\",\"pp\":6,\"maxpp\":8,\"target\":\"self\",\"disabled\":false},{\"move\":\"Earth Power\",\"id\":\"earthpower\",\"pp\":15,\"maxpp\":16,\"target\":\"normal\",\"disabled\":false},{\"move\":\"Sludge Bomb\",\"id\":\"sludgebomb\",\"pp\":16,\"maxpp\":16,\"target\":\"normal\",\"disabled\":false},{\"move\":\"Sleep Powder\",\"id\":\"sleeppowder\",\"pp\":23,\"maxpp\":24,\"target\":\"normal\",\"disabled\":false}],\"canTerastallize\":\"Steel\"}],\"side\":{\"name\":\"p0y0722144\",\"id\":\"p2\",\"pokemon\":[{\"ident\":\"p2: Venusaur\",\"details\":\"Venusaur, L84, M\",\"condition\":\"199/272\",\"active\":true,\"stats\":{\"atk\":142,\"def\":188,\"spa\":216,\"spd\":216,\"spe\":183},\"moves\":[\"synthesis\",\"earthpower\",\"sludgebomb\",\"sleeppowder\"],\"baseAbility\":\"chlorophyll\",\"item\":\"\",\"pokeball\":\"pokeball\",\"ability\":\"chlorophyll\",\"commanding\":false,\"reviving\":false,\"teraType\":\"Steel\",\"terastallized\":\"\"},{\"ident\":\"p2: Rampardos\",\"details\":\"Rampardos, L90, F\",\"condition\":\"15/321 tox\",\"active\":false,\"stats\":{\"atk\":348,\"def\":159,\"spa\":168,\"spd\":141,\"spe\":156},\"moves\":[\"firepunch\",\"headsmash\",\"earthquake\",\"rockslide\"],\"baseAbility\":\"sheerforce\",\"item\":\"choicescarf\",\"pokeball\":\"pokeball\",\"ability\":\"sheerforce\",\"commanding\":false,\"reviving\":false,\"teraType\":\"Rock\",\"terastallized\":\"\"},{\"ident\":\"p2: Dudunsparce\",\"details\":\"Dudunsparce-Three-Segment, L83, M\",\"condition\":\"343/343\",\"active\":false,\"stats\":{\"atk\":214,\"def\":180,\"spa\":189,\"spd\":172,\"spe\":139},\"moves\":[\"toxic\",\"boomburst\",\"earthquake\",\"roost\"],\"baseAbility\":\"rattled\",\"item\":\"leftovers\",\"pokeball\":\"pokeball\",\"ability\":\"rattled\",\"commanding\":false,\"reviving\":false,\"teraType\":\"Ground\",\"terastallized\":\"\"},{\"ident\":\"p2: Jirachi\",\"details\":\"Jirachi, L80\",\"condition\":\"291/291\",\"active\":false,\"stats\":{\"atk\":206,\"def\":206,\"spa\":206,\"spd\":206,\"spe\":206},\"moves\":[\"bodyslam\",\"wish\",\"ironhead\",\"protect\"],\"baseAbility\":\"serenegrace\",\"item\":\"leftovers\",\"pokeball\":\"pokeball\",\"ability\":\"serenegrace\",\"commanding\":false,\"reviving\":false,\"teraType\":\"Water\",\"terastallized\":\"\"},{\"ident\":\"p2: Weezing\",\"details\":\"Weezing, L88, F\",\"condition\":\"258/258\",\"active\":false,\"stats\":{\"atk\":163,\"def\":261,\"spa\":200,\"spd\":173,\"spe\":156},\"moves\":[\"fireblast\",\"painsplit\",\"sludgebomb\",\"willowisp\"],\"baseAbility\":\"levitate\",\"item\":\"leftovers\",\"pokeball\":\"pokeball\",\"ability\":\"levitate\",\"commanding\":false,\"reviving\":false,\"teraType\":\"Steel\",\"terastallized\":\"\"},{\"ident\":\"p2: Chesnaught\",\"details\":\"Chesnaught, L84, M\",\"condition\":\"212/285\",\"active\":false,\"stats\":{\"atk\":228,\"def\":253,\"spa\":173,\"spd\":174,\"spe\":156},\"moves\":[\"knockoff\",\"bodypress\",\"woodhammer\",\"synthesis\"],\"baseAbility\":\"bulletproof\",\"item\":\"rockyhelmet\",\"pokeball\":\"pokeball\",\"ability\":\"bulletproof\",\"commanding\":false,\"reviving\":false,\"teraType\":\"Steel\",\"terastallized\":\"\"}]},\"rqid\":73}\n|inactive|Time left: 300 sec this turn | 300 sec total\n|\n|t:|1783392063\n|move|p2a: Venusaur|Sludge Bomb|p1a: Umbreon\n|-damage|p1a: Umbreon|69/100 slp\n|cant|p1a: Umbreon|slp\n|\n|-heal|p1a: Umbreon|75/100 slp|[from] item: Leftovers\n|upkeep\n|turn|36\n|request|{\"active\":[{\"moves\":[{\"move\":\"Synthesis\",\"id\":\"synthesis\",\"pp\":6,\"maxpp\":8,\"target\":\"self\",\"disabled\":false},{\"move\":\"Earth Power\",\"id\":\"earthpower\",\"pp\":15,\"maxpp\":16,\"target\":\"normal\",\"disabled\":false},{\"move\":\"Sludge Bomb\",\"id\":\"sludgebomb\",\"pp\":15,\"maxpp\":16,\"target\":\"normal\",\"disabled\":false},{\"move\":\"Sleep Powder\",\"id\":\"sleeppowder\",\"pp\":23,\"maxpp\":24,\"target\":\"normal\",\"disabled\":false}],\"canTerastallize\":\"Steel\"}],\"side\":{\"name\":\"p0y0722144\",\"id\":\"p2\",\"pokemon\":[{\"ident\":\"p2: Venusaur\",\"details\":\"Venusaur, L84, M\",\"condition\":\"199/272\",\"active\":true,\"stats\":{\"atk\":142,\"def\":188,\"spa\":216,\"spd\":216,\"spe\":183},\"moves\":[\"synthesis\",\"earthpower\",\"sludgebomb\",\"sleeppowder\"],\"baseAbility\":\"chlorophyll\",\"item\":\"\",\"pokeball\":\"pokeball\",\"ability\":\"chlorophyll\",\"commanding\":false,\"reviving\":false,\"teraType\":\"Steel\",\"terastallized\":\"\"},{\"ident\":\"p2: Rampardos\",\"details\":\"Rampardos, L90, F\",\"condition\":\"15/321 tox\",\"active\":false,\"stats\":{\"atk\":348,\"def\":159,\"spa\":168,\"spd\":141,\"spe\":156},\"moves\":[\"firepunch\",\"headsmash\",\"earthquake\",\"rockslide\"],\"baseAbility\":\"sheerforce\",\"item\":\"choicescarf\",\"pokeball\":\"pokeball\",\"ability\":\"sheerforce\",\"commanding\":false,\"reviving\":false,\"teraType\":\"Rock\",\"terastallized\":\"\"},{\"ident\":\"p2: Dudunsparce\",\"details\":\"Dudunsparce-Three-Segment, L83, M\",\"condition\":\"343/343\",\"active\":false,\"stats\":{\"atk\":214,\"def\":180,\"spa\":189,\"spd\":172,\"spe\":139},\"moves\":[\"toxic\",\"boomburst\",\"earthquake\",\"roost\"],\"baseAbility\":\"rattled\",\"item\":\"leftovers\",\"pokeball\":\"pokeball\",\"ability\":\"rattled\",\"commanding\":false,\"reviving\":false,\"teraType\":\"Ground\",\"terastallized\":\"\"},{\"ident\":\"p2: Jirachi\",\"details\":\"Jirachi, L80\",\"condition\":\"291/291\",\"active\":false,\"stats\":{\"atk\":206,\"def\":206,\"spa\":206,\"spd\":206,\"spe\":206},\"moves\":[\"bodyslam\",\"wish\",\"ironhead\",\"protect\"],\"baseAbility\":\"serenegrace\",\"item\":\"leftovers\",\"pokeball\":\"pokeball\",\"ability\":\"serenegrace\",\"commanding\":false,\"reviving\":false,\"teraType\":\"Water\",\"terastallized\":\"\"},{\"ident\":\"p2: Weezing\",\"details\":\"Weezing, L88, F\",\"condition\":\"258/258\",\"active\":false,\"stats\":{\"atk\":163,\"def\":261,\"spa\":200,\"spd\":173,\"spe\":156},\"moves\":[\"fireblast\",\"painsplit\",\"sludgebomb\",\"willowisp\"],\"baseAbility\":\"levitate\",\"item\":\"leftovers\",\"pokeball\":\"pokeball\",\"ability\":\"levitate\",\"commanding\":false,\"reviving\":false,\"teraType\":\"Steel\",\"terastallized\":\"\"},{\"ident\":\"p2: Chesnaught\",\"details\":\"Chesnaught, L84, M\",\"condition\":\"212/285\",\"active\":false,\"stats\":{\"atk\":228,\"def\":253,\"spa\":173,\"spd\":174,\"spe\":156},\"moves\":[\"knockoff\",\"bodypress\",\"woodhammer\",\"synthesis\"],\"baseAbility\":\"bulletproof\",\"item\":\"rockyhelmet\",\"pokeball\":\"pokeball\",\"ability\":\"bulletproof\",\"commanding\":false,\"reviving\":false,\"teraType\":\"Steel\",\"terastallized\":\"\"}]},\"rqid\":75}\n|inactive|Time left: 300 sec this turn | 300 sec total\n|\n|t:|1783392063\n|move|p2a: Venusaur|Sludge Bomb|p1a: Umbreon\n|-damage|p1a: Umbreon|49/100 slp\n|-curestatus|p1a: Umbreon|slp|[msg]\n|move|p1a: Umbreon|Foul Play|p2a: Venusaur\n|-damage|p2a: Venusaur|132/272\n|\n|-heal|p1a: Umbreon|55/100|[from] item: Leftovers\n|upkeep\n|turn|37\n|request|{\"active\":[{\"moves\":[{\"move\":\"Synthesis\",\"id\":\"synthesis\",\"pp\":6,\"maxpp\":8,\"target\":\"self\",\"disabled\":false},{\"move\":\"Earth Power\",\"id\":\"earthpower\",\"pp\":15,\"maxpp\":16,\"target\":\"normal\",\"disabled\":false},{\"move\":\"Sludge Bomb\",\"id\":\"sludgebomb\",\"pp\":14,\"maxpp\":16,\"target\":\"normal\",\"disabled\":false},{\"move\":\"Sleep Powder\",\"id\":\"sleeppowder\",\"pp\":23,\"maxpp\":24,\"target\":\"normal\",\"disabled\":false}],\"canTerastallize\":\"Steel\"}],\"side\":{\"name\":\"p0y0722144\",\"id\":\"p2\",\"pokemon\":[{\"ident\":\"p2: Venusaur\",\"details\":\"Venusaur, L84, M\",\"condition\":\"132/272\",\"active\":true,\"stats\":{\"atk\":142,\"def\":188,\"spa\":216,\"spd\":216,\"spe\":183},\"moves\":[\"synthesis\",\"earthpower\",\"sludgebomb\",\"sleeppowder\"],\"baseAbility\":\"chlorophyll\",\"item\":\"\",\"pokeball\":\"pokeball\",\"ability\":\"chlorophyll\",\"commanding\":false,\"reviving\":false,\"teraType\":\"Steel\",\"terastallized\":\"\"},{\"ident\":\"p2: Rampardos\",\"details\":\"Rampardos, L90, F\",\"condition\":\"15/321 tox\",\"active\":false,\"stats\":{\"atk\":348,\"def\":159,\"spa\":168,\"spd\":141,\"spe\":156},\"moves\":[\"firepunch\",\"headsmash\",\"earthquake\",\"rockslide\"],\"baseAbility\":\"sheerforce\",\"item\":\"choicescarf\",\"pokeball\":\"pokeball\",\"ability\":\"sheerforce\",\"commanding\":false,\"reviving\":false,\"teraType\":\"Rock\",\"terastallized\":\"\"},{\"ident\":\"p2: Dudunsparce\",\"details\":\"Dudunsparce-Three-Segment, L83, M\",\"condition\":\"343/343\",\"active\":false,\"stats\":{\"atk\":214,\"def\":180,\"spa\":189,\"spd\":172,\"spe\":139},\"moves\":[\"toxic\",\"boomburst\",\"earthquake\",\"roost\"],\"baseAbility\":\"rattled\",\"item\":\"leftovers\",\"pokeball\":\"pokeball\",\"ability\":\"rattled\",\"commanding\":false,\"reviving\":false,\"teraType\":\"Ground\",\"terastallized\":\"\"},{\"ident\":\"p2: Jirachi\",\"details\":\"Jirachi, L80\",\"condition\":\"291/291\",\"active\":false,\"stats\":{\"atk\":206,\"def\":206,\"spa\":206,\"spd\":206,\"spe\":206},\"moves\":[\"bodyslam\",\"wish\",\"ironhead\",\"protect\"],\"baseAbility\":\"serenegrace\",\"item\":\"leftovers\",\"pokeball\":\"pokeball\",\"ability\":\"serenegrace\",\"commanding\":false,\"reviving\":false,\"teraType\":\"Water\",\"terastallized\":\"\"},{\"ident\":\"p2: Weezing\",\"details\":\"Weezing, L88, F\",\"condition\":\"258/258\",\"active\":false,\"stats\":{\"atk\":163,\"def\":261,\"spa\":200,\"spd\":173,\"spe\":156},\"moves\":[\"fireblast\",\"painsplit\",\"sludgebomb\",\"willowisp\"],\"baseAbility\":\"levitate\",\"item\":\"leftovers\",\"pokeball\":\"pokeball\",\"ability\":\"levitate\",\"commanding\":false,\"reviving\":false,\"teraType\":\"Steel\",\"terastallized\":\"\"},{\"ident\":\"p2: Chesnaught\",\"details\":\"Chesnaught, L84, M\",\"condition\":\"212/285\",\"active\":false,\"stats\":{\"atk\":228,\"def\":253,\"spa\":173,\"spd\":174,\"spe\":156},\"moves\":[\"knockoff\",\"bodypress\",\"woodhammer\",\"synthesis\"],\"baseAbility\":\"bulletproof\",\"item\":\"rockyhelmet\",\"pokeball\":\"pokeball\",\"ability\":\"bulletproof\",\"commanding\":false,\"reviving\":false,\"teraType\":\"Steel\",\"terastallized\":\"\"}]},\"rqid\":77}\n|inactive|Time left: 300 sec this turn | 300 sec total\n|\n|t:|1783392063\n|move|p2a: Venusaur|Synthesis|p2a: Venusaur\n|-heal|p2a: Venusaur|268/272\n|move|p1a: Umbreon|Foul Play|p2a: Venusaur\n|-damage|p2a: Venusaur|199/272\n|\n|-heal|p1a: Umbreon|61/100|[from] item: Leftovers\n|upkeep\n|turn|38\n|request|{\"active\":[{\"moves\":[{\"move\":\"Synthesis\",\"id\":\"synthesis\",\"pp\":5,\"maxpp\":8,\"target\":\"self\",\"disabled\":false},{\"move\":\"Earth Power\",\"id\":\"earthpower\",\"pp\":15,\"maxpp\":16,\"target\":\"normal\",\"disabled\":false},{\"move\":\"Sludge Bomb\",\"id\":\"sludgebomb\",\"pp\":14,\"maxpp\":16,\"target\":\"normal\",\"disabled\":false},{\"move\":\"Sleep Powder\",\"id\":\"sleeppowder\",\"pp\":23,\"maxpp\":24,\"target\":\"normal\",\"disabled\":false}],\"canTerastallize\":\"Steel\"}],\"side\":{\"name\":\"p0y0722144\",\"id\":\"p2\",\"pokemon\":[{\"ident\":\"p2: Venusaur\",\"details\":\"Venusaur, L84, M\",\"condition\":\"199/272\",\"active\":true,\"stats\":{\"atk\":142,\"def\":188,\"spa\":216,\"spd\":216,\"spe\":183},\"moves\":[\"synthesis\",\"earthpower\",\"sludgebomb\",\"sleeppowder\"],\"baseAbility\":\"chlorophyll\",\"item\":\"\",\"pokeball\":\"pokeball\",\"ability\":\"chlorophyll\",\"commanding\":false,\"reviving\":false,\"teraType\":\"Steel\",\"terastallized\":\"\"},{\"ident\":\"p2: Rampardos\",\"details\":\"Rampardos, L90, F\",\"condition\":\"15/321 tox\",\"active\":false,\"stats\":{\"atk\":348,\"def\":159,\"spa\":168,\"spd\":141,\"spe\":156},\"moves\":[\"firepunch\",\"headsmash\",\"earthquake\",\"rockslide\"],\"baseAbility\":\"sheerforce\",\"item\":\"choicescarf\",\"pokeball\":\"pokeball\",\"ability\":\"sheerforce\",\"commanding\":false,\"reviving\":false,\"teraType\":\"Rock\",\"terastallized\":\"\"},{\"ident\":\"p2: Dudunsparce\",\"details\":\"Dudunsparce-Three-Segment, L83, M\",\"condition\":\"343/343\",\"active\":false,\"stats\":{\"atk\":214,\"def\":180,\"spa\":189,\"spd\":172,\"spe\":139},\"moves\":[\"toxic\",\"boomburst\",\"earthquake\",\"roost\"],\"baseAbility\":\"rattled\",\"item\":\"leftovers\",\"pokeball\":\"pokeball\",\"ability\":\"rattled\",\"commanding\":false,\"reviving\":false,\"teraType\":\"Ground\",\"terastallized\":\"\"},{\"ident\":\"p2: Jirachi\",\"details\":\"Jirachi, L80\",\"condition\":\"291/291\",\"active\":false,\"stats\":{\"atk\":206,\"def\":206,\"spa\":206,\"spd\":206,\"spe\":206},\"moves\":[\"bodyslam\",\"wish\",\"ironhead\",\"protect\"],\"baseAbility\":\"serenegrace\",\"item\":\"leftovers\",\"pokeball\":\"pokeball\",\"ability\":\"serenegrace\",\"commanding\":false,\"reviving\":false,\"teraType\":\"Water\",\"terastallized\":\"\"},{\"ident\":\"p2: Weezing\",\"details\":\"Weezing, L88, F\",\"condition\":\"258/258\",\"active\":false,\"stats\":{\"atk\":163,\"def\":261,\"spa\":200,\"spd\":173,\"spe\":156},\"moves\":[\"fireblast\",\"painsplit\",\"sludgebomb\",\"willowisp\"],\"baseAbility\":\"levitate\",\"item\":\"leftovers\",\"pokeball\":\"pokeball\",\"ability\":\"levitate\",\"commanding\":false,\"reviving\":false,\"teraType\":\"Steel\",\"terastallized\":\"\"},{\"ident\":\"p2: Chesnaught\",\"details\":\"Chesnaught, L84, M\",\"condition\":\"212/285\",\"active\":false,\"stats\":{\"atk\":228,\"def\":253,\"spa\":173,\"spd\":174,\"spe\":156},\"moves\":[\"knockoff\",\"bodypress\",\"woodhammer\",\"synthesis\"],\"baseAbility\":\"bulletproof\",\"item\":\"rockyhelmet\",\"pokeball\":\"pokeball\",\"ability\":\"bulletproof\",\"commanding\":false,\"reviving\":false,\"teraType\":\"Steel\",\"terastallized\":\"\"}]},\"rqid\":79}\n|inactive|Time left: 300 sec this turn | 300 sec total\n|\n|t:|1783392063\n|move|p2a: Venusaur|Sleep Powder|p1a: Umbreon\n|-status|p1a: Umbreon|slp|[from] move: Sleep Powder\n|cant|p1a: Umbreon|slp\n|\n|-heal|p1a: Umbreon|67/100 slp|[from] item: Leftovers\n|upkeep\n|turn|39\n|request|{\"active\":[{\"moves\":[{\"move\":\"Synthesis\",\"id\":\"synthesis\",\"pp\":5,\"maxpp\":8,\"target\":\"self\",\"disabled\":false},{\"move\":\"Earth Power\",\"id\":\"earthpower\",\"pp\":15,\"maxpp\":16,\"target\":\"normal\",\"disabled\":false},{\"move\":\"Sludge Bomb\",\"id\":\"sludgebomb\",\"pp\":14,\"maxpp\":16,\"target\":\"normal\",\"disabled\":false},{\"move\":\"Sleep Powder\",\"id\":\"sleeppowder\",\"pp\":22,\"maxpp\":24,\"target\":\"normal\",\"disabled\":false}],\"canTerastallize\":\"Steel\"}],\"side\":{\"name\":\"p0y0722144\",\"id\":\"p2\",\"pokemon\":[{\"ident\":\"p2: Venusaur\",\"details\":\"Venusaur, L84, M\",\"condition\":\"199/272\",\"active\":true,\"stats\":{\"atk\":142,\"def\":188,\"spa\":216,\"spd\":216,\"spe\":183},\"moves\":[\"synthesis\",\"earthpower\",\"sludgebomb\",\"sleeppowder\"],\"baseAbility\":\"chlorophyll\",\"item\":\"\",\"pokeball\":\"pokeball\",\"ability\":\"chlorophyll\",\"commanding\":false,\"reviving\":false,\"teraType\":\"Steel\",\"terastallized\":\"\"},{\"ident\":\"p2: Rampardos\",\"details\":\"Rampardos, L90, F\",\"condition\":\"15/321 tox\",\"active\":false,\"stats\":{\"atk\":348,\"def\":159,\"spa\":168,\"spd\":141,\"spe\":156},\"moves\":[\"firepunch\",\"headsmash\",\"earthquake\",\"rockslide\"],\"baseAbility\":\"sheerforce\",\"item\":\"choicescarf\",\"pokeball\":\"pokeball\",\"ability\":\"sheerforce\",\"commanding\":false,\"reviving\":false,\"teraType\":\"Rock\",\"terastallized\":\"\"},{\"ident\":\"p2: Dudunsparce\",\"details\":\"Dudunsparce-Three-Segment, L83, M\",\"condition\":\"343/343\",\"active\":false,\"stats\":{\"atk\":214,\"def\":180,\"spa\":189,\"spd\":172,\"spe\":139},\"moves\":[\"toxic\",\"boomburst\",\"earthquake\",\"roost\"],\"baseAbility\":\"rattled\",\"item\":\"leftovers\",\"pokeball\":\"pokeball\",\"ability\":\"rattled\",\"commanding\":false,\"reviving\":false,\"teraType\":\"Ground\",\"terastallized\":\"\"},{\"ident\":\"p2: Jirachi\",\"details\":\"Jirachi, L80\",\"condition\":\"291/291\",\"active\":false,\"stats\":{\"atk\":206,\"def\":206,\"spa\":206,\"spd\":206,\"spe\":206},\"moves\":[\"bodyslam\",\"wish\",\"ironhead\",\"protect\"],\"baseAbility\":\"serenegrace\",\"item\":\"leftovers\",\"pokeball\":\"pokeball\",\"ability\":\"serenegrace\",\"commanding\":false,\"reviving\":false,\"teraType\":\"Water\",\"terastallized\":\"\"},{\"ident\":\"p2: Weezing\",\"details\":\"Weezing, L88, F\",\"condition\":\"258/258\",\"active\":false,\"stats\":{\"atk\":163,\"def\":261,\"spa\":200,\"spd\":173,\"spe\":156},\"moves\":[\"fireblast\",\"painsplit\",\"sludgebomb\",\"willowisp\"],\"baseAbility\":\"levitate\",\"item\":\"leftovers\",\"pokeball\":\"pokeball\",\"ability\":\"levitate\",\"commanding\":false,\"reviving\":false,\"teraType\":\"Steel\",\"terastallized\":\"\"},{\"ident\":\"p2: Chesnaught\",\"details\":\"Chesnaught, L84, M\",\"condition\":\"212/285\",\"active\":false,\"stats\":{\"atk\":228,\"def\":253,\"spa\":173,\"spd\":174,\"spe\":156},\"moves\":[\"knockoff\",\"bodypress\",\"woodhammer\",\"synthesis\"],\"baseAbility\":\"bulletproof\",\"item\":\"rockyhelmet\",\"pokeball\":\"pokeball\",\"ability\":\"bulletproof\",\"commanding\":false,\"reviving\":false,\"teraType\":\"Steel\",\"terastallized\":\"\"}]},\"rqid\":81}\n|inactive|Time left: 300 sec this turn | 300 sec total\n|\n|t:|1783392064\n|move|p2a: Venusaur|Sludge Bomb|p1a: Umbreon\n|-damage|p1a: Umbreon|42/100 slp\n|-curestatus|p1a: Umbreon|slp|[msg]\n|move|p1a: Umbreon|Foul Play|p2a: Venusaur\n|-damage|p2a: Venusaur|126/272\n|\n|-heal|p1a: Umbreon|48/100|[from] item: Leftovers\n|upkeep\n|turn|40\n|request|{\"active\":[{\"moves\":[{\"move\":\"Synthesis\",\"id\":\"synthesis\",\"pp\":5,\"maxpp\":8,\"target\":\"self\",\"disabled\":false},{\"move\":\"Earth Power\",\"id\":\"earthpower\",\"pp\":15,\"maxpp\":16,\"target\":\"normal\",\"disabled\":false},{\"move\":\"Sludge Bomb\",\"id\":\"sludgebomb\",\"pp\":13,\"maxpp\":16,\"target\":\"normal\",\"disabled\":false},{\"move\":\"Sleep Powder\",\"id\":\"sleeppowder\",\"pp\":22,\"maxpp\":24,\"target\":\"normal\",\"disabled\":false}],\"canTerastallize\":\"Steel\"}],\"side\":{\"name\":\"p0y0722144\",\"id\":\"p2\",\"pokemon\":[{\"ident\":\"p2: Venusaur\",\"details\":\"Venusaur, L84, M\",\"condition\":\"126/272\",\"active\":true,\"stats\":{\"atk\":142,\"def\":188,\"spa\":216,\"spd\":216,\"spe\":183},\"moves\":[\"synthesis\",\"earthpower\",\"sludgebomb\",\"sleeppowder\"],\"baseAbility\":\"chlorophyll\",\"item\":\"\",\"pokeball\":\"pokeball\",\"ability\":\"chlorophyll\",\"commanding\":false,\"reviving\":false,\"teraType\":\"Steel\",\"terastallized\":\"\"},{\"ident\":\"p2: Rampardos\",\"details\":\"Rampardos, L90, F\",\"condition\":\"15/321 tox\",\"active\":false,\"stats\":{\"atk\":348,\"def\":159,\"spa\":168,\"spd\":141,\"spe\":156},\"moves\":[\"firepunch\",\"headsmash\",\"earthquake\",\"rockslide\"],\"baseAbility\":\"sheerforce\",\"item\":\"choicescarf\",\"pokeball\":\"pokeball\",\"ability\":\"sheerforce\",\"commanding\":false,\"reviving\":false,\"teraType\":\"Rock\",\"terastallized\":\"\"},{\"ident\":\"p2: Dudunsparce\",\"details\":\"Dudunsparce-Three-Segment, L83, M\",\"condition\":\"343/343\",\"active\":false,\"stats\":{\"atk\":214,\"def\":180,\"spa\":189,\"spd\":172,\"spe\":139},\"moves\":[\"toxic\",\"boomburst\",\"earthquake\",\"roost\"],\"baseAbility\":\"rattled\",\"item\":\"leftovers\",\"pokeball\":\"pokeball\",\"ability\":\"rattled\",\"commanding\":false,\"reviving\":false,\"teraType\":\"Ground\",\"terastallized\":\"\"},{\"ident\":\"p2: Jirachi\",\"details\":\"Jirachi, L80\",\"condition\":\"291/291\",\"active\":false,\"stats\":{\"atk\":206,\"def\":206,\"spa\":206,\"spd\":206,\"spe\":206},\"moves\":[\"bodyslam\",\"wish\",\"ironhead\",\"protect\"],\"baseAbility\":\"serenegrace\",\"item\":\"leftovers\",\"pokeball\":\"pokeball\",\"ability\":\"serenegrace\",\"commanding\":false,\"reviving\":false,\"teraType\":\"Water\",\"terastallized\":\"\"},{\"ident\":\"p2: Weezing\",\"details\":\"Weezing, L88, F\",\"condition\":\"258/258\",\"active\":false,\"stats\":{\"atk\":163,\"def\":261,\"spa\":200,\"spd\":173,\"spe\":156},\"moves\":[\"fireblast\",\"painsplit\",\"sludgebomb\",\"willowisp\"],\"baseAbility\":\"levitate\",\"item\":\"leftovers\",\"pokeball\":\"pokeball\",\"ability\":\"levitate\",\"commanding\":false,\"reviving\":false,\"teraType\":\"Steel\",\"terastallized\":\"\"},{\"ident\":\"p2: Chesnaught\",\"details\":\"Chesnaught, L84, M\",\"condition\":\"212/285\",\"active\":false,\"stats\":{\"atk\":228,\"def\":253,\"spa\":173,\"spd\":174,\"spe\":156},\"moves\":[\"knockoff\",\"bodypress\",\"woodhammer\",\"synthesis\"],\"baseAbility\":\"bulletproof\",\"item\":\"rockyhelmet\",\"pokeball\":\"pokeball\",\"ability\":\"bulletproof\",\"commanding\":false,\"reviving\":false,\"teraType\":\"Steel\",\"terastallized\":\"\"}]},\"rqid\":83}\n|inactive|Time left: 300 sec this turn | 300 sec total\n|\n|t:|1783392064\n|move|p2a: Venusaur|Synthesis|p2a: Venusaur\n|-heal|p2a: Venusaur|262/272\n|move|p1a: Umbreon|Wish|p1a: Umbreon\n|\n|-heal|p1a: Umbreon|54/100|[from] item: Leftovers\n|upkeep\n|turn|41\n|request|{\"active\":[{\"moves\":[{\"move\":\"Synthesis\",\"id\":\"synthesis\",\"pp\":4,\"maxpp\":8,\"target\":\"self\",\"disabled\":false},{\"move\":\"Earth Power\",\"id\":\"earthpower\",\"pp\":15,\"maxpp\":16,\"target\":\"normal\",\"disabled\":false},{\"move\":\"Sludge Bomb\",\"id\":\"sludgebomb\",\"pp\":13,\"maxpp\":16,\"target\":\"normal\",\"disabled\":false},{\"move\":\"Sleep Powder\",\"id\":\"sleeppowder\",\"pp\":22,\"maxpp\":24,\"target\":\"normal\",\"disabled\":false}],\"canTerastallize\":\"Steel\"}],\"side\":{\"name\":\"p0y0722144\",\"id\":\"p2\",\"pokemon\":[{\"ident\":\"p2: Venusaur\",\"details\":\"Venusaur, L84, M\",\"condition\":\"262/272\",\"active\":true,\"stats\":{\"atk\":142,\"def\":188,\"spa\":216,\"spd\":216,\"spe\":183},\"moves\":[\"synthesis\",\"earthpower\",\"sludgebomb\",\"sleeppowder\"],\"baseAbility\":\"chlorophyll\",\"item\":\"\",\"pokeball\":\"pokeball\",\"ability\":\"chlorophyll\",\"commanding\":false,\"reviving\":false,\"teraType\":\"Steel\",\"terastallized\":\"\"},{\"ident\":\"p2: Rampardos\",\"details\":\"Rampardos, L90, F\",\"condition\":\"15/321 tox\",\"active\":false,\"stats\":{\"atk\":348,\"def\":159,\"spa\":168,\"spd\":141,\"spe\":156},\"moves\":[\"firepunch\",\"headsmash\",\"earthquake\",\"rockslide\"],\"baseAbility\":\"sheerforce\",\"item\":\"choicescarf\",\"pokeball\":\"pokeball\",\"ability\":\"sheerforce\",\"commanding\":false,\"reviving\":false,\"teraType\":\"Rock\",\"terastallized\":\"\"},{\"ident\":\"p2: Dudunsparce\",\"details\":\"Dudunsparce-Three-Segment, L83, M\",\"condition\":\"343/343\",\"active\":false,\"stats\":{\"atk\":214,\"def\":180,\"spa\":189,\"spd\":172,\"spe\":139},\"moves\":[\"toxic\",\"boomburst\",\"earthquake\",\"roost\"],\"baseAbility\":\"rattled\",\"item\":\"leftovers\",\"pokeball\":\"pokeball\",\"ability\":\"rattled\",\"commanding\":false,\"reviving\":false,\"teraType\":\"Ground\",\"terastallized\":\"\"},{\"ident\":\"p2: Jirachi\",\"details\":\"Jirachi, L80\",\"condition\":\"291/291\",\"active\":false,\"stats\":{\"atk\":206,\"def\":206,\"spa\":206,\"spd\":206,\"spe\":206},\"moves\":[\"bodyslam\",\"wish\",\"ironhead\",\"protect\"],\"baseAbility\":\"serenegrace\",\"item\":\"leftovers\",\"pokeball\":\"pokeball\",\"ability\":\"serenegrace\",\"commanding\":false,\"reviving\":false,\"teraType\":\"Water\",\"terastallized\":\"\"},{\"ident\":\"p2: Weezing\",\"details\":\"Weezing, L88, F\",\"condition\":\"258/258\",\"active\":false,\"stats\":{\"atk\":163,\"def\":261,\"spa\":200,\"spd\":173,\"spe\":156},\"moves\":[\"fireblast\",\"painsplit\",\"sludgebomb\",\"willowisp\"],\"baseAbility\":\"levitate\",\"item\":\"leftovers\",\"pokeball\":\"pokeball\",\"ability\":\"levitate\",\"commanding\":false,\"reviving\":false,\"teraType\":\"Steel\",\"terastallized\":\"\"},{\"ident\":\"p2: Chesnaught\",\"details\":\"Chesnaught, L84, M\",\"condition\":\"212/285\",\"active\":false,\"stats\":{\"atk\":228,\"def\":253,\"spa\":173,\"spd\":174,\"spe\":156},\"moves\":[\"knockoff\",\"bodypress\",\"woodhammer\",\"synthesis\"],\"baseAbility\":\"bulletproof\",\"item\":\"rockyhelmet\",\"pokeball\":\"pokeball\",\"ability\":\"bulletproof\",\"commanding\":false,\"reviving\":false,\"teraType\":\"Steel\",\"terastallized\":\"\"}]},\"rqid\":85}\n|inactive|Time left: 300 sec this turn | 300 sec total\n|\n|t:|1783392064\n|move|p2a: Venusaur|Sleep Powder|p1a: Umbreon\n|-status|p1a: Umbreon|slp|[from] move: Sleep Powder\n|cant|p1a: Umbreon|slp\n|\n|-heal|p1a: Umbreon|100/100 slp|[from] move: Wish|[wisher] Umbreon\n|upkeep\n|turn|42\n|request|{\"active\":[{\"moves\":[{\"move\":\"Synthesis\",\"id\":\"synthesis\",\"pp\":4,\"maxpp\":8,\"target\":\"self\",\"disabled\":false},{\"move\":\"Earth Power\",\"id\":\"earthpower\",\"pp\":15,\"maxpp\":16,\"target\":\"normal\",\"disabled\":false},{\"move\":\"Sludge Bomb\",\"id\":\"sludgebomb\",\"pp\":13,\"maxpp\":16,\"target\":\"normal\",\"disabled\":false},{\"move\":\"Sleep Powder\",\"id\":\"sleeppowder\",\"pp\":21,\"maxpp\":24,\"target\":\"normal\",\"disabled\":false}],\"canTerastallize\":\"Steel\"}],\"side\":{\"name\":\"p0y0722144\",\"id\":\"p2\",\"pokemon\":[{\"ident\":\"p2: Venusaur\",\"details\":\"Venusaur, L84, M\",\"condition\":\"262/272\",\"active\":true,\"stats\":{\"atk\":142,\"def\":188,\"spa\":216,\"spd\":216,\"spe\":183},\"moves\":[\"synthesis\",\"earthpower\",\"sludgebomb\",\"sleeppowder\"],\"baseAbility\":\"chlorophyll\",\"item\":\"\",\"pokeball\":\"pokeball\",\"ability\":\"chlorophyll\",\"commanding\":false,\"reviving\":false,\"teraType\":\"Steel\",\"terastallized\":\"\"},{\"ident\":\"p2: Rampardos\",\"details\":\"Rampardos, L90, F\",\"condition\":\"15/321 tox\",\"active\":false,\"stats\":{\"atk\":348,\"def\":159,\"spa\":168,\"spd\":141,\"spe\":156},\"moves\":[\"firepunch\",\"headsmash\",\"earthquake\",\"rockslide\"],\"baseAbility\":\"sheerforce\",\"item\":\"choicescarf\",\"pokeball\":\"pokeball\",\"ability\":\"sheerforce\",\"commanding\":false,\"reviving\":false,\"teraType\":\"Rock\",\"terastallized\":\"\"},{\"ident\":\"p2: Dudunsparce\",\"details\":\"Dudunsparce-Three-Segment, L83, M\",\"condition\":\"343/343\",\"active\":false,\"stats\":{\"atk\":214,\"def\":180,\"spa\":189,\"spd\":172,\"spe\":139},\"moves\":[\"toxic\",\"boomburst\",\"earthquake\",\"roost\"],\"baseAbility\":\"rattled\",\"item\":\"leftovers\",\"pokeball\":\"pokeball\",\"ability\":\"rattled\",\"commanding\":false,\"reviving\":false,\"teraType\":\"Ground\",\"terastallized\":\"\"},{\"ident\":\"p2: Jirachi\",\"details\":\"Jirachi, L80\",\"condition\":\"291/291\",\"active\":false,\"stats\":{\"atk\":206,\"def\":206,\"spa\":206,\"spd\":206,\"spe\":206},\"moves\":[\"bodyslam\",\"wish\",\"ironhead\",\"protect\"],\"baseAbility\":\"serenegrace\",\"item\":\"leftovers\",\"pokeball\":\"pokeball\",\"ability\":\"serenegrace\",\"commanding\":false,\"reviving\":false,\"teraType\":\"Water\",\"terastallized\":\"\"},{\"ident\":\"p2: Weezing\",\"details\":\"Weezing, L88, F\",\"condition\":\"258/258\",\"active\":false,\"stats\":{\"atk\":163,\"def\":261,\"spa\":200,\"spd\":173,\"spe\":156},\"moves\":[\"fireblast\",\"painsplit\",\"sludgebomb\",\"willowisp\"],\"baseAbility\":\"levitate\",\"item\":\"leftovers\",\"pokeball\":\"pokeball\",\"ability\":\"levitate\",\"commanding\":false,\"reviving\":false,\"teraType\":\"Steel\",\"terastallized\":\"\"},{\"ident\":\"p2: Chesnaught\",\"details\":\"Chesnaught, L84, M\",\"condition\":\"212/285\",\"active\":false,\"stats\":{\"atk\":228,\"def\":253,\"spa\":173,\"spd\":174,\"spe\":156},\"moves\":[\"knockoff\",\"bodypress\",\"woodhammer\",\"synthesis\"],\"baseAbility\":\"bulletproof\",\"item\":\"rockyhelmet\",\"pokeball\":\"pokeball\",\"ability\":\"bulletproof\",\"commanding\":false,\"reviving\":false,\"teraType\":\"Steel\",\"terastallized\":\"\"}]},\"rqid\":87}\n|inactive|Time left: 300 sec this turn | 300 sec total\n|\n|t:|1783392064\n|move|p2a: Venusaur|Sludge Bomb|p1a: Umbreon\n|-damage|p1a: Umbreon|77/100 slp\n|-curestatus|p1a: Umbreon|slp|[msg]\n|move|p1a: Umbreon|Foul Play|p2a: Venusaur\n|-damage|p2a: Venusaur|186/272\n|\n|-heal|p1a: Umbreon|83/100|[from] item: Leftovers\n|upkeep\n|turn|43\n|request|{\"active\":[{\"moves\":[{\"move\":\"Synthesis\",\"id\":\"synthesis\",\"pp\":4,\"maxpp\":8,\"target\":\"self\",\"disabled\":false},{\"move\":\"Earth Power\",\"id\":\"earthpower\",\"pp\":15,\"maxpp\":16,\"target\":\"normal\",\"disabled\":false},{\"move\":\"Sludge Bomb\",\"id\":\"sludgebomb\",\"pp\":12,\"maxpp\":16,\"target\":\"normal\",\"disabled\":false},{\"move\":\"Sleep Powder\",\"id\":\"sleeppowder\",\"pp\":21,\"maxpp\":24,\"target\":\"normal\",\"disabled\":false}],\"canTerastallize\":\"Steel\"}],\"side\":{\"name\":\"p0y0722144\",\"id\":\"p2\",\"pokemon\":[{\"ident\":\"p2: Venusaur\",\"details\":\"Venusaur, L84, M\",\"condition\":\"186/272\",\"active\":true,\"stats\":{\"atk\":142,\"def\":188,\"spa\":216,\"spd\":216,\"spe\":183},\"moves\":[\"synthesis\",\"earthpower\",\"sludgebomb\",\"sleeppowder\"],\"baseAbility\":\"chlorophyll\",\"item\":\"\",\"pokeball\":\"pokeball\",\"ability\":\"chlorophyll\",\"commanding\":false,\"reviving\":false,\"teraType\":\"Steel\",\"terastallized\":\"\"},{\"ident\":\"p2: Rampardos\",\"details\":\"Rampardos, L90, F\",\"condition\":\"15/321 tox\",\"active\":false,\"stats\":{\"atk\":348,\"def\":159,\"spa\":168,\"spd\":141,\"spe\":156},\"moves\":[\"firepunch\",\"headsmash\",\"earthquake\",\"rockslide\"],\"baseAbility\":\"sheerforce\",\"item\":\"choicescarf\",\"pokeball\":\"pokeball\",\"ability\":\"sheerforce\",\"commanding\":false,\"reviving\":false,\"teraType\":\"Rock\",\"terastallized\":\"\"},{\"ident\":\"p2: Dudunsparce\",\"details\":\"Dudunsparce-Three-Segment, L83, M\",\"condition\":\"343/343\",\"active\":false,\"stats\":{\"atk\":214,\"def\":180,\"spa\":189,\"spd\":172,\"spe\":139},\"moves\":[\"toxic\",\"boomburst\",\"earthquake\",\"roost\"],\"baseAbility\":\"rattled\",\"item\":\"leftovers\",\"pokeball\":\"pokeball\",\"ability\":\"rattled\",\"commanding\":false,\"reviving\":false,\"teraType\":\"Ground\",\"terastallized\":\"\"},{\"ident\":\"p2: Jirachi\",\"details\":\"Jirachi, L80\",\"condition\":\"291/291\",\"active\":false,\"stats\":{\"atk\":206,\"def\":206,\"spa\":206,\"spd\":206,\"spe\":206},\"moves\":[\"bodyslam\",\"wish\",\"ironhead\",\"protect\"],\"baseAbility\":\"serenegrace\",\"item\":\"leftovers\",\"pokeball\":\"pokeball\",\"ability\":\"serenegrace\",\"commanding\":false,\"reviving\":false,\"teraType\":\"Water\",\"terastallized\":\"\"},{\"ident\":\"p2: Weezing\",\"details\":\"Weezing, L88, F\",\"condition\":\"258/258\",\"active\":false,\"stats\":{\"atk\":163,\"def\":261,\"spa\":200,\"spd\":173,\"spe\":156},\"moves\":[\"fireblast\",\"painsplit\",\"sludgebomb\",\"willowisp\"],\"baseAbility\":\"levitate\",\"item\":\"leftovers\",\"pokeball\":\"pokeball\",\"ability\":\"levitate\",\"commanding\":false,\"reviving\":false,\"teraType\":\"Steel\",\"terastallized\":\"\"},{\"ident\":\"p2: Chesnaught\",\"details\":\"Chesnaught, L84, M\",\"condition\":\"212/285\",\"active\":false,\"stats\":{\"atk\":228,\"def\":253,\"spa\":173,\"spd\":174,\"spe\":156},\"moves\":[\"knockoff\",\"bodypress\",\"woodhammer\",\"synthesis\"],\"baseAbility\":\"bulletproof\",\"item\":\"rockyhelmet\",\"pokeball\":\"pokeball\",\"ability\":\"bulletproof\",\"commanding\":false,\"reviving\":false,\"teraType\":\"Steel\",\"terastallized\":\"\"}]},\"rqid\":89}\n|inactive|Time left: 300 sec this turn | 300 sec total\n|\n|t:|1783392065\n|move|p2a: Venusaur|Sleep Powder|p1a: Umbreon\n|-status|p1a: Umbreon|slp|[from] move: Sleep Powder\n|cant|p1a: Umbreon|slp\n|\n|-heal|p1a: Umbreon|89/100 slp|[from] item: Leftovers\n|upkeep\n|turn|44\n|request|{\"active\":[{\"moves\":[{\"move\":\"Synthesis\",\"id\":\"synthesis\",\"pp\":4,\"maxpp\":8,\"target\":\"self\",\"disabled\":false},{\"move\":\"Earth Power\",\"id\":\"earthpower\",\"pp\":15,\"maxpp\":16,\"target\":\"normal\",\"disabled\":false},{\"move\":\"Sludge Bomb\",\"id\":\"sludgebomb\",\"pp\":12,\"maxpp\":16,\"target\":\"normal\",\"disabled\":false},{\"move\":\"Sleep Powder\",\"id\":\"sleeppowder\",\"pp\":20,\"maxpp\":24,\"target\":\"normal\",\"disabled\":false}],\"canTerastallize\":\"Steel\"}],\"side\":{\"name\":\"p0y0722144\",\"id\":\"p2\",\"pokemon\":[{\"ident\":\"p2: Venusaur\",\"details\":\"Venusaur, L84, M\",\"condition\":\"186/272\",\"active\":true,\"stats\":{\"atk\":142,\"def\":188,\"spa\":216,\"spd\":216,\"spe\":183},\"moves\":[\"synthesis\",\"earthpower\",\"sludgebomb\",\"sleeppowder\"],\"baseAbility\":\"chlorophyll\",\"item\":\"\",\"pokeball\":\"pokeball\",\"ability\":\"chlorophyll\",\"commanding\":false,\"reviving\":false,\"teraType\":\"Steel\",\"terastallized\":\"\"},{\"ident\":\"p2: Rampardos\",\"details\":\"Rampardos, L90, F\",\"condition\":\"15/321 tox\",\"active\":false,\"stats\":{\"atk\":348,\"def\":159,\"spa\":168,\"spd\":141,\"spe\":156},\"moves\":[\"firepunch\",\"headsmash\",\"earthquake\",\"rockslide\"],\"baseAbility\":\"sheerforce\",\"item\":\"choicescarf\",\"pokeball\":\"pokeball\",\"ability\":\"sheerforce\",\"commanding\":false,\"reviving\":false,\"teraType\":\"Rock\",\"terastallized\":\"\"},{\"ident\":\"p2: Dudunsparce\",\"details\":\"Dudunsparce-Three-Segment, L83, M\",\"condition\":\"343/343\",\"active\":false,\"stats\":{\"atk\":214,\"def\":180,\"spa\":189,\"spd\":172,\"spe\":139},\"moves\":[\"toxic\",\"boomburst\",\"earthquake\",\"roost\"],\"baseAbility\":\"rattled\",\"item\":\"leftovers\",\"pokeball\":\"pokeball\",\"ability\":\"rattled\",\"commanding\":false,\"reviving\":false,\"teraType\":\"Ground\",\"terastallized\":\"\"},{\"ident\":\"p2: Jirachi\",\"details\":\"Jirachi, L80\",\"condition\":\"291/291\",\"active\":false,\"stats\":{\"atk\":206,\"def\":206,\"spa\":206,\"spd\":206,\"spe\":206},\"moves\":[\"bodyslam\",\"wish\",\"ironhead\",\"protect\"],\"baseAbility\":\"serenegrace\",\"item\":\"leftovers\",\"pokeball\":\"pokeball\",\"ability\":\"serenegrace\",\"commanding\":false,\"reviving\":false,\"teraType\":\"Water\",\"terastallized\":\"\"},{\"ident\":\"p2: Weezing\",\"details\":\"Weezing, L88, F\",\"condition\":\"258/258\",\"active\":false,\"stats\":{\"atk\":163,\"def\":261,\"spa\":200,\"spd\":173,\"spe\":156},\"moves\":[\"fireblast\",\"painsplit\",\"sludgebomb\",\"willowisp\"],\"baseAbility\":\"levitate\",\"item\":\"leftovers\",\"pokeball\":\"pokeball\",\"ability\":\"levitate\",\"commanding\":false,\"reviving\":false,\"teraType\":\"Steel\",\"terastallized\":\"\"},{\"ident\":\"p2: Chesnaught\",\"details\":\"Chesnaught, L84, M\",\"condition\":\"212/285\",\"active\":false,\"stats\":{\"atk\":228,\"def\":253,\"spa\":173,\"spd\":174,\"spe\":156},\"moves\":[\"knockoff\",\"bodypress\",\"woodhammer\",\"synthesis\"],\"baseAbility\":\"bulletproof\",\"item\":\"rockyhelmet\",\"pokeball\":\"pokeball\",\"ability\":\"bulletproof\",\"commanding\":false,\"reviving\":false,\"teraType\":\"Steel\",\"terastallized\":\"\"}]},\"rqid\":91}\n|inactive|Time left: 300 sec this turn | 300 sec total\n|\n|t:|1783392065\n|move|p2a: Venusaur|Sludge Bomb|p1a: Umbreon\n|-damage|p1a: Umbreon|67/100 slp\n|cant|p1a: Umbreon|slp\n|\n|-heal|p1a: Umbreon|73/100 slp|[from] item: Leftovers\n|upkeep\n|turn|45\n|request|{\"active\":[{\"moves\":[{\"move\":\"Synthesis\",\"id\":\"synthesis\",\"pp\":4,\"maxpp\":8,\"target\":\"self\",\"disabled\":false},{\"move\":\"Earth Power\",\"id\":\"earthpower\",\"pp\":15,\"maxpp\":16,\"target\":\"normal\",\"disabled\":false},{\"move\":\"Sludge Bomb\",\"id\":\"sludgebomb\",\"pp\":11,\"maxpp\":16,\"target\":\"normal\",\"disabled\":false},{\"move\":\"Sleep Powder\",\"id\":\"sleeppowder\",\"pp\":20,\"maxpp\":24,\"target\":\"normal\",\"disabled\":false}],\"canTerastallize\":\"Steel\"}],\"side\":{\"name\":\"p0y0722144\",\"id\":\"p2\",\"pokemon\":[{\"ident\":\"p2: Venusaur\",\"details\":\"Venusaur, L84, M\",\"condition\":\"186/272\",\"active\":true,\"stats\":{\"atk\":142,\"def\":188,\"spa\":216,\"spd\":216,\"spe\":183},\"moves\":[\"synthesis\",\"earthpower\",\"sludgebomb\",\"sleeppowder\"],\"baseAbility\":\"chlorophyll\",\"item\":\"\",\"pokeball\":\"pokeball\",\"ability\":\"chlorophyll\",\"commanding\":false,\"reviving\":false,\"teraType\":\"Steel\",\"terastallized\":\"\"},{\"ident\":\"p2: Rampardos\",\"details\":\"Rampardos, L90, F\",\"condition\":\"15/321 tox\",\"active\":false,\"stats\":{\"atk\":348,\"def\":159,\"spa\":168,\"spd\":141,\"spe\":156},\"moves\":[\"firepunch\",\"headsmash\",\"earthquake\",\"rockslide\"],\"baseAbility\":\"sheerforce\",\"item\":\"choicescarf\",\"pokeball\":\"pokeball\",\"ability\":\"sheerforce\",\"commanding\":false,\"reviving\":false,\"teraType\":\"Rock\",\"terastallized\":\"\"},{\"ident\":\"p2: Dudunsparce\",\"details\":\"Dudunsparce-Three-Segment, L83, M\",\"condition\":\"343/343\",\"active\":false,\"stats\":{\"atk\":214,\"def\":180,\"spa\":189,\"spd\":172,\"spe\":139},\"moves\":[\"toxic\",\"boomburst\",\"earthquake\",\"roost\"],\"baseAbility\":\"rattled\",\"item\":\"leftovers\",\"pokeball\":\"pokeball\",\"ability\":\"rattled\",\"commanding\":false,\"reviving\":false,\"teraType\":\"Ground\",\"terastallized\":\"\"},{\"ident\":\"p2: Jirachi\",\"details\":\"Jirachi, L80\",\"condition\":\"291/291\",\"active\":false,\"stats\":{\"atk\":206,\"def\":206,\"spa\":206,\"spd\":206,\"spe\":206},\"moves\":[\"bodyslam\",\"wish\",\"ironhead\",\"protect\"],\"baseAbility\":\"serenegrace\",\"item\":\"leftovers\",\"pokeball\":\"pokeball\",\"ability\":\"serenegrace\",\"commanding\":false,\"reviving\":false,\"teraType\":\"Water\",\"terastallized\":\"\"},{\"ident\":\"p2: Weezing\",\"details\":\"Weezing, L88, F\",\"condition\":\"258/258\",\"active\":false,\"stats\":{\"atk\":163,\"def\":261,\"spa\":200,\"spd\":173,\"spe\":156},\"moves\":[\"fireblast\",\"painsplit\",\"sludgebomb\",\"willowisp\"],\"baseAbility\":\"levitate\",\"item\":\"leftovers\",\"pokeball\":\"pokeball\",\"ability\":\"levitate\",\"commanding\":false,\"reviving\":false,\"teraType\":\"Steel\",\"terastallized\":\"\"},{\"ident\":\"p2: Chesnaught\",\"details\":\"Chesnaught, L84, M\",\"condition\":\"212/285\",\"active\":false,\"stats\":{\"atk\":228,\"def\":253,\"spa\":173,\"spd\":174,\"spe\":156},\"moves\":[\"knockoff\",\"bodypress\",\"woodhammer\",\"synthesis\"],\"baseAbility\":\"bulletproof\",\"item\":\"rockyhelmet\",\"pokeball\":\"pokeball\",\"ability\":\"bulletproof\",\"commanding\":false,\"reviving\":false,\"teraType\":\"Steel\",\"terastallized\":\"\"}]},\"rqid\":93}\n|inactive|Time left: 300 sec this turn | 300 sec total\n|\n|t:|1783392065\n|move|p2a: Venusaur|Synthesis|p2a: Venusaur\n|-heal|p2a: Venusaur|272/272\n|cant|p1a: Umbreon|slp\n|\n|-heal|p1a: Umbreon|79/100 slp|[from] item: Leftovers\n|upkeep\n|turn|46\n|request|{\"active\":[{\"moves\":[{\"move\":\"Synthesis\",\"id\":\"synthesis\",\"pp\":3,\"maxpp\":8,\"target\":\"self\",\"disabled\":false},{\"move\":\"Earth Power\",\"id\":\"earthpower\",\"pp\":15,\"maxpp\":16,\"target\":\"normal\",\"disabled\":false},{\"move\":\"Sludge Bomb\",\"id\":\"sludgebomb\",\"pp\":11,\"maxpp\":16,\"target\":\"normal\",\"disabled\":false},{\"move\":\"Sleep Powder\",\"id\":\"sleeppowder\",\"pp\":20,\"maxpp\":24,\"target\":\"normal\",\"disabled\":false}],\"canTerastallize\":\"Steel\"}],\"side\":{\"name\":\"p0y0722144\",\"id\":\"p2\",\"pokemon\":[{\"ident\":\"p2: Venusaur\",\"details\":\"Venusaur, L84, M\",\"condition\":\"272/272\",\"active\":true,\"stats\":{\"atk\":142,\"def\":188,\"spa\":216,\"spd\":216,\"spe\":183},\"moves\":[\"synthesis\",\"earthpower\",\"sludgebomb\",\"sleeppowder\"],\"baseAbility\":\"chlorophyll\",\"item\":\"\",\"pokeball\":\"pokeball\",\"ability\":\"chlorophyll\",\"commanding\":false,\"reviving\":false,\"teraType\":\"Steel\",\"terastallized\":\"\"},{\"ident\":\"p2: Rampardos\",\"details\":\"Rampardos, L90, F\",\"condition\":\"15/321 tox\",\"active\":false,\"stats\":{\"atk\":348,\"def\":159,\"spa\":168,\"spd\":141,\"spe\":156},\"moves\":[\"firepunch\",\"headsmash\",\"earthquake\",\"rockslide\"],\"baseAbility\":\"sheerforce\",\"item\":\"choicescarf\",\"pokeball\":\"pokeball\",\"ability\":\"sheerforce\",\"commanding\":false,\"reviving\":false,\"teraType\":\"Rock\",\"terastallized\":\"\"},{\"ident\":\"p2: Dudunsparce\",\"details\":\"Dudunsparce-Three-Segment, L83, M\",\"condition\":\"343/343\",\"active\":false,\"stats\":{\"atk\":214,\"def\":180,\"spa\":189,\"spd\":172,\"spe\":139},\"moves\":[\"toxic\",\"boomburst\",\"earthquake\",\"roost\"],\"baseAbility\":\"rattled\",\"item\":\"leftovers\",\"pokeball\":\"pokeball\",\"ability\":\"rattled\",\"commanding\":false,\"reviving\":false,\"teraType\":\"Ground\",\"terastallized\":\"\"},{\"ident\":\"p2: Jirachi\",\"details\":\"Jirachi, L80\",\"condition\":\"291/291\",\"active\":false,\"stats\":{\"atk\":206,\"def\":206,\"spa\":206,\"spd\":206,\"spe\":206},\"moves\":[\"bodyslam\",\"wish\",\"ironhead\",\"protect\"],\"baseAbility\":\"serenegrace\",\"item\":\"leftovers\",\"pokeball\":\"pokeball\",\"ability\":\"serenegrace\",\"commanding\":false,\"reviving\":false,\"teraType\":\"Water\",\"terastallized\":\"\"},{\"ident\":\"p2: Weezing\",\"details\":\"Weezing, L88, F\",\"condition\":\"258/258\",\"active\":false,\"stats\":{\"atk\":163,\"def\":261,\"spa\":200,\"spd\":173,\"spe\":156},\"moves\":[\"fireblast\",\"painsplit\",\"sludgebomb\",\"willowisp\"],\"baseAbility\":\"levitate\",\"item\":\"leftovers\",\"pokeball\":\"pokeball\",\"ability\":\"levitate\",\"commanding\":false,\"reviving\":false,\"teraType\":\"Steel\",\"terastallized\":\"\"},{\"ident\":\"p2: Chesnaught\",\"details\":\"Chesnaught, L84, M\",\"condition\":\"212/285\",\"active\":false,\"stats\":{\"atk\":228,\"def\":253,\"spa\":173,\"spd\":174,\"spe\":156},\"moves\":[\"knockoff\",\"bodypress\",\"woodhammer\",\"synthesis\"],\"baseAbility\":\"bulletproof\",\"item\":\"rockyhelmet\",\"pokeball\":\"pokeball\",\"ability\":\"bulletproof\",\"commanding\":false,\"reviving\":false,\"teraType\":\"Steel\",\"terastallized\":\"\"}]},\"rqid\":95}\n|inactive|Time left: 300 sec this turn | 300 sec total\n|\n|t:|1783392065\n|move|p2a: Venusaur|Sludge Bomb|p1a: Umbreon\n|-damage|p1a: Umbreon|56/100 slp\n|-curestatus|p1a: Umbreon|slp|[msg]\n|move|p1a: Umbreon|Foul Play|p2a: Venusaur\n|-damage|p2a: Venusaur|203/272\n|\n|-heal|p1a: Umbreon|62/100|[from] item: Leftovers\n|upkeep\n|turn|47\n|request|{\"active\":[{\"moves\":[{\"move\":\"Synthesis\",\"id\":\"synthesis\",\"pp\":3,\"maxpp\":8,\"target\":\"self\",\"disabled\":false},{\"move\":\"Earth Power\",\"id\":\"earthpower\",\"pp\":15,\"maxpp\":16,\"target\":\"normal\",\"disabled\":false},{\"move\":\"Sludge Bomb\",\"id\":\"sludgebomb\",\"pp\":10,\"maxpp\":16,\"target\":\"normal\",\"disabled\":false},{\"move\":\"Sleep Powder\",\"id\":\"sleeppowder\",\"pp\":20,\"maxpp\":24,\"target\":\"normal\",\"disabled\":false}],\"canTerastallize\":\"Steel\"}],\"side\":{\"name\":\"p0y0722144\",\"id\":\"p2\",\"pokemon\":[{\"ident\":\"p2: Venusaur\",\"details\":\"Venusaur, L84, M\",\"condition\":\"203/272\",\"active\":true,\"stats\":{\"atk\":142,\"def\":188,\"spa\":216,\"spd\":216,\"spe\":183},\"moves\":[\"synthesis\",\"earthpower\",\"sludgebomb\",\"sleeppowder\"],\"baseAbility\":\"chlorophyll\",\"item\":\"\",\"pokeball\":\"pokeball\",\"ability\":\"chlorophyll\",\"commanding\":false,\"reviving\":false,\"teraType\":\"Steel\",\"terastallized\":\"\"},{\"ident\":\"p2: Rampardos\",\"details\":\"Rampardos, L90, F\",\"condition\":\"15/321 tox\",\"active\":false,\"stats\":{\"atk\":348,\"def\":159,\"spa\":168,\"spd\":141,\"spe\":156},\"moves\":[\"firepunch\",\"headsmash\",\"earthquake\",\"rockslide\"],\"baseAbility\":\"sheerforce\",\"item\":\"choicescarf\",\"pokeball\":\"pokeball\",\"ability\":\"sheerforce\",\"commanding\":false,\"reviving\":false,\"teraType\":\"Rock\",\"terastallized\":\"\"},{\"ident\":\"p2: Dudunsparce\",\"details\":\"Dudunsparce-Three-Segment, L83, M\",\"condition\":\"343/343\",\"active\":false,\"stats\":{\"atk\":214,\"def\":180,\"spa\":189,\"spd\":172,\"spe\":139},\"moves\":[\"toxic\",\"boomburst\",\"earthquake\",\"roost\"],\"baseAbility\":\"rattled\",\"item\":\"leftovers\",\"pokeball\":\"pokeball\",\"ability\":\"rattled\",\"commanding\":false,\"reviving\":false,\"teraType\":\"Ground\",\"terastallized\":\"\"},{\"ident\":\"p2: Jirachi\",\"details\":\"Jirachi, L80\",\"condition\":\"291/291\",\"active\":false,\"stats\":{\"atk\":206,\"def\":206,\"spa\":206,\"spd\":206,\"spe\":206},\"moves\":[\"bodyslam\",\"wish\",\"ironhead\",\"protect\"],\"baseAbility\":\"serenegrace\",\"item\":\"leftovers\",\"pokeball\":\"pokeball\",\"ability\":\"serenegrace\",\"commanding\":false,\"reviving\":false,\"teraType\":\"Water\",\"terastallized\":\"\"},{\"ident\":\"p2: Weezing\",\"details\":\"Weezing, L88, F\",\"condition\":\"258/258\",\"active\":false,\"stats\":{\"atk\":163,\"def\":261,\"spa\":200,\"spd\":173,\"spe\":156},\"moves\":[\"fireblast\",\"painsplit\",\"sludgebomb\",\"willowisp\"],\"baseAbility\":\"levitate\",\"item\":\"leftovers\",\"pokeball\":\"pokeball\",\"ability\":\"levitate\",\"commanding\":false,\"reviving\":false,\"teraType\":\"Steel\",\"terastallized\":\"\"},{\"ident\":\"p2: Chesnaught\",\"details\":\"Chesnaught, L84, M\",\"condition\":\"212/285\",\"active\":false,\"stats\":{\"atk\":228,\"def\":253,\"spa\":173,\"spd\":174,\"spe\":156},\"moves\":[\"knockoff\",\"bodypress\",\"woodhammer\",\"synthesis\"],\"baseAbility\":\"bulletproof\",\"item\":\"rockyhelmet\",\"pokeball\":\"pokeball\",\"ability\":\"bulletproof\",\"commanding\":false,\"reviving\":false,\"teraType\":\"Steel\",\"terastallized\":\"\"}]},\"rqid\":97}\n|inactive|Time left: 300 sec this turn | 300 sec total\n|\n|t:|1783392066\n|move|p2a: Venusaur|Sleep Powder|p1a: Umbreon|[miss]\n|-miss|p2a: Venusaur|p1a: Umbreon\n|move|p1a: Umbreon|Foul Play|p2a: Venusaur\n|-damage|p2a: Venusaur|127/272\n|\n|-heal|p1a: Umbreon|68/100|[from] item: Leftovers\n|upkeep\n|turn|48\n|request|{\"active\":[{\"moves\":[{\"move\":\"Synthesis\",\"id\":\"synthesis\",\"pp\":3,\"maxpp\":8,\"target\":\"self\",\"disabled\":false},{\"move\":\"Earth Power\",\"id\":\"earthpower\",\"pp\":15,\"maxpp\":16,\"target\":\"normal\",\"disabled\":false},{\"move\":\"Sludge Bomb\",\"id\":\"sludgebomb\",\"pp\":10,\"maxpp\":16,\"target\":\"normal\",\"disabled\":false},{\"move\":\"Sleep Powder\",\"id\":\"sleeppowder\",\"pp\":19,\"maxpp\":24,\"target\":\"normal\",\"disabled\":false}],\"canTerastallize\":\"Steel\"}],\"side\":{\"name\":\"p0y0722144\",\"id\":\"p2\",\"pokemon\":[{\"ident\":\"p2: Venusaur\",\"details\":\"Venusaur, L84, M\",\"condition\":\"127/272\",\"active\":true,\"stats\":{\"atk\":142,\"def\":188,\"spa\":216,\"spd\":216,\"spe\":183},\"moves\":[\"synthesis\",\"earthpower\",\"sludgebomb\",\"sleeppowder\"],\"baseAbility\":\"chlorophyll\",\"item\":\"\",\"pokeball\":\"pokeball\",\"ability\":\"chlorophyll\",\"commanding\":false,\"reviving\":false,\"teraType\":\"Steel\",\"terastallized\":\"\"},{\"ident\":\"p2: Rampardos\",\"details\":\"Rampardos, L90, F\",\"condition\":\"15/321 tox\",\"active\":false,\"stats\":{\"atk\":348,\"def\":159,\"spa\":168,\"spd\":141,\"spe\":156},\"moves\":[\"firepunch\",\"headsmash\",\"earthquake\",\"rockslide\"],\"baseAbility\":\"sheerforce\",\"item\":\"choicescarf\",\"pokeball\":\"pokeball\",\"ability\":\"sheerforce\",\"commanding\":false,\"reviving\":false,\"teraType\":\"Rock\",\"terastallized\":\"\"},{\"ident\":\"p2: Dudunsparce\",\"details\":\"Dudunsparce-Three-Segment, L83, M\",\"condition\":\"343/343\",\"active\":false,\"stats\":{\"atk\":214,\"def\":180,\"spa\":189,\"spd\":172,\"spe\":139},\"moves\":[\"toxic\",\"boomburst\",\"earthquake\",\"roost\"],\"baseAbility\":\"rattled\",\"item\":\"leftovers\",\"pokeball\":\"pokeball\",\"ability\":\"rattled\",\"commanding\":false,\"reviving\":false,\"teraType\":\"Ground\",\"terastallized\":\"\"},{\"ident\":\"p2: Jirachi\",\"details\":\"Jirachi, L80\",\"condition\":\"291/291\",\"active\":false,\"stats\":{\"atk\":206,\"def\":206,\"spa\":206,\"spd\":206,\"spe\":206},\"moves\":[\"bodyslam\",\"wish\",\"ironhead\",\"protect\"],\"baseAbility\":\"serenegrace\",\"item\":\"leftovers\",\"pokeball\":\"pokeball\",\"ability\":\"serenegrace\",\"commanding\":false,\"reviving\":false,\"teraType\":\"Water\",\"terastallized\":\"\"},{\"ident\":\"p2: Weezing\",\"details\":\"Weezing, L88, F\",\"condition\":\"258/258\",\"active\":false,\"stats\":{\"atk\":163,\"def\":261,\"spa\":200,\"spd\":173,\"spe\":156},\"moves\":[\"fireblast\",\"painsplit\",\"sludgebomb\",\"willowisp\"],\"baseAbility\":\"levitate\",\"item\":\"leftovers\",\"pokeball\":\"pokeball\",\"ability\":\"levitate\",\"commanding\":false,\"reviving\":false,\"teraType\":\"Steel\",\"terastallized\":\"\"},{\"ident\":\"p2: Chesnaught\",\"details\":\"Chesnaught, L84, M\",\"condition\":\"212/285\",\"active\":false,\"stats\":{\"atk\":228,\"def\":253,\"spa\":173,\"spd\":174,\"spe\":156},\"moves\":[\"knockoff\",\"bodypress\",\"woodhammer\",\"synthesis\"],\"baseAbility\":\"bulletproof\",\"item\":\"rockyhelmet\",\"pokeball\":\"pokeball\",\"ability\":\"bulletproof\",\"commanding\":false,\"reviving\":false,\"teraType\":\"Steel\",\"terastallized\":\"\"}]},\"rqid\":99}\n|inactive|Time left: 300 sec this turn | 300 sec total\n|\n|t:|1783392066\n|move|p2a: Venusaur|Synthesis|p2a: Venusaur\n|-heal|p2a: Venusaur|263/272\n|move|p1a: Umbreon|Foul Play|p2a: Venusaur\n|-damage|p2a: Venusaur|188/272\n|\n|-heal|p1a: Umbreon|74/100|[from] item: Leftovers\n|upkeep\n|turn|49\n|request|{\"active\":[{\"moves\":[{\"move\":\"Synthesis\",\"id\":\"synthesis\",\"pp\":2,\"maxpp\":8,\"target\":\"self\",\"disabled\":false},{\"move\":\"Earth Power\",\"id\":\"earthpower\",\"pp\":15,\"maxpp\":16,\"target\":\"normal\",\"disabled\":false},{\"move\":\"Sludge Bomb\",\"id\":\"sludgebomb\",\"pp\":10,\"maxpp\":16,\"target\":\"normal\",\"disabled\":false},{\"move\":\"Sleep Powder\",\"id\":\"sleeppowder\",\"pp\":19,\"maxpp\":24,\"target\":\"normal\",\"disabled\":false}],\"canTerastallize\":\"Steel\"}],\"side\":{\"name\":\"p0y0722144\",\"id\":\"p2\",\"pokemon\":[{\"ident\":\"p2: Venusaur\",\"details\":\"Venusaur, L84, M\",\"condition\":\"188/272\",\"active\":true,\"stats\":{\"atk\":142,\"def\":188,\"spa\":216,\"spd\":216,\"spe\":183},\"moves\":[\"synthesis\",\"earthpower\",\"sludgebomb\",\"sleeppowder\"],\"baseAbility\":\"chlorophyll\",\"item\":\"\",\"pokeball\":\"pokeball\",\"ability\":\"chlorophyll\",\"commanding\":false,\"reviving\":false,\"teraType\":\"Steel\",\"terastallized\":\"\"},{\"ident\":\"p2: Rampardos\",\"details\":\"Rampardos, L90, F\",\"condition\":\"15/321 tox\",\"active\":false,\"stats\":{\"atk\":348,\"def\":159,\"spa\":168,\"spd\":141,\"spe\":156},\"moves\":[\"firepunch\",\"headsmash\",\"earthquake\",\"rockslide\"],\"baseAbility\":\"sheerforce\",\"item\":\"choicescarf\",\"pokeball\":\"pokeball\",\"ability\":\"sheerforce\",\"commanding\":false,\"reviving\":false,\"teraType\":\"Rock\",\"terastallized\":\"\"},{\"ident\":\"p2: Dudunsparce\",\"details\":\"Dudunsparce-Three-Segment, L83, M\",\"condition\":\"343/343\",\"active\":false,\"stats\":{\"atk\":214,\"def\":180,\"spa\":189,\"spd\":172,\"spe\":139},\"moves\":[\"toxic\",\"boomburst\",\"earthquake\",\"roost\"],\"baseAbility\":\"rattled\",\"item\":\"leftovers\",\"pokeball\":\"pokeball\",\"ability\":\"rattled\",\"commanding\":false,\"reviving\":false,\"teraType\":\"Ground\",\"terastallized\":\"\"},{\"ident\":\"p2: Jirachi\",\"details\":\"Jirachi, L80\",\"condition\":\"291/291\",\"active\":false,\"stats\":{\"atk\":206,\"def\":206,\"spa\":206,\"spd\":206,\"spe\":206},\"moves\":[\"bodyslam\",\"wish\",\"ironhead\",\"protect\"],\"baseAbility\":\"serenegrace\",\"item\":\"leftovers\",\"pokeball\":\"pokeball\",\"ability\":\"serenegrace\",\"commanding\":false,\"reviving\":false,\"teraType\":\"Water\",\"terastallized\":\"\"},{\"ident\":\"p2: Weezing\",\"details\":\"Weezing, L88, F\",\"condition\":\"258/258\",\"active\":false,\"stats\":{\"atk\":163,\"def\":261,\"spa\":200,\"spd\":173,\"spe\":156},\"moves\":[\"fireblast\",\"painsplit\",\"sludgebomb\",\"willowisp\"],\"baseAbility\":\"levitate\",\"item\":\"leftovers\",\"pokeball\":\"pokeball\",\"ability\":\"levitate\",\"commanding\":false,\"reviving\":false,\"teraType\":\"Steel\",\"terastallized\":\"\"},{\"ident\":\"p2: Chesnaught\",\"details\":\"Chesnaught, L84, M\",\"condition\":\"212/285\",\"active\":false,\"stats\":{\"atk\":228,\"def\":253,\"spa\":173,\"spd\":174,\"spe\":156},\"moves\":[\"knockoff\",\"bodypress\",\"woodhammer\",\"synthesis\"],\"baseAbility\":\"bulletproof\",\"item\":\"rockyhelmet\",\"pokeball\":\"pokeball\",\"ability\":\"bulletproof\",\"commanding\":false,\"reviving\":false,\"teraType\":\"Steel\",\"terastallized\":\"\"}]},\"rqid\":101}\n|inactive|Time left: 300 sec this turn | 300 sec total\n|\n|t:|1783392066\n|move|p2a: Venusaur|Sleep Powder|p1a: Umbreon\n|-status|p1a: Umbreon|slp|[from] move: Sleep Powder\n|cant|p1a: Umbreon|slp\n|\n|-heal|p1a: Umbreon|80/100 slp|[from] item: Leftovers\n|upkeep\n|turn|50\n|request|{\"active\":[{\"moves\":[{\"move\":\"Synthesis\",\"id\":\"synthesis\",\"pp\":2,\"maxpp\":8,\"target\":\"self\",\"disabled\":false},{\"move\":\"Earth Power\",\"id\":\"earthpower\",\"pp\":15,\"maxpp\":16,\"target\":\"normal\",\"disabled\":false},{\"move\":\"Sludge Bomb\",\"id\":\"sludgebomb\",\"pp\":10,\"maxpp\":16,\"target\":\"normal\",\"disabled\":false},{\"move\":\"Sleep Powder\",\"id\":\"sleeppowder\",\"pp\":18,\"maxpp\":24,\"target\":\"normal\",\"disabled\":false}],\"canTerastallize\":\"Steel\"}],\"side\":{\"name\":\"p0y0722144\",\"id\":\"p2\",\"pokemon\":[{\"ident\":\"p2: Venusaur\",\"details\":\"Venusaur, L84, M\",\"condition\":\"188/272\",\"active\":true,\"stats\":{\"atk\":142,\"def\":188,\"spa\":216,\"spd\":216,\"spe\":183},\"moves\":[\"synthesis\",\"earthpower\",\"sludgebomb\",\"sleeppowder\"],\"baseAbility\":\"chlorophyll\",\"item\":\"\",\"pokeball\":\"pokeball\",\"ability\":\"chlorophyll\",\"commanding\":false,\"reviving\":false,\"teraType\":\"Steel\",\"terastallized\":\"\"},{\"ident\":\"p2: Rampardos\",\"details\":\"Rampardos, L90, F\",\"condition\":\"15/321 tox\",\"active\":false,\"stats\":{\"atk\":348,\"def\":159,\"spa\":168,\"spd\":141,\"spe\":156},\"moves\":[\"firepunch\",\"headsmash\",\"earthquake\",\"rockslide\"],\"baseAbility\":\"sheerforce\",\"item\":\"choicescarf\",\"pokeball\":\"pokeball\",\"ability\":\"sheerforce\",\"commanding\":false,\"reviving\":false,\"teraType\":\"Rock\",\"terastallized\":\"\"},{\"ident\":\"p2: Dudunsparce\",\"details\":\"Dudunsparce-Three-Segment, L83, M\",\"condition\":\"343/343\",\"active\":false,\"stats\":{\"atk\":214,\"def\":180,\"spa\":189,\"spd\":172,\"spe\":139},\"moves\":[\"toxic\",\"boomburst\",\"earthquake\",\"roost\"],\"baseAbility\":\"rattled\",\"item\":\"leftovers\",\"pokeball\":\"pokeball\",\"ability\":\"rattled\",\"commanding\":false,\"reviving\":false,\"teraType\":\"Ground\",\"terastallized\":\"\"},{\"ident\":\"p2: Jirachi\",\"details\":\"Jirachi, L80\",\"condition\":\"291/291\",\"active\":false,\"stats\":{\"atk\":206,\"def\":206,\"spa\":206,\"spd\":206,\"spe\":206},\"moves\":[\"bodyslam\",\"wish\",\"ironhead\",\"protect\"],\"baseAbility\":\"serenegrace\",\"item\":\"leftovers\",\"pokeball\":\"pokeball\",\"ability\":\"serenegrace\",\"commanding\":false,\"reviving\":false,\"teraType\":\"Water\",\"terastallized\":\"\"},{\"ident\":\"p2: Weezing\",\"details\":\"Weezing, L88, F\",\"condition\":\"258/258\",\"active\":false,\"stats\":{\"atk\":163,\"def\":261,\"spa\":200,\"spd\":173,\"spe\":156},\"moves\":[\"fireblast\",\"painsplit\",\"sludgebomb\",\"willowisp\"],\"baseAbility\":\"levitate\",\"item\":\"leftovers\",\"pokeball\":\"pokeball\",\"ability\":\"levitate\",\"commanding\":false,\"reviving\":false,\"teraType\":\"Steel\",\"terastallized\":\"\"},{\"ident\":\"p2: Chesnaught\",\"details\":\"Chesnaught, L84, M\",\"condition\":\"212/285\",\"active\":false,\"stats\":{\"atk\":228,\"def\":253,\"spa\":173,\"spd\":174,\"spe\":156},\"moves\":[\"knockoff\",\"bodypress\",\"woodhammer\",\"synthesis\"],\"baseAbility\":\"bulletproof\",\"item\":\"rockyhelmet\",\"pokeball\":\"pokeball\",\"ability\":\"bulletproof\",\"commanding\":false,\"reviving\":false,\"teraType\":\"Steel\",\"terastallized\":\"\"}]},\"rqid\":103}\n|inactive|Time left: 300 sec this turn | 300 sec total\n|\n|t:|1783392066\n|move|p2a: Venusaur|Sludge Bomb|p1a: Umbreon\n|-damage|p1a: Umbreon|55/100 slp\n|cant|p1a: Umbreon|slp\n|\n|-heal|p1a: Umbreon|61/100 slp|[from] item: Leftovers\n|upkeep\n|turn|51\n|request|{\"active\":[{\"moves\":[{\"move\":\"Synthesis\",\"id\":\"synthesis\",\"pp\":2,\"maxpp\":8,\"target\":\"self\",\"disabled\":false},{\"move\":\"Earth Power\",\"id\":\"earthpower\",\"pp\":15,\"maxpp\":16,\"target\":\"normal\",\"disabled\":false},{\"move\":\"Sludge Bomb\",\"id\":\"sludgebomb\",\"pp\":9,\"maxpp\":16,\"target\":\"normal\",\"disabled\":false},{\"move\":\"Sleep Powder\",\"id\":\"sleeppowder\",\"pp\":18,\"maxpp\":24,\"target\":\"normal\",\"disabled\":false}],\"canTerastallize\":\"Steel\"}],\"side\":{\"name\":\"p0y0722144\",\"id\":\"p2\",\"pokemon\":[{\"ident\":\"p2: Venusaur\",\"details\":\"Venusaur, L84, M\",\"condition\":\"188/272\",\"active\":true,\"stats\":{\"atk\":142,\"def\":188,\"spa\":216,\"spd\":216,\"spe\":183},\"moves\":[\"synthesis\",\"earthpower\",\"sludgebomb\",\"sleeppowder\"],\"baseAbility\":\"chlorophyll\",\"item\":\"\",\"pokeball\":\"pokeball\",\"ability\":\"chlorophyll\",\"commanding\":false,\"reviving\":false,\"teraType\":\"Steel\",\"terastallized\":\"\"},{\"ident\":\"p2: Rampardos\",\"details\":\"Rampardos, L90, F\",\"condition\":\"15/321 tox\",\"active\":false,\"stats\":{\"atk\":348,\"def\":159,\"spa\":168,\"spd\":141,\"spe\":156},\"moves\":[\"firepunch\",\"headsmash\",\"earthquake\",\"rockslide\"],\"baseAbility\":\"sheerforce\",\"item\":\"choicescarf\",\"pokeball\":\"pokeball\",\"ability\":\"sheerforce\",\"commanding\":false,\"reviving\":false,\"teraType\":\"Rock\",\"terastallized\":\"\"},{\"ident\":\"p2: Dudunsparce\",\"details\":\"Dudunsparce-Three-Segment, L83, M\",\"condition\":\"343/343\",\"active\":false,\"stats\":{\"atk\":214,\"def\":180,\"spa\":189,\"spd\":172,\"spe\":139},\"moves\":[\"toxic\",\"boomburst\",\"earthquake\",\"roost\"],\"baseAbility\":\"rattled\",\"item\":\"leftovers\",\"pokeball\":\"pokeball\",\"ability\":\"rattled\",\"commanding\":false,\"reviving\":false,\"teraType\":\"Ground\",\"terastallized\":\"\"},{\"ident\":\"p2: Jirachi\",\"details\":\"Jirachi, L80\",\"condition\":\"291/291\",\"active\":false,\"stats\":{\"atk\":206,\"def\":206,\"spa\":206,\"spd\":206,\"spe\":206},\"moves\":[\"bodyslam\",\"wish\",\"ironhead\",\"protect\"],\"baseAbility\":\"serenegrace\",\"item\":\"leftovers\",\"pokeball\":\"pokeball\",\"ability\":\"serenegrace\",\"commanding\":false,\"reviving\":false,\"teraType\":\"Water\",\"terastallized\":\"\"},{\"ident\":\"p2: Weezing\",\"details\":\"Weezing, L88, F\",\"condition\":\"258/258\",\"active\":false,\"stats\":{\"atk\":163,\"def\":261,\"spa\":200,\"spd\":173,\"spe\":156},\"moves\":[\"fireblast\",\"painsplit\",\"sludgebomb\",\"willowisp\"],\"baseAbility\":\"levitate\",\"item\":\"leftovers\",\"pokeball\":\"pokeball\",\"ability\":\"levitate\",\"commanding\":false,\"reviving\":false,\"teraType\":\"Steel\",\"terastallized\":\"\"},{\"ident\":\"p2: Chesnaught\",\"details\":\"Chesnaught, L84, M\",\"condition\":\"212/285\",\"active\":false,\"stats\":{\"atk\":228,\"def\":253,\"spa\":173,\"spd\":174,\"spe\":156},\"moves\":[\"knockoff\",\"bodypress\",\"woodhammer\",\"synthesis\"],\"baseAbility\":\"bulletproof\",\"item\":\"rockyhelmet\",\"pokeball\":\"pokeball\",\"ability\":\"bulletproof\",\"commanding\":false,\"reviving\":false,\"teraType\":\"Steel\",\"terastallized\":\"\"}]},\"rqid\":105}\n|inactive|Time left: 300 sec this turn | 300 sec total\n|\n|t:|1783392067\n|move|p2a: Venusaur|Synthesis|p2a: Venusaur\n|-heal|p2a: Venusaur|272/272\n|-curestatus|p1a: Umbreon|slp|[msg]\n|move|p1a: Umbreon|Wish|p1a: Umbreon\n|\n|-heal|p1a: Umbreon|68/100|[from] item: Leftovers\n|upkeep\n|turn|52\n|request|{\"active\":[{\"moves\":[{\"move\":\"Synthesis\",\"id\":\"synthesis\",\"pp\":1,\"maxpp\":8,\"target\":\"self\",\"disabled\":false},{\"move\":\"Earth Power\",\"id\":\"earthpower\",\"pp\":15,\"maxpp\":16,\"target\":\"normal\",\"disabled\":false},{\"move\":\"Sludge Bomb\",\"id\":\"sludgebomb\",\"pp\":9,\"maxpp\":16,\"target\":\"normal\",\"disabled\":false},{\"move\":\"Sleep Powder\",\"id\":\"sleeppowder\",\"pp\":18,\"maxpp\":24,\"target\":\"normal\",\"disabled\":false}],\"canTerastallize\":\"Steel\"}],\"side\":{\"name\":\"p0y0722144\",\"id\":\"p2\",\"pokemon\":[{\"ident\":\"p2: Venusaur\",\"details\":\"Venusaur, L84, M\",\"condition\":\"272/272\",\"active\":true,\"stats\":{\"atk\":142,\"def\":188,\"spa\":216,\"spd\":216,\"spe\":183},\"moves\":[\"synthesis\",\"earthpower\",\"sludgebomb\",\"sleeppowder\"],\"baseAbility\":\"chlorophyll\",\"item\":\"\",\"pokeball\":\"pokeball\",\"ability\":\"chlorophyll\",\"commanding\":false,\"reviving\":false,\"teraType\":\"Steel\",\"terastallized\":\"\"},{\"ident\":\"p2: Rampardos\",\"details\":\"Rampardos, L90, F\",\"condition\":\"15/321 tox\",\"active\":false,\"stats\":{\"atk\":348,\"def\":159,\"spa\":168,\"spd\":141,\"spe\":156},\"moves\":[\"firepunch\",\"headsmash\",\"earthquake\",\"rockslide\"],\"baseAbility\":\"sheerforce\",\"item\":\"choicescarf\",\"pokeball\":\"pokeball\",\"ability\":\"sheerforce\",\"commanding\":false,\"reviving\":false,\"teraType\":\"Rock\",\"terastallized\":\"\"},{\"ident\":\"p2: Dudunsparce\",\"details\":\"Dudunsparce-Three-Segment, L83, M\",\"condition\":\"343/343\",\"active\":false,\"stats\":{\"atk\":214,\"def\":180,\"spa\":189,\"spd\":172,\"spe\":139},\"moves\":[\"toxic\",\"boomburst\",\"earthquake\",\"roost\"],\"baseAbility\":\"rattled\",\"item\":\"leftovers\",\"pokeball\":\"pokeball\",\"ability\":\"rattled\",\"commanding\":false,\"reviving\":false,\"teraType\":\"Ground\",\"terastallized\":\"\"},{\"ident\":\"p2: Jirachi\",\"details\":\"Jirachi, L80\",\"condition\":\"291/291\",\"active\":false,\"stats\":{\"atk\":206,\"def\":206,\"spa\":206,\"spd\":206,\"spe\":206},\"moves\":[\"bodyslam\",\"wish\",\"ironhead\",\"protect\"],\"baseAbility\":\"serenegrace\",\"item\":\"leftovers\",\"pokeball\":\"pokeball\",\"ability\":\"serenegrace\",\"commanding\":false,\"reviving\":false,\"teraType\":\"Water\",\"terastallized\":\"\"},{\"ident\":\"p2: Weezing\",\"details\":\"Weezing, L88, F\",\"condition\":\"258/258\",\"active\":false,\"stats\":{\"atk\":163,\"def\":261,\"spa\":200,\"spd\":173,\"spe\":156},\"moves\":[\"fireblast\",\"painsplit\",\"sludgebomb\",\"willowisp\"],\"baseAbility\":\"levitate\",\"item\":\"leftovers\",\"pokeball\":\"pokeball\",\"ability\":\"levitate\",\"commanding\":false,\"reviving\":false,\"teraType\":\"Steel\",\"terastallized\":\"\"},{\"ident\":\"p2: Chesnaught\",\"details\":\"Chesnaught, L84, M\",\"condition\":\"212/285\",\"active\":false,\"stats\":{\"atk\":228,\"def\":253,\"spa\":173,\"spd\":174,\"spe\":156},\"moves\":[\"knockoff\",\"bodypress\",\"woodhammer\",\"synthesis\"],\"baseAbility\":\"bulletproof\",\"item\":\"rockyhelmet\",\"pokeball\":\"pokeball\",\"ability\":\"bulletproof\",\"commanding\":false,\"reviving\":false,\"teraType\":\"Steel\",\"terastallized\":\"\"}]},\"rqid\":107}\n|inactive|Time left: 300 sec this turn | 300 sec total\n|\n|t:|1783392067\n|move|p2a: Venusaur|Sleep Powder|p1a: Umbreon\n|-status|p1a: Umbreon|slp|[from] move: Sleep Powder\n|cant|p1a: Umbreon|slp\n|\n|-heal|p1a: Umbreon|100/100 slp|[from] move: Wish|[wisher] Umbreon\n|upkeep\n|turn|53\n|request|{\"active\":[{\"moves\":[{\"move\":\"Synthesis\",\"id\":\"synthesis\",\"pp\":1,\"maxpp\":8,\"target\":\"self\",\"disabled\":false},{\"move\":\"Earth Power\",\"id\":\"earthpower\",\"pp\":15,\"maxpp\":16,\"target\":\"normal\",\"disabled\":false},{\"move\":\"Sludge Bomb\",\"id\":\"sludgebomb\",\"pp\":9,\"maxpp\":16,\"target\":\"normal\",\"disabled\":false},{\"move\":\"Sleep Powder\",\"id\":\"sleeppowder\",\"pp\":17,\"maxpp\":24,\"target\":\"normal\",\"disabled\":false}],\"canTerastallize\":\"Steel\"}],\"side\":{\"name\":\"p0y0722144\",\"id\":\"p2\",\"pokemon\":[{\"ident\":\"p2: Venusaur\",\"details\":\"Venusaur, L84, M\",\"condition\":\"272/272\",\"active\":true,\"stats\":{\"atk\":142,\"def\":188,\"spa\":216,\"spd\":216,\"spe\":183},\"moves\":[\"synthesis\",\"earthpower\",\"sludgebomb\",\"sleeppowder\"],\"baseAbility\":\"chlorophyll\",\"item\":\"\",\"pokeball\":\"pokeball\",\"ability\":\"chlorophyll\",\"commanding\":false,\"reviving\":false,\"teraType\":\"Steel\",\"terastallized\":\"\"},{\"ident\":\"p2: Rampardos\",\"details\":\"Rampardos, L90, F\",\"condition\":\"15/321 tox\",\"active\":false,\"stats\":{\"atk\":348,\"def\":159,\"spa\":168,\"spd\":141,\"spe\":156},\"moves\":[\"firepunch\",\"headsmash\",\"earthquake\",\"rockslide\"],\"baseAbility\":\"sheerforce\",\"item\":\"choicescarf\",\"pokeball\":\"pokeball\",\"ability\":\"sheerforce\",\"commanding\":false,\"reviving\":false,\"teraType\":\"Rock\",\"terastallized\":\"\"},{\"ident\":\"p2: Dudunsparce\",\"details\":\"Dudunsparce-Three-Segment, L83, M\",\"condition\":\"343/343\",\"active\":false,\"stats\":{\"atk\":214,\"def\":180,\"spa\":189,\"spd\":172,\"spe\":139},\"moves\":[\"toxic\",\"boomburst\",\"earthquake\",\"roost\"],\"baseAbility\":\"rattled\",\"item\":\"leftovers\",\"pokeball\":\"pokeball\",\"ability\":\"rattled\",\"commanding\":false,\"reviving\":false,\"teraType\":\"Ground\",\"terastallized\":\"\"},{\"ident\":\"p2: Jirachi\",\"details\":\"Jirachi, L80\",\"condition\":\"291/291\",\"active\":false,\"stats\":{\"atk\":206,\"def\":206,\"spa\":206,\"spd\":206,\"spe\":206},\"moves\":[\"bodyslam\",\"wish\",\"ironhead\",\"protect\"],\"baseAbility\":\"serenegrace\",\"item\":\"leftovers\",\"pokeball\":\"pokeball\",\"ability\":\"serenegrace\",\"commanding\":false,\"reviving\":false,\"teraType\":\"Water\",\"terastallized\":\"\"},{\"ident\":\"p2: Weezing\",\"details\":\"Weezing, L88, F\",\"condition\":\"258/258\",\"active\":false,\"stats\":{\"atk\":163,\"def\":261,\"spa\":200,\"spd\":173,\"spe\":156},\"moves\":[\"fireblast\",\"painsplit\",\"sludgebomb\",\"willowisp\"],\"baseAbility\":\"levitate\",\"item\":\"leftovers\",\"pokeball\":\"pokeball\",\"ability\":\"levitate\",\"commanding\":false,\"reviving\":false,\"teraType\":\"Steel\",\"terastallized\":\"\"},{\"ident\":\"p2: Chesnaught\",\"details\":\"Chesnaught, L84, M\",\"condition\":\"212/285\",\"active\":false,\"stats\":{\"atk\":228,\"def\":253,\"spa\":173,\"spd\":174,\"spe\":156},\"moves\":[\"knockoff\",\"bodypress\",\"woodhammer\",\"synthesis\"],\"baseAbility\":\"bulletproof\",\"item\":\"rockyhelmet\",\"pokeball\":\"pokeball\",\"ability\":\"bulletproof\",\"commanding\":false,\"reviving\":false,\"teraType\":\"Steel\",\"terastallized\":\"\"}]},\"rqid\":109}\n|inactive|Time left: 300 sec this turn | 300 sec total\n|\n|t:|1783392067\n|switch|p1a: Drifblim|Drifblim, L86, F|100/100\n|move|p2a: Venusaur|Sludge Bomb|p1a: Drifblim\n|-resisted|p1a: Drifblim\n|-damage|p1a: Drifblim|83/100\n|\n|upkeep\n|turn|54\n|request|{\"active\":[{\"moves\":[{\"move\":\"Synthesis\",\"id\":\"synthesis\",\"pp\":1,\"maxpp\":8,\"target\":\"self\",\"disabled\":false},{\"move\":\"Earth Power\",\"id\":\"earthpower\",\"pp\":15,\"maxpp\":16,\"target\":\"normal\",\"disabled\":false},{\"move\":\"Sludge Bomb\",\"id\":\"sludgebomb\",\"pp\":8,\"maxpp\":16,\"target\":\"normal\",\"disabled\":false},{\"move\":\"Sleep Powder\",\"id\":\"sleeppowder\",\"pp\":17,\"maxpp\":24,\"target\":\"normal\",\"disabled\":false}],\"canTerastallize\":\"Steel\"}],\"side\":{\"name\":\"p0y0722144\",\"id\":\"p2\",\"pokemon\":[{\"ident\":\"p2: Venusaur\",\"details\":\"Venusaur, L84, M\",\"condition\":\"272/272\",\"active\":true,\"stats\":{\"atk\":142,\"def\":188,\"spa\":216,\"spd\":216,\"spe\":183},\"moves\":[\"synthesis\",\"earthpower\",\"sludgebomb\",\"sleeppowder\"],\"baseAbility\":\"chlorophyll\",\"item\":\"\",\"pokeball\":\"pokeball\",\"ability\":\"chlorophyll\",\"commanding\":false,\"reviving\":false,\"teraType\":\"Steel\",\"terastallized\":\"\"},{\"ident\":\"p2: Rampardos\",\"details\":\"Rampardos, L90, F\",\"condition\":\"15/321 tox\",\"active\":false,\"stats\":{\"atk\":348,\"def\":159,\"spa\":168,\"spd\":141,\"spe\":156},\"moves\":[\"firepunch\",\"headsmash\",\"earthquake\",\"rockslide\"],\"baseAbility\":\"sheerforce\",\"item\":\"choicescarf\",\"pokeball\":\"pokeball\",\"ability\":\"sheerforce\",\"commanding\":false,\"reviving\":false,\"teraType\":\"Rock\",\"terastallized\":\"\"},{\"ident\":\"p2: Dudunsparce\",\"details\":\"Dudunsparce-Three-Segment, L83, M\",\"condition\":\"343/343\",\"active\":false,\"stats\":{\"atk\":214,\"def\":180,\"spa\":189,\"spd\":172,\"spe\":139},\"moves\":[\"toxic\",\"boomburst\",\"earthquake\",\"roost\"],\"baseAbility\":\"rattled\",\"item\":\"leftovers\",\"pokeball\":\"pokeball\",\"ability\":\"rattled\",\"commanding\":false,\"reviving\":false,\"teraType\":\"Ground\",\"terastallized\":\"\"},{\"ident\":\"p2: Jirachi\",\"details\":\"Jirachi, L80\",\"condition\":\"291/291\",\"active\":false,\"stats\":{\"atk\":206,\"def\":206,\"spa\":206,\"spd\":206,\"spe\":206},\"moves\":[\"bodyslam\",\"wish\",\"ironhead\",\"protect\"],\"baseAbility\":\"serenegrace\",\"item\":\"leftovers\",\"pokeball\":\"pokeball\",\"ability\":\"serenegrace\",\"commanding\":false,\"reviving\":false,\"teraType\":\"Water\",\"terastallized\":\"\"},{\"ident\":\"p2: Weezing\",\"details\":\"Weezing, L88, F\",\"condition\":\"258/258\",\"active\":false,\"stats\":{\"atk\":163,\"def\":261,\"spa\":200,\"spd\":173,\"spe\":156},\"moves\":[\"fireblast\",\"painsplit\",\"sludgebomb\",\"willowisp\"],\"baseAbility\":\"levitate\",\"item\":\"leftovers\",\"pokeball\":\"pokeball\",\"ability\":\"levitate\",\"commanding\":false,\"reviving\":false,\"teraType\":\"Steel\",\"terastallized\":\"\"},{\"ident\":\"p2: Chesnaught\",\"details\":\"Chesnaught, L84, M\",\"condition\":\"212/285\",\"active\":false,\"stats\":{\"atk\":228,\"def\":253,\"spa\":173,\"spd\":174,\"spe\":156},\"moves\":[\"knockoff\",\"bodypress\",\"woodhammer\",\"synthesis\"],\"baseAbility\":\"bulletproof\",\"item\":\"rockyhelmet\",\"pokeball\":\"pokeball\",\"ability\":\"bulletproof\",\"commanding\":false,\"reviving\":false,\"teraType\":\"Steel\",\"terastallized\":\"\"}]},\"rqid\":111}\n|inactive|Time left: 300 sec this turn | 300 sec total\n|\n|t:|1783392067\n|switch|p2a: Dudunsparce|Dudunsparce-Three-Segment, L83, M|343/343\n|move|p1a: Drifblim|Calm Mind|p1a: Drifblim\n|-boost|p1a: Drifblim|spa|1\n|-boost|p1a: Drifblim|spd|1\n|\n|upkeep\n|turn|55\n|request|{\"active\":[{\"moves\":[{\"move\":\"Toxic\",\"id\":\"toxic\",\"pp\":16,\"maxpp\":16,\"target\":\"normal\",\"disabled\":false},{\"move\":\"Boomburst\",\"id\":\"boomburst\",\"pp\":16,\"maxpp\":16,\"target\":\"allAdjacent\",\"disabled\":false},{\"move\":\"Earthquake\",\"id\":\"earthquake\",\"pp\":16,\"maxpp\":16,\"target\":\"allAdjacent\",\"disabled\":false},{\"move\":\"Roost\",\"id\":\"roost\",\"pp\":8,\"maxpp\":8,\"target\":\"self\",\"disabled\":false}],\"canTerastallize\":\"Ground\"}],\"side\":{\"name\":\"p0y0722144\",\"id\":\"p2\",\"pokemon\":[{\"ident\":\"p2: Dudunsparce\",\"details\":\"Dudunsparce-Three-Segment, L83, M\",\"condition\":\"343/343\",\"active\":true,\"stats\":{\"atk\":214,\"def\":180,\"spa\":189,\"spd\":172,\"spe\":139},\"moves\":[\"toxic\",\"boomburst\",\"earthquake\",\"roost\"],\"baseAbility\":\"rattled\",\"item\":\"leftovers\",\"pokeball\":\"pokeball\",\"ability\":\"rattled\",\"commanding\":false,\"reviving\":false,\"teraType\":\"Ground\",\"terastallized\":\"\"},{\"ident\":\"p2: Rampardos\",\"details\":\"Rampardos, L90, F\",\"condition\":\"15/321 tox\",\"active\":false,\"stats\":{\"atk\":348,\"def\":159,\"spa\":168,\"spd\":141,\"spe\":156},\"moves\":[\"firepunch\",\"headsmash\",\"earthquake\",\"rockslide\"],\"baseAbility\":\"sheerforce\",\"item\":\"choicescarf\",\"pokeball\":\"pokeball\",\"ability\":\"sheerforce\",\"commanding\":false,\"reviving\":false,\"teraType\":\"Rock\",\"terastallized\":\"\"},{\"ident\":\"p2: Venusaur\",\"details\":\"Venusaur, L84, M\",\"condition\":\"272/272\",\"active\":false,\"stats\":{\"atk\":142,\"def\":188,\"spa\":216,\"spd\":216,\"spe\":183},\"moves\":[\"synthesis\",\"earthpower\",\"sludgebomb\",\"sleeppowder\"],\"baseAbility\":\"chlorophyll\",\"item\":\"\",\"pokeball\":\"pokeball\",\"ability\":\"chlorophyll\",\"commanding\":false,\"reviving\":false,\"teraType\":\"Steel\",\"terastallized\":\"\"},{\"ident\":\"p2: Jirachi\",\"details\":\"Jirachi, L80\",\"condition\":\"291/291\",\"active\":false,\"stats\":{\"atk\":206,\"def\":206,\"spa\":206,\"spd\":206,\"spe\":206},\"moves\":[\"bodyslam\",\"wish\",\"ironhead\",\"protect\"],\"baseAbility\":\"serenegrace\",\"item\":\"leftovers\",\"pokeball\":\"pokeball\",\"ability\":\"serenegrace\",\"commanding\":false,\"reviving\":false,\"teraType\":\"Water\",\"terastallized\":\"\"},{\"ident\":\"p2: Weezing\",\"details\":\"Weezing, L88, F\",\"condition\":\"258/258\",\"active\":false,\"stats\":{\"atk\":163,\"def\":261,\"spa\":200,\"spd\":173,\"spe\":156},\"moves\":[\"fireblast\",\"painsplit\",\"sludgebomb\",\"willowisp\"],\"baseAbility\":\"levitate\",\"item\":\"leftovers\",\"pokeball\":\"pokeball\",\"ability\":\"levitate\",\"commanding\":false,\"reviving\":false,\"teraType\":\"Steel\",\"terastallized\":\"\"},{\"ident\":\"p2: Chesnaught\",\"details\":\"Chesnaught, L84, M\",\"condition\":\"212/285\",\"active\":false,\"stats\":{\"atk\":228,\"def\":253,\"spa\":173,\"spd\":174,\"spe\":156},\"moves\":[\"knockoff\",\"bodypress\",\"woodhammer\",\"synthesis\"],\"baseAbility\":\"bulletproof\",\"item\":\"rockyhelmet\",\"pokeball\":\"pokeball\",\"ability\":\"bulletproof\",\"commanding\":false,\"reviving\":false,\"teraType\":\"Steel\",\"terastallized\":\"\"}]},\"rqid\":113}\n|inactive|Time left: 300 sec this turn | 300 sec total\n|\n|t:|1783392068\n|move|p1a: Drifblim|Strength Sap|p2a: Dudunsparce\n|-unboost|p2a: Dudunsparce|atk|1\n|-heal|p1a: Drifblim|100/100\n|move|p2a: Dudunsparce|Toxic|p1a: Drifblim\n|-status|p1a: Drifblim|tox\n|\n|-damage|p1a: Drifblim|94/100 tox|[from] psn\n|upkeep\n|turn|56\n|request|{\"active\":[{\"moves\":[{\"move\":\"Toxic\",\"id\":\"toxic\",\"pp\":15,\"maxpp\":16,\"target\":\"normal\",\"disabled\":false},{\"move\":\"Boomburst\",\"id\":\"boomburst\",\"pp\":16,\"maxpp\":16,\"target\":\"allAdjacent\",\"disabled\":false},{\"move\":\"Earthquake\",\"id\":\"earthquake\",\"pp\":16,\"maxpp\":16,\"target\":\"allAdjacent\",\"disabled\":false},{\"move\":\"Roost\",\"id\":\"roost\",\"pp\":8,\"maxpp\":8,\"target\":\"self\",\"disabled\":false}],\"canTerastallize\":\"Ground\"}],\"side\":{\"name\":\"p0y0722144\",\"id\":\"p2\",\"pokemon\":[{\"ident\":\"p2: Dudunsparce\",\"details\":\"Dudunsparce-Three-Segment, L83, M\",\"condition\":\"343/343\",\"active\":true,\"stats\":{\"atk\":214,\"def\":180,\"spa\":189,\"spd\":172,\"spe\":139},\"moves\":[\"toxic\",\"boomburst\",\"earthquake\",\"roost\"],\"baseAbility\":\"rattled\",\"item\":\"leftovers\",\"pokeball\":\"pokeball\",\"ability\":\"rattled\",\"commanding\":false,\"reviving\":false,\"teraType\":\"Ground\",\"terastallized\":\"\"},{\"ident\":\"p2: Rampardos\",\"details\":\"Rampardos, L90, F\",\"condition\":\"15/321 tox\",\"active\":false,\"stats\":{\"atk\":348,\"def\":159,\"spa\":168,\"spd\":141,\"spe\":156},\"moves\":[\"firepunch\",\"headsmash\",\"earthquake\",\"rockslide\"],\"baseAbility\":\"sheerforce\",\"item\":\"choicescarf\",\"pokeball\":\"pokeball\",\"ability\":\"sheerforce\",\"commanding\":false,\"reviving\":false,\"teraType\":\"Rock\",\"terastallized\":\"\"},{\"ident\":\"p2: Venusaur\",\"details\":\"Venusaur, L84, M\",\"condition\":\"272/272\",\"active\":false,\"stats\":{\"atk\":142,\"def\":188,\"spa\":216,\"spd\":216,\"spe\":183},\"moves\":[\"synthesis\",\"earthpower\",\"sludgebomb\",\"sleeppowder\"],\"baseAbility\":\"chlorophyll\",\"item\":\"\",\"pokeball\":\"pokeball\",\"ability\":\"chlorophyll\",\"commanding\":false,\"reviving\":false,\"teraType\":\"Steel\",\"terastallized\":\"\"},{\"ident\":\"p2: Jirachi\",\"details\":\"Jirachi, L80\",\"condition\":\"291/291\",\"active\":false,\"stats\":{\"atk\":206,\"def\":206,\"spa\":206,\"spd\":206,\"spe\":206},\"moves\":[\"bodyslam\",\"wish\",\"ironhead\",\"protect\"],\"baseAbility\":\"serenegrace\",\"item\":\"leftovers\",\"pokeball\":\"pokeball\",\"ability\":\"serenegrace\",\"commanding\":false,\"reviving\":false,\"teraType\":\"Water\",\"terastallized\":\"\"},{\"ident\":\"p2: Weezing\",\"details\":\"Weezing, L88, F\",\"condition\":\"258/258\",\"active\":false,\"stats\":{\"atk\":163,\"def\":261,\"spa\":200,\"spd\":173,\"spe\":156},\"moves\":[\"fireblast\",\"painsplit\",\"sludgebomb\",\"willowisp\"],\"baseAbility\":\"levitate\",\"item\":\"leftovers\",\"pokeball\":\"pokeball\",\"ability\":\"levitate\",\"commanding\":false,\"reviving\":false,\"teraType\":\"Steel\",\"terastallized\":\"\"},{\"ident\":\"p2: Chesnaught\",\"details\":\"Chesnaught, L84, M\",\"condition\":\"212/285\",\"active\":false,\"stats\":{\"atk\":228,\"def\":253,\"spa\":173,\"spd\":174,\"spe\":156},\"moves\":[\"knockoff\",\"bodypress\",\"woodhammer\",\"synthesis\"],\"baseAbility\":\"bulletproof\",\"item\":\"rockyhelmet\",\"pokeball\":\"pokeball\",\"ability\":\"bulletproof\",\"commanding\":false,\"reviving\":false,\"teraType\":\"Steel\",\"terastallized\":\"\"}]},\"rqid\":115}\n|inactive|Time left: 300 sec this turn | 300 sec total\n|\n|t:|1783392068\n|switch|p2a: Jirachi|Jirachi, L80|291/291\n|move|p1a: Drifblim|Calm Mind|p1a: Drifblim\n|-boost|p1a: Drifblim|spa|1\n|-boost|p1a: Drifblim|spd|1\n|\n|-damage|p1a: Drifblim|82/100 tox|[from] psn\n|upkeep\n|turn|57\n|request|{\"active\":[{\"moves\":[{\"move\":\"Body Slam\",\"id\":\"bodyslam\",\"pp\":24,\"maxpp\":24,\"target\":\"normal\",\"disabled\":false},{\"move\":\"Wish\",\"id\":\"wish\",\"pp\":16,\"maxpp\":16,\"target\":\"self\",\"disabled\":false},{\"move\":\"Iron Head\",\"id\":\"ironhead\",\"pp\":24,\"maxpp\":24,\"target\":\"normal\",\"disabled\":false},{\"move\":\"Protect\",\"id\":\"protect\",\"pp\":16,\"maxpp\":16,\"target\":\"self\",\"disabled\":false}],\"canTerastallize\":\"Water\"}],\"side\":{\"name\":\"p0y0722144\",\"id\":\"p2\",\"pokemon\":[{\"ident\":\"p2: Jirachi\",\"details\":\"Jirachi, L80\",\"condition\":\"291/291\",\"active\":true,\"stats\":{\"atk\":206,\"def\":206,\"spa\":206,\"spd\":206,\"spe\":206},\"moves\":[\"bodyslam\",\"wish\",\"ironhead\",\"protect\"],\"baseAbility\":\"serenegrace\",\"item\":\"leftovers\",\"pokeball\":\"pokeball\",\"ability\":\"serenegrace\",\"commanding\":false,\"reviving\":false,\"teraType\":\"Water\",\"terastallized\":\"\"},{\"ident\":\"p2: Rampardos\",\"details\":\"Rampardos, L90, F\",\"condition\":\"15/321 tox\",\"active\":false,\"stats\":{\"atk\":348,\"def\":159,\"spa\":168,\"spd\":141,\"spe\":156},\"moves\":[\"firepunch\",\"headsmash\",\"earthquake\",\"rockslide\"],\"baseAbility\":\"sheerforce\",\"item\":\"choicescarf\",\"pokeball\":\"pokeball\",\"ability\":\"sheerforce\",\"commanding\":false,\"reviving\":false,\"teraType\":\"Rock\",\"terastallized\":\"\"},{\"ident\":\"p2: Venusaur\",\"details\":\"Venusaur, L84, M\",\"condition\":\"272/272\",\"active\":false,\"stats\":{\"atk\":142,\"def\":188,\"spa\":216,\"spd\":216,\"spe\":183},\"moves\":[\"synthesis\",\"earthpower\",\"sludgebomb\",\"sleeppowder\"],\"baseAbility\":\"chlorophyll\",\"item\":\"\",\"pokeball\":\"pokeball\",\"ability\":\"chlorophyll\",\"commanding\":false,\"reviving\":false,\"teraType\":\"Steel\",\"terastallized\":\"\"},{\"ident\":\"p2: Dudunsparce\",\"details\":\"Dudunsparce-Three-Segment, L83, M\",\"condition\":\"343/343\",\"active\":false,\"stats\":{\"atk\":214,\"def\":180,\"spa\":189,\"spd\":172,\"spe\":139},\"moves\":[\"toxic\",\"boomburst\",\"earthquake\",\"roost\"],\"baseAbility\":\"rattled\",\"item\":\"leftovers\",\"pokeball\":\"pokeball\",\"ability\":\"rattled\",\"commanding\":false,\"reviving\":false,\"teraType\":\"Ground\",\"terastallized\":\"\"},{\"ident\":\"p2: Weezing\",\"details\":\"Weezing, L88, F\",\"condition\":\"258/258\",\"active\":false,\"stats\":{\"atk\":163,\"def\":261,\"spa\":200,\"spd\":173,\"spe\":156},\"moves\":[\"fireblast\",\"painsplit\",\"sludgebomb\",\"willowisp\"],\"baseAbility\":\"levitate\",\"item\":\"leftovers\",\"pokeball\":\"pokeball\",\"ability\":\"levitate\",\"commanding\":false,\"reviving\":false,\"teraType\":\"Steel\",\"terastallized\":\"\"},{\"ident\":\"p2: Chesnaught\",\"details\":\"Chesnaught, L84, M\",\"condition\":\"212/285\",\"active\":false,\"stats\":{\"atk\":228,\"def\":253,\"spa\":173,\"spd\":174,\"spe\":156},\"moves\":[\"knockoff\",\"bodypress\",\"woodhammer\",\"synthesis\"],\"baseAbility\":\"bulletproof\",\"item\":\"rockyhelmet\",\"pokeball\":\"pokeball\",\"ability\":\"bulletproof\",\"commanding\":false,\"reviving\":false,\"teraType\":\"Steel\",\"terastallized\":\"\"}]},\"rqid\":117}\n|inactive|Time left: 300 sec this turn | 300 sec total\n|\n|t:|1783392068\n|move|p2a: Jirachi|Iron Head|p1a: Drifblim\n|-damage|p1a: Drifblim|53/100 tox\n|cant|p1a: Drifblim|flinch\n|\n|-damage|p1a: Drifblim|34/100 tox|[from] psn\n|upkeep\n|turn|58\n|request|{\"active\":[{\"moves\":[{\"move\":\"Body Slam\",\"id\":\"bodyslam\",\"pp\":24,\"maxpp\":24,\"target\":\"normal\",\"disabled\":false},{\"move\":\"Wish\",\"id\":\"wish\",\"pp\":16,\"maxpp\":16,\"target\":\"self\",\"disabled\":false},{\"move\":\"Iron Head\",\"id\":\"ironhead\",\"pp\":23,\"maxpp\":24,\"target\":\"normal\",\"disabled\":false},{\"move\":\"Protect\",\"id\":\"protect\",\"pp\":16,\"maxpp\":16,\"target\":\"self\",\"disabled\":false}],\"canTerastallize\":\"Water\"}],\"side\":{\"name\":\"p0y0722144\",\"id\":\"p2\",\"pokemon\":[{\"ident\":\"p2: Jirachi\",\"details\":\"Jirachi, L80\",\"condition\":\"291/291\",\"active\":true,\"stats\":{\"atk\":206,\"def\":206,\"spa\":206,\"spd\":206,\"spe\":206},\"moves\":[\"bodyslam\",\"wish\",\"ironhead\",\"protect\"],\"baseAbility\":\"serenegrace\",\"item\":\"leftovers\",\"pokeball\":\"pokeball\",\"ability\":\"serenegrace\",\"commanding\":false,\"reviving\":false,\"teraType\":\"Water\",\"terastallized\":\"\"},{\"ident\":\"p2: Rampardos\",\"details\":\"Rampardos, L90, F\",\"condition\":\"15/321 tox\",\"active\":false,\"stats\":{\"atk\":348,\"def\":159,\"spa\":168,\"spd\":141,\"spe\":156},\"moves\":[\"firepunch\",\"headsmash\",\"earthquake\",\"rockslide\"],\"baseAbility\":\"sheerforce\",\"item\":\"choicescarf\",\"pokeball\":\"pokeball\",\"ability\":\"sheerforce\",\"commanding\":false,\"reviving\":false,\"teraType\":\"Rock\",\"terastallized\":\"\"},{\"ident\":\"p2: Venusaur\",\"details\":\"Venusaur, L84, M\",\"condition\":\"272/272\",\"active\":false,\"stats\":{\"atk\":142,\"def\":188,\"spa\":216,\"spd\":216,\"spe\":183},\"moves\":[\"synthesis\",\"earthpower\",\"sludgebomb\",\"sleeppowder\"],\"baseAbility\":\"chlorophyll\",\"item\":\"\",\"pokeball\":\"pokeball\",\"ability\":\"chlorophyll\",\"commanding\":false,\"reviving\":false,\"teraType\":\"Steel\",\"terastallized\":\"\"},{\"ident\":\"p2: Dudunsparce\",\"details\":\"Dudunsparce-Three-Segment, L83, M\",\"condition\":\"343/343\",\"active\":false,\"stats\":{\"atk\":214,\"def\":180,\"spa\":189,\"spd\":172,\"spe\":139},\"moves\":[\"toxic\",\"boomburst\",\"earthquake\",\"roost\"],\"baseAbility\":\"rattled\",\"item\":\"leftovers\",\"pokeball\":\"pokeball\",\"ability\":\"rattled\",\"commanding\":false,\"reviving\":false,\"teraType\":\"Ground\",\"terastallized\":\"\"},{\"ident\":\"p2: Weezing\",\"details\":\"Weezing, L88, F\",\"condition\":\"258/258\",\"active\":false,\"stats\":{\"atk\":163,\"def\":261,\"spa\":200,\"spd\":173,\"spe\":156},\"moves\":[\"fireblast\",\"painsplit\",\"sludgebomb\",\"willowisp\"],\"baseAbility\":\"levitate\",\"item\":\"leftovers\",\"pokeball\":\"pokeball\",\"ability\":\"levitate\",\"commanding\":false,\"reviving\":false,\"teraType\":\"Steel\",\"terastallized\":\"\"},{\"ident\":\"p2: Chesnaught\",\"details\":\"Chesnaught, L84, M\",\"condition\":\"212/285\",\"active\":false,\"stats\":{\"atk\":228,\"def\":253,\"spa\":173,\"spd\":174,\"spe\":156},\"moves\":[\"knockoff\",\"bodypress\",\"woodhammer\",\"synthesis\"],\"baseAbility\":\"bulletproof\",\"item\":\"rockyhelmet\",\"pokeball\":\"pokeball\",\"ability\":\"bulletproof\",\"commanding\":false,\"reviving\":false,\"teraType\":\"Steel\",\"terastallized\":\"\"}]},\"rqid\":119}\n|inactive|Time left: 300 sec this turn | 300 sec total\n|\n|t:|1783392068\n|move|p2a: Jirachi|Iron Head|p1a: Drifblim\n|-damage|p1a: Drifblim|5/100 tox\n|cant|p1a: Drifblim|flinch\n|\n|-damage|p1a: Drifblim|0 fnt|[from] psn\n|faint|p1a: Drifblim\n|upkeep\n|request|{\"wait\":true,\"side\":{\"name\":\"p0y0722144\",\"id\":\"p2\",\"pokemon\":[{\"ident\":\"p2: Jirachi\",\"details\":\"Jirachi, L80\",\"condition\":\"291/291\",\"active\":true,\"stats\":{\"atk\":206,\"def\":206,\"spa\":206,\"spd\":206,\"spe\":206},\"moves\":[\"bodyslam\",\"wish\",\"ironhead\",\"protect\"],\"baseAbility\":\"serenegrace\",\"item\":\"leftovers\",\"pokeball\":\"pokeball\",\"ability\":\"serenegrace\",\"commanding\":false,\"reviving\":false,\"teraType\":\"Water\",\"terastallized\":\"\"},{\"ident\":\"p2: Rampardos\",\"details\":\"Rampardos, L90, F\",\"condition\":\"15/321 tox\",\"active\":false,\"stats\":{\"atk\":348,\"def\":159,\"spa\":168,\"spd\":141,\"spe\":156},\"moves\":[\"firepunch\",\"headsmash\",\"earthquake\",\"rockslide\"],\"baseAbility\":\"sheerforce\",\"item\":\"choicescarf\",\"pokeball\":\"pokeball\",\"ability\":\"sheerforce\",\"commanding\":false,\"reviving\":false,\"teraType\":\"Rock\",\"terastallized\":\"\"},{\"ident\":\"p2: Venusaur\",\"details\":\"Venusaur, L84, M\",\"condition\":\"272/272\",\"active\":false,\"stats\":{\"atk\":142,\"def\":188,\"spa\":216,\"spd\":216,\"spe\":183},\"moves\":[\"synthesis\",\"earthpower\",\"sludgebomb\",\"sleeppowder\"],\"baseAbility\":\"chlorophyll\",\"item\":\"\",\"pokeball\":\"pokeball\",\"ability\":\"chlorophyll\",\"commanding\":false,\"reviving\":false,\"teraType\":\"Steel\",\"terastallized\":\"\"},{\"ident\":\"p2: Dudunsparce\",\"details\":\"Dudunsparce-Three-Segment, L83, M\",\"condition\":\"343/343\",\"active\":false,\"stats\":{\"atk\":214,\"def\":180,\"spa\":189,\"spd\":172,\"spe\":139},\"moves\":[\"toxic\",\"boomburst\",\"earthquake\",\"roost\"],\"baseAbility\":\"rattled\",\"item\":\"leftovers\",\"pokeball\":\"pokeball\",\"ability\":\"rattled\",\"commanding\":false,\"reviving\":false,\"teraType\":\"Ground\",\"terastallized\":\"\"},{\"ident\":\"p2: Weezing\",\"details\":\"Weezing, L88, F\",\"condition\":\"258/258\",\"active\":false,\"stats\":{\"atk\":163,\"def\":261,\"spa\":200,\"spd\":173,\"spe\":156},\"moves\":[\"fireblast\",\"painsplit\",\"sludgebomb\",\"willowisp\"],\"baseAbility\":\"levitate\",\"item\":\"leftovers\",\"pokeball\":\"pokeball\",\"ability\":\"levitate\",\"commanding\":false,\"reviving\":false,\"teraType\":\"Steel\",\"terastallized\":\"\"},{\"ident\":\"p2: Chesnaught\",\"details\":\"Chesnaught, L84, M\",\"condition\":\"212/285\",\"active\":false,\"stats\":{\"atk\":228,\"def\":253,\"spa\":173,\"spd\":174,\"spe\":156},\"moves\":[\"knockoff\",\"bodypress\",\"woodhammer\",\"synthesis\"],\"baseAbility\":\"bulletproof\",\"item\":\"rockyhelmet\",\"pokeball\":\"pokeball\",\"ability\":\"bulletproof\",\"commanding\":false,\"reviving\":false,\"teraType\":\"Steel\",\"terastallized\":\"\"}]},\"rqid\":121}\n|\n|t:|1783392069\n|switch|p1a: Rotom|Rotom-Heat, L83|100/100\n|turn|59\n|request|{\"active\":[{\"moves\":[{\"move\":\"Body Slam\",\"id\":\"bodyslam\",\"pp\":24,\"maxpp\":24,\"target\":\"normal\",\"disabled\":false},{\"move\":\"Wish\",\"id\":\"wish\",\"pp\":16,\"maxpp\":16,\"target\":\"self\",\"disabled\":false},{\"move\":\"Iron Head\",\"id\":\"ironhead\",\"pp\":22,\"maxpp\":24,\"target\":\"normal\",\"disabled\":false},{\"move\":\"Protect\",\"id\":\"protect\",\"pp\":16,\"maxpp\":16,\"target\":\"self\",\"disabled\":false}],\"canTerastallize\":\"Water\"}],\"side\":{\"name\":\"p0y0722144\",\"id\":\"p2\",\"pokemon\":[{\"ident\":\"p2: Jirachi\",\"details\":\"Jirachi, L80\",\"condition\":\"291/291\",\"active\":true,\"stats\":{\"atk\":206,\"def\":206,\"spa\":206,\"spd\":206,\"spe\":206},\"moves\":[\"bodyslam\",\"wish\",\"ironhead\",\"protect\"],\"baseAbility\":\"serenegrace\",\"item\":\"leftovers\",\"pokeball\":\"pokeball\",\"ability\":\"serenegrace\",\"commanding\":false,\"reviving\":false,\"teraType\":\"Water\",\"terastallized\":\"\"},{\"ident\":\"p2: Rampardos\",\"details\":\"Rampardos, L90, F\",\"condition\":\"15/321 tox\",\"active\":false,\"stats\":{\"atk\":348,\"def\":159,\"spa\":168,\"spd\":141,\"spe\":156},\"moves\":[\"firepunch\",\"headsmash\",\"earthquake\",\"rockslide\"],\"baseAbility\":\"sheerforce\",\"item\":\"choicescarf\",\"pokeball\":\"pokeball\",\"ability\":\"sheerforce\",\"commanding\":false,\"reviving\":false,\"teraType\":\"Rock\",\"terastallized\":\"\"},{\"ident\":\"p2: Venusaur\",\"details\":\"Venusaur, L84, M\",\"condition\":\"272/272\",\"active\":false,\"stats\":{\"atk\":142,\"def\":188,\"spa\":216,\"spd\":216,\"spe\":183},\"moves\":[\"synthesis\",\"earthpower\",\"sludgebomb\",\"sleeppowder\"],\"baseAbility\":\"chlorophyll\",\"item\":\"\",\"pokeball\":\"pokeball\",\"ability\":\"chlorophyll\",\"commanding\":false,\"reviving\":false,\"teraType\":\"Steel\",\"terastallized\":\"\"},{\"ident\":\"p2: Dudunsparce\",\"details\":\"Dudunsparce-Three-Segment, L83, M\",\"condition\":\"343/343\",\"active\":false,\"stats\":{\"atk\":214,\"def\":180,\"spa\":189,\"spd\":172,\"spe\":139},\"moves\":[\"toxic\",\"boomburst\",\"earthquake\",\"roost\"],\"baseAbility\":\"rattled\",\"item\":\"leftovers\",\"pokeball\":\"pokeball\",\"ability\":\"rattled\",\"commanding\":false,\"reviving\":false,\"teraType\":\"Ground\",\"terastallized\":\"\"},{\"ident\":\"p2: Weezing\",\"details\":\"Weezing, L88, F\",\"condition\":\"258/258\",\"active\":false,\"stats\":{\"atk\":163,\"def\":261,\"spa\":200,\"spd\":173,\"spe\":156},\"moves\":[\"fireblast\",\"painsplit\",\"sludgebomb\",\"willowisp\"],\"baseAbility\":\"levitate\",\"item\":\"leftovers\",\"pokeball\":\"pokeball\",\"ability\":\"levitate\",\"commanding\":false,\"reviving\":false,\"teraType\":\"Steel\",\"terastallized\":\"\"},{\"ident\":\"p2: Chesnaught\",\"details\":\"Chesnaught, L84, M\",\"condition\":\"212/285\",\"active\":false,\"stats\":{\"atk\":228,\"def\":253,\"spa\":173,\"spd\":174,\"spe\":156},\"moves\":[\"knockoff\",\"bodypress\",\"woodhammer\",\"synthesis\"],\"baseAbility\":\"bulletproof\",\"item\":\"rockyhelmet\",\"pokeball\":\"pokeball\",\"ability\":\"bulletproof\",\"commanding\":false,\"reviving\":false,\"teraType\":\"Steel\",\"terastallized\":\"\"}]},\"rqid\":123}\n|inactive|Time left: 300 sec this turn | 300 sec total\n|\n|t:|1783392069\n|move|p2a: Jirachi|Iron Head|p1a: Rotom\n|-resisted|p1a: Rotom\n|-damage|p1a: Rotom|93/100\n|cant|p1a: Rotom|flinch\n|\n|upkeep\n|turn|60\n|request|{\"active\":[{\"moves\":[{\"move\":\"Body Slam\",\"id\":\"bodyslam\",\"pp\":24,\"maxpp\":24,\"target\":\"normal\",\"disabled\":false},{\"move\":\"Wish\",\"id\":\"wish\",\"pp\":16,\"maxpp\":16,\"target\":\"self\",\"disabled\":false},{\"move\":\"Iron Head\",\"id\":\"ironhead\",\"pp\":21,\"maxpp\":24,\"target\":\"normal\",\"disabled\":false},{\"move\":\"Protect\",\"id\":\"protect\",\"pp\":16,\"maxpp\":16,\"target\":\"self\",\"disabled\":false}],\"canTerastallize\":\"Water\"}],\"side\":{\"name\":\"p0y0722144\",\"id\":\"p2\",\"pokemon\":[{\"ident\":\"p2: Jirachi\",\"details\":\"Jirachi, L80\",\"condition\":\"291/291\",\"active\":true,\"stats\":{\"atk\":206,\"def\":206,\"spa\":206,\"spd\":206,\"spe\":206},\"moves\":[\"bodyslam\",\"wish\",\"ironhead\",\"protect\"],\"baseAbility\":\"serenegrace\",\"item\":\"leftovers\",\"pokeball\":\"pokeball\",\"ability\":\"serenegrace\",\"commanding\":false,\"reviving\":false,\"teraType\":\"Water\",\"terastallized\":\"\"},{\"ident\":\"p2: Rampardos\",\"details\":\"Rampardos, L90, F\",\"condition\":\"15/321 tox\",\"active\":false,\"stats\":{\"atk\":348,\"def\":159,\"spa\":168,\"spd\":141,\"spe\":156},\"moves\":[\"firepunch\",\"headsmash\",\"earthquake\",\"rockslide\"],\"baseAbility\":\"sheerforce\",\"item\":\"choicescarf\",\"pokeball\":\"pokeball\",\"ability\":\"sheerforce\",\"commanding\":false,\"reviving\":false,\"teraType\":\"Rock\",\"terastallized\":\"\"},{\"ident\":\"p2: Venusaur\",\"details\":\"Venusaur, L84, M\",\"condition\":\"272/272\",\"active\":false,\"stats\":{\"atk\":142,\"def\":188,\"spa\":216,\"spd\":216,\"spe\":183},\"moves\":[\"synthesis\",\"earthpower\",\"sludgebomb\",\"sleeppowder\"],\"baseAbility\":\"chlorophyll\",\"item\":\"\",\"pokeball\":\"pokeball\",\"ability\":\"chlorophyll\",\"commanding\":false,\"reviving\":false,\"teraType\":\"Steel\",\"terastallized\":\"\"},{\"ident\":\"p2: Dudunsparce\",\"details\":\"Dudunsparce-Three-Segment, L83, M\",\"condition\":\"343/343\",\"active\":false,\"stats\":{\"atk\":214,\"def\":180,\"spa\":189,\"spd\":172,\"spe\":139},\"moves\":[\"toxic\",\"boomburst\",\"earthquake\",\"roost\"],\"baseAbility\":\"rattled\",\"item\":\"leftovers\",\"pokeball\":\"pokeball\",\"ability\":\"rattled\",\"commanding\":false,\"reviving\":false,\"teraType\":\"Ground\",\"terastallized\":\"\"},{\"ident\":\"p2: Weezing\",\"details\":\"Weezing, L88, F\",\"condition\":\"258/258\",\"active\":false,\"stats\":{\"atk\":163,\"def\":261,\"spa\":200,\"spd\":173,\"spe\":156},\"moves\":[\"fireblast\",\"painsplit\",\"sludgebomb\",\"willowisp\"],\"baseAbility\":\"levitate\",\"item\":\"leftovers\",\"pokeball\":\"pokeball\",\"ability\":\"levitate\",\"commanding\":false,\"reviving\":false,\"teraType\":\"Steel\",\"terastallized\":\"\"},{\"ident\":\"p2: Chesnaught\",\"details\":\"Chesnaught, L84, M\",\"condition\":\"212/285\",\"active\":false,\"stats\":{\"atk\":228,\"def\":253,\"spa\":173,\"spd\":174,\"spe\":156},\"moves\":[\"knockoff\",\"bodypress\",\"woodhammer\",\"synthesis\"],\"baseAbility\":\"bulletproof\",\"item\":\"rockyhelmet\",\"pokeball\":\"pokeball\",\"ability\":\"bulletproof\",\"commanding\":false,\"reviving\":false,\"teraType\":\"Steel\",\"terastallized\":\"\"}]},\"rqid\":125}\n|inactive|Time left: 300 sec this turn | 300 sec total\n|\n|t:|1783392069\n|move|p2a: Jirachi|Iron Head|p1a: Rotom\n|-resisted|p1a: Rotom\n|-crit|p1a: Rotom\n|-damage|p1a: Rotom|81/100\n|cant|p1a: Rotom|flinch\n|\n|upkeep\n|turn|61\n|request|{\"active\":[{\"moves\":[{\"move\":\"Body Slam\",\"id\":\"bodyslam\",\"pp\":24,\"maxpp\":24,\"target\":\"normal\",\"disabled\":false},{\"move\":\"Wish\",\"id\":\"wish\",\"pp\":16,\"maxpp\":16,\"target\":\"self\",\"disabled\":false},{\"move\":\"Iron Head\",\"id\":\"ironhead\",\"pp\":20,\"maxpp\":24,\"target\":\"normal\",\"disabled\":false},{\"move\":\"Protect\",\"id\":\"protect\",\"pp\":16,\"maxpp\":16,\"target\":\"self\",\"disabled\":false}],\"canTerastallize\":\"Water\"}],\"side\":{\"name\":\"p0y0722144\",\"id\":\"p2\",\"pokemon\":[{\"ident\":\"p2: Jirachi\",\"details\":\"Jirachi, L80\",\"condition\":\"291/291\",\"active\":true,\"stats\":{\"atk\":206,\"def\":206,\"spa\":206,\"spd\":206,\"spe\":206},\"moves\":[\"bodyslam\",\"wish\",\"ironhead\",\"protect\"],\"baseAbility\":\"serenegrace\",\"item\":\"leftovers\",\"pokeball\":\"pokeball\",\"ability\":\"serenegrace\",\"commanding\":false,\"reviving\":false,\"teraType\":\"Water\",\"terastallized\":\"\"},{\"ident\":\"p2: Rampardos\",\"details\":\"Rampardos, L90, F\",\"condition\":\"15/321 tox\",\"active\":false,\"stats\":{\"atk\":348,\"def\":159,\"spa\":168,\"spd\":141,\"spe\":156},\"moves\":[\"firepunch\",\"headsmash\",\"earthquake\",\"rockslide\"],\"baseAbility\":\"sheerforce\",\"item\":\"choicescarf\",\"pokeball\":\"pokeball\",\"ability\":\"sheerforce\",\"commanding\":false,\"reviving\":false,\"teraType\":\"Rock\",\"terastallized\":\"\"},{\"ident\":\"p2: Venusaur\",\"details\":\"Venusaur, L84, M\",\"condition\":\"272/272\",\"active\":false,\"stats\":{\"atk\":142,\"def\":188,\"spa\":216,\"spd\":216,\"spe\":183},\"moves\":[\"synthesis\",\"earthpower\",\"sludgebomb\",\"sleeppowder\"],\"baseAbility\":\"chlorophyll\",\"item\":\"\",\"pokeball\":\"pokeball\",\"ability\":\"chlorophyll\",\"commanding\":false,\"reviving\":false,\"teraType\":\"Steel\",\"terastallized\":\"\"},{\"ident\":\"p2: Dudunsparce\",\"details\":\"Dudunsparce-Three-Segment, L83, M\",\"condition\":\"343/343\",\"active\":false,\"stats\":{\"atk\":214,\"def\":180,\"spa\":189,\"spd\":172,\"spe\":139},\"moves\":[\"toxic\",\"boomburst\",\"earthquake\",\"roost\"],\"baseAbility\":\"rattled\",\"item\":\"leftovers\",\"pokeball\":\"pokeball\",\"ability\":\"rattled\",\"commanding\":false,\"reviving\":false,\"teraType\":\"Ground\",\"terastallized\":\"\"},{\"ident\":\"p2: Weezing\",\"details\":\"Weezing, L88, F\",\"condition\":\"258/258\",\"active\":false,\"stats\":{\"atk\":163,\"def\":261,\"spa\":200,\"spd\":173,\"spe\":156},\"moves\":[\"fireblast\",\"painsplit\",\"sludgebomb\",\"willowisp\"],\"baseAbility\":\"levitate\",\"item\":\"leftovers\",\"pokeball\":\"pokeball\",\"ability\":\"levitate\",\"commanding\":false,\"reviving\":false,\"teraType\":\"Steel\",\"terastallized\":\"\"},{\"ident\":\"p2: Chesnaught\",\"details\":\"Chesnaught, L84, M\",\"condition\":\"212/285\",\"active\":false,\"stats\":{\"atk\":228,\"def\":253,\"spa\":173,\"spd\":174,\"spe\":156},\"moves\":[\"knockoff\",\"bodypress\",\"woodhammer\",\"synthesis\"],\"baseAbility\":\"bulletproof\",\"item\":\"rockyhelmet\",\"pokeball\":\"pokeball\",\"ability\":\"bulletproof\",\"commanding\":false,\"reviving\":false,\"teraType\":\"Steel\",\"terastallized\":\"\"}]},\"rqid\":127}\n|inactive|Time left: 300 sec this turn | 300 sec total\n|\n|t:|1783392069\n|move|p2a: Jirachi|Iron Head|p1a: Rotom\n|-resisted|p1a: Rotom\n|-damage|p1a: Rotom|73/100\n|move|p1a: Rotom|Nasty Plot|p1a: Rotom\n|-boost|p1a: Rotom|spa|2\n|\n|upkeep\n|turn|62\n|request|{\"active\":[{\"moves\":[{\"move\":\"Body Slam\",\"id\":\"bodyslam\",\"pp\":24,\"maxpp\":24,\"target\":\"normal\",\"disabled\":false},{\"move\":\"Wish\",\"id\":\"wish\",\"pp\":16,\"maxpp\":16,\"target\":\"self\",\"disabled\":false},{\"move\":\"Iron Head\",\"id\":\"ironhead\",\"pp\":19,\"maxpp\":24,\"target\":\"normal\",\"disabled\":false},{\"move\":\"Protect\",\"id\":\"protect\",\"pp\":16,\"maxpp\":16,\"target\":\"self\",\"disabled\":false}],\"canTerastallize\":\"Water\"}],\"side\":{\"name\":\"p0y0722144\",\"id\":\"p2\",\"pokemon\":[{\"ident\":\"p2: Jirachi\",\"details\":\"Jirachi, L80\",\"condition\":\"291/291\",\"active\":true,\"stats\":{\"atk\":206,\"def\":206,\"spa\":206,\"spd\":206,\"spe\":206},\"moves\":[\"bodyslam\",\"wish\",\"ironhead\",\"protect\"],\"baseAbility\":\"serenegrace\",\"item\":\"leftovers\",\"pokeball\":\"pokeball\",\"ability\":\"serenegrace\",\"commanding\":false,\"reviving\":false,\"teraType\":\"Water\",\"terastallized\":\"\"},{\"ident\":\"p2: Rampardos\",\"details\":\"Rampardos, L90, F\",\"condition\":\"15/321 tox\",\"active\":false,\"stats\":{\"atk\":348,\"def\":159,\"spa\":168,\"spd\":141,\"spe\":156},\"moves\":[\"firepunch\",\"headsmash\",\"earthquake\",\"rockslide\"],\"baseAbility\":\"sheerforce\",\"item\":\"choicescarf\",\"pokeball\":\"pokeball\",\"ability\":\"sheerforce\",\"commanding\":false,\"reviving\":false,\"teraType\":\"Rock\",\"terastallized\":\"\"},{\"ident\":\"p2: Venusaur\",\"details\":\"Venusaur, L84, M\",\"condition\":\"272/272\",\"active\":false,\"stats\":{\"atk\":142,\"def\":188,\"spa\":216,\"spd\":216,\"spe\":183},\"moves\":[\"synthesis\",\"earthpower\",\"sludgebomb\",\"sleeppowder\"],\"baseAbility\":\"chlorophyll\",\"item\":\"\",\"pokeball\":\"pokeball\",\"ability\":\"chlorophyll\",\"commanding\":false,\"reviving\":false,\"teraType\":\"Steel\",\"terastallized\":\"\"},{\"ident\":\"p2: Dudunsparce\",\"details\":\"Dudunsparce-Three-Segment, L83, M\",\"condition\":\"343/343\",\"active\":false,\"stats\":{\"atk\":214,\"def\":180,\"spa\":189,\"spd\":172,\"spe\":139},\"moves\":[\"toxic\",\"boomburst\",\"earthquake\",\"roost\"],\"baseAbility\":\"rattled\",\"item\":\"leftovers\",\"pokeball\":\"pokeball\",\"ability\":\"rattled\",\"commanding\":false,\"reviving\":false,\"teraType\":\"Ground\",\"terastallized\":\"\"},{\"ident\":\"p2: Weezing\",\"details\":\"Weezing, L88, F\",\"condition\":\"258/258\",\"active\":false,\"stats\":{\"atk\":163,\"def\":261,\"spa\":200,\"spd\":173,\"spe\":156},\"moves\":[\"fireblast\",\"painsplit\",\"sludgebomb\",\"willowisp\"],\"baseAbility\":\"levitate\",\"item\":\"leftovers\",\"pokeball\":\"pokeball\",\"ability\":\"levitate\",\"commanding\":false,\"reviving\":false,\"teraType\":\"Steel\",\"terastallized\":\"\"},{\"ident\":\"p2: Chesnaught\",\"details\":\"Chesnaught, L84, M\",\"condition\":\"212/285\",\"active\":false,\"stats\":{\"atk\":228,\"def\":253,\"spa\":173,\"spd\":174,\"spe\":156},\"moves\":[\"knockoff\",\"bodypress\",\"woodhammer\",\"synthesis\"],\"baseAbility\":\"bulletproof\",\"item\":\"rockyhelmet\",\"pokeball\":\"pokeball\",\"ability\":\"bulletproof\",\"commanding\":false,\"reviving\":false,\"teraType\":\"Steel\",\"terastallized\":\"\"}]},\"rqid\":129}\n|inactive|Time left: 300 sec this turn | 300 sec total\n|\n|t:|1783392070\n|move|p2a: Jirachi|Iron Head|p1a: Rotom\n|-resisted|p1a: Rotom\n|-damage|p1a: Rotom|64/100\n|move|p1a: Rotom|Nasty Plot|p1a: Rotom\n|-boost|p1a: Rotom|spa|2\n|\n|upkeep\n|turn|63\n|request|{\"active\":[{\"moves\":[{\"move\":\"Body Slam\",\"id\":\"bodyslam\",\"pp\":24,\"maxpp\":24,\"target\":\"normal\",\"disabled\":false},{\"move\":\"Wish\",\"id\":\"wish\",\"pp\":16,\"maxpp\":16,\"target\":\"self\",\"disabled\":false},{\"move\":\"Iron Head\",\"id\":\"ironhead\",\"pp\":18,\"maxpp\":24,\"target\":\"normal\",\"disabled\":false},{\"move\":\"Protect\",\"id\":\"protect\",\"pp\":16,\"maxpp\":16,\"target\":\"self\",\"disabled\":false}],\"canTerastallize\":\"Water\"}],\"side\":{\"name\":\"p0y0722144\",\"id\":\"p2\",\"pokemon\":[{\"ident\":\"p2: Jirachi\",\"details\":\"Jirachi, L80\",\"condition\":\"291/291\",\"active\":true,\"stats\":{\"atk\":206,\"def\":206,\"spa\":206,\"spd\":206,\"spe\":206},\"moves\":[\"bodyslam\",\"wish\",\"ironhead\",\"protect\"],\"baseAbility\":\"serenegrace\",\"item\":\"leftovers\",\"pokeball\":\"pokeball\",\"ability\":\"serenegrace\",\"commanding\":false,\"reviving\":false,\"teraType\":\"Water\",\"terastallized\":\"\"},{\"ident\":\"p2: Rampardos\",\"details\":\"Rampardos, L90, F\",\"condition\":\"15/321 tox\",\"active\":false,\"stats\":{\"atk\":348,\"def\":159,\"spa\":168,\"spd\":141,\"spe\":156},\"moves\":[\"firepunch\",\"headsmash\",\"earthquake\",\"rockslide\"],\"baseAbility\":\"sheerforce\",\"item\":\"choicescarf\",\"pokeball\":\"pokeball\",\"ability\":\"sheerforce\",\"commanding\":false,\"reviving\":false,\"teraType\":\"Rock\",\"terastallized\":\"\"},{\"ident\":\"p2: Venusaur\",\"details\":\"Venusaur, L84, M\",\"condition\":\"272/272\",\"active\":false,\"stats\":{\"atk\":142,\"def\":188,\"spa\":216,\"spd\":216,\"spe\":183},\"moves\":[\"synthesis\",\"earthpower\",\"sludgebomb\",\"sleeppowder\"],\"baseAbility\":\"chlorophyll\",\"item\":\"\",\"pokeball\":\"pokeball\",\"ability\":\"chlorophyll\",\"commanding\":false,\"reviving\":false,\"teraType\":\"Steel\",\"terastallized\":\"\"},{\"ident\":\"p2: Dudunsparce\",\"details\":\"Dudunsparce-Three-Segment, L83, M\",\"condition\":\"343/343\",\"active\":false,\"stats\":{\"atk\":214,\"def\":180,\"spa\":189,\"spd\":172,\"spe\":139},\"moves\":[\"toxic\",\"boomburst\",\"earthquake\",\"roost\"],\"baseAbility\":\"rattled\",\"item\":\"leftovers\",\"pokeball\":\"pokeball\",\"ability\":\"rattled\",\"commanding\":false,\"reviving\":false,\"teraType\":\"Ground\",\"terastallized\":\"\"},{\"ident\":\"p2: Weezing\",\"details\":\"Weezing, L88, F\",\"condition\":\"258/258\",\"active\":false,\"stats\":{\"atk\":163,\"def\":261,\"spa\":200,\"spd\":173,\"spe\":156},\"moves\":[\"fireblast\",\"painsplit\",\"sludgebomb\",\"willowisp\"],\"baseAbility\":\"levitate\",\"item\":\"leftovers\",\"pokeball\":\"pokeball\",\"ability\":\"levitate\",\"commanding\":false,\"reviving\":false,\"teraType\":\"Steel\",\"terastallized\":\"\"},{\"ident\":\"p2: Chesnaught\",\"details\":\"Chesnaught, L84, M\",\"condition\":\"212/285\",\"active\":false,\"stats\":{\"atk\":228,\"def\":253,\"spa\":173,\"spd\":174,\"spe\":156},\"moves\":[\"knockoff\",\"bodypress\",\"woodhammer\",\"synthesis\"],\"baseAbility\":\"bulletproof\",\"item\":\"rockyhelmet\",\"pokeball\":\"pokeball\",\"ability\":\"bulletproof\",\"commanding\":false,\"reviving\":false,\"teraType\":\"Steel\",\"terastallized\":\"\"}]},\"rqid\":131}\n|inactive|Time left: 300 sec this turn | 300 sec total\n|\n|t:|1783392070\n|move|p2a: Jirachi|Iron Head|p1a: Rotom\n|-resisted|p1a: Rotom\n|-damage|p1a: Rotom|56/100\n|cant|p1a: Rotom|flinch\n|\n|upkeep\n|turn|64\n|request|{\"active\":[{\"moves\":[{\"move\":\"Body Slam\",\"id\":\"bodyslam\",\"pp\":24,\"maxpp\":24,\"target\":\"normal\",\"disabled\":false},{\"move\":\"Wish\",\"id\":\"wish\",\"pp\":16,\"maxpp\":16,\"target\":\"self\",\"disabled\":false},{\"move\":\"Iron Head\",\"id\":\"ironhead\",\"pp\":17,\"maxpp\":24,\"target\":\"normal\",\"disabled\":false},{\"move\":\"Protect\",\"id\":\"protect\",\"pp\":16,\"maxpp\":16,\"target\":\"self\",\"disabled\":false}],\"canTerastallize\":\"Water\"}],\"side\":{\"name\":\"p0y0722144\",\"id\":\"p2\",\"pokemon\":[{\"ident\":\"p2: Jirachi\",\"details\":\"Jirachi, L80\",\"condition\":\"291/291\",\"active\":true,\"stats\":{\"atk\":206,\"def\":206,\"spa\":206,\"spd\":206,\"spe\":206},\"moves\":[\"bodyslam\",\"wish\",\"ironhead\",\"protect\"],\"baseAbility\":\"serenegrace\",\"item\":\"leftovers\",\"pokeball\":\"pokeball\",\"ability\":\"serenegrace\",\"commanding\":false,\"reviving\":false,\"teraType\":\"Water\",\"terastallized\":\"\"},{\"ident\":\"p2: Rampardos\",\"details\":\"Rampardos, L90, F\",\"condition\":\"15/321 tox\",\"active\":false,\"stats\":{\"atk\":348,\"def\":159,\"spa\":168,\"spd\":141,\"spe\":156},\"moves\":[\"firepunch\",\"headsmash\",\"earthquake\",\"rockslide\"],\"baseAbility\":\"sheerforce\",\"item\":\"choicescarf\",\"pokeball\":\"pokeball\",\"ability\":\"sheerforce\",\"commanding\":false,\"reviving\":false,\"teraType\":\"Rock\",\"terastallized\":\"\"},{\"ident\":\"p2: Venusaur\",\"details\":\"Venusaur, L84, M\",\"condition\":\"272/272\",\"active\":false,\"stats\":{\"atk\":142,\"def\":188,\"spa\":216,\"spd\":216,\"spe\":183},\"moves\":[\"synthesis\",\"earthpower\",\"sludgebomb\",\"sleeppowder\"],\"baseAbility\":\"chlorophyll\",\"item\":\"\",\"pokeball\":\"pokeball\",\"ability\":\"chlorophyll\",\"commanding\":false,\"reviving\":false,\"teraType\":\"Steel\",\"terastallized\":\"\"},{\"ident\":\"p2: Dudunsparce\",\"details\":\"Dudunsparce-Three-Segment, L83, M\",\"condition\":\"343/343\",\"active\":false,\"stats\":{\"atk\":214,\"def\":180,\"spa\":189,\"spd\":172,\"spe\":139},\"moves\":[\"toxic\",\"boomburst\",\"earthquake\",\"roost\"],\"baseAbility\":\"rattled\",\"item\":\"leftovers\",\"pokeball\":\"pokeball\",\"ability\":\"rattled\",\"commanding\":false,\"reviving\":false,\"teraType\":\"Ground\",\"terastallized\":\"\"},{\"ident\":\"p2: Weezing\",\"details\":\"Weezing, L88, F\",\"condition\":\"258/258\",\"active\":false,\"stats\":{\"atk\":163,\"def\":261,\"spa\":200,\"spd\":173,\"spe\":156},\"moves\":[\"fireblast\",\"painsplit\",\"sludgebomb\",\"willowisp\"],\"baseAbility\":\"levitate\",\"item\":\"leftovers\",\"pokeball\":\"pokeball\",\"ability\":\"levitate\",\"commanding\":false,\"reviving\":false,\"teraType\":\"Steel\",\"terastallized\":\"\"},{\"ident\":\"p2: Chesnaught\",\"details\":\"Chesnaught, L84, M\",\"condition\":\"212/285\",\"active\":false,\"stats\":{\"atk\":228,\"def\":253,\"spa\":173,\"spd\":174,\"spe\":156},\"moves\":[\"knockoff\",\"bodypress\",\"woodhammer\",\"synthesis\"],\"baseAbility\":\"bulletproof\",\"item\":\"rockyhelmet\",\"pokeball\":\"pokeball\",\"ability\":\"bulletproof\",\"commanding\":false,\"reviving\":false,\"teraType\":\"Steel\",\"terastallized\":\"\"}]},\"rqid\":133}\n|inactive|Time left: 300 sec this turn | 300 sec total\n|\n|t:|1783392070\n|move|p2a: Jirachi|Iron Head|p1a: Rotom\n|-resisted|p1a: Rotom\n|-damage|p1a: Rotom|48/100\n|cant|p1a: Rotom|flinch\n|\n|upkeep\n|turn|65\n|request|{\"active\":[{\"moves\":[{\"move\":\"Body Slam\",\"id\":\"bodyslam\",\"pp\":24,\"maxpp\":24,\"target\":\"normal\",\"disabled\":false},{\"move\":\"Wish\",\"id\":\"wish\",\"pp\":16,\"maxpp\":16,\"target\":\"self\",\"disabled\":false},{\"move\":\"Iron Head\",\"id\":\"ironhead\",\"pp\":16,\"maxpp\":24,\"target\":\"normal\",\"disabled\":false},{\"move\":\"Protect\",\"id\":\"protect\",\"pp\":16,\"maxpp\":16,\"target\":\"self\",\"disabled\":false}],\"canTerastallize\":\"Water\"}],\"side\":{\"name\":\"p0y0722144\",\"id\":\"p2\",\"pokemon\":[{\"ident\":\"p2: Jirachi\",\"details\":\"Jirachi, L80\",\"condition\":\"291/291\",\"active\":true,\"stats\":{\"atk\":206,\"def\":206,\"spa\":206,\"spd\":206,\"spe\":206},\"moves\":[\"bodyslam\",\"wish\",\"ironhead\",\"protect\"],\"baseAbility\":\"serenegrace\",\"item\":\"leftovers\",\"pokeball\":\"pokeball\",\"ability\":\"serenegrace\",\"commanding\":false,\"reviving\":false,\"teraType\":\"Water\",\"terastallized\":\"\"},{\"ident\":\"p2: Rampardos\",\"details\":\"Rampardos, L90, F\",\"condition\":\"15/321 tox\",\"active\":false,\"stats\":{\"atk\":348,\"def\":159,\"spa\":168,\"spd\":141,\"spe\":156},\"moves\":[\"firepunch\",\"headsmash\",\"earthquake\",\"rockslide\"],\"baseAbility\":\"sheerforce\",\"item\":\"choicescarf\",\"pokeball\":\"pokeball\",\"ability\":\"sheerforce\",\"commanding\":false,\"reviving\":false,\"teraType\":\"Rock\",\"terastallized\":\"\"},{\"ident\":\"p2: Venusaur\",\"details\":\"Venusaur, L84, M\",\"condition\":\"272/272\",\"active\":false,\"stats\":{\"atk\":142,\"def\":188,\"spa\":216,\"spd\":216,\"spe\":183},\"moves\":[\"synthesis\",\"earthpower\",\"sludgebomb\",\"sleeppowder\"],\"baseAbility\":\"chlorophyll\",\"item\":\"\",\"pokeball\":\"pokeball\",\"ability\":\"chlorophyll\",\"commanding\":false,\"reviving\":false,\"teraType\":\"Steel\",\"terastallized\":\"\"},{\"ident\":\"p2: Dudunsparce\",\"details\":\"Dudunsparce-Three-Segment, L83, M\",\"condition\":\"343/343\",\"active\":false,\"stats\":{\"atk\":214,\"def\":180,\"spa\":189,\"spd\":172,\"spe\":139},\"moves\":[\"toxic\",\"boomburst\",\"earthquake\",\"roost\"],\"baseAbility\":\"rattled\",\"item\":\"leftovers\",\"pokeball\":\"pokeball\",\"ability\":\"rattled\",\"commanding\":false,\"reviving\":false,\"teraType\":\"Ground\",\"terastallized\":\"\"},{\"ident\":\"p2: Weezing\",\"details\":\"Weezing, L88, F\",\"condition\":\"258/258\",\"active\":false,\"stats\":{\"atk\":163,\"def\":261,\"spa\":200,\"spd\":173,\"spe\":156},\"moves\":[\"fireblast\",\"painsplit\",\"sludgebomb\",\"willowisp\"],\"baseAbility\":\"levitate\",\"item\":\"leftovers\",\"pokeball\":\"pokeball\",\"ability\":\"levitate\",\"commanding\":false,\"reviving\":false,\"teraType\":\"Steel\",\"terastallized\":\"\"},{\"ident\":\"p2: Chesnaught\",\"details\":\"Chesnaught, L84, M\",\"condition\":\"212/285\",\"active\":false,\"stats\":{\"atk\":228,\"def\":253,\"spa\":173,\"spd\":174,\"spe\":156},\"moves\":[\"knockoff\",\"bodypress\",\"woodhammer\",\"synthesis\"],\"baseAbility\":\"bulletproof\",\"item\":\"rockyhelmet\",\"pokeball\":\"pokeball\",\"ability\":\"bulletproof\",\"commanding\":false,\"reviving\":false,\"teraType\":\"Steel\",\"terastallized\":\"\"}]},\"rqid\":135}\n|inactive|Time left: 300 sec this turn | 300 sec total\n|\n|t:|1783392070\n|move|p2a: Jirachi|Iron Head|p1a: Rotom\n|-resisted|p1a: Rotom\n|-damage|p1a: Rotom|40/100\n|move|p1a: Rotom|Overheat|p2a: Jirachi\n|-supereffective|p2a: Jirachi\n|-damage|p2a: Jirachi|0 fnt\n|-unboost|p1a: Rotom|spa|2\n|faint|p2a: Jirachi\n|\n|upkeep\n|request|{\"forceSwitch\":[true],\"side\":{\"name\":\"p0y0722144\",\"id\":\"p2\",\"pokemon\":[{\"ident\":\"p2: Jirachi\",\"details\":\"Jirachi, L80\",\"condition\":\"0 fnt\",\"active\":true,\"stats\":{\"atk\":206,\"def\":206,\"spa\":206,\"spd\":206,\"spe\":206},\"moves\":[\"bodyslam\",\"wish\",\"ironhead\",\"protect\"],\"baseAbility\":\"serenegrace\",\"item\":\"leftovers\",\"pokeball\":\"pokeball\",\"ability\":\"serenegrace\",\"commanding\":false,\"reviving\":false,\"teraType\":\"Water\",\"terastallized\":\"\"},{\"ident\":\"p2: Rampardos\",\"details\":\"Rampardos, L90, F\",\"condition\":\"15/321 tox\",\"active\":false,\"stats\":{\"atk\":348,\"def\":159,\"spa\":168,\"spd\":141,\"spe\":156},\"moves\":[\"firepunch\",\"headsmash\",\"earthquake\",\"rockslide\"],\"baseAbility\":\"sheerforce\",\"item\":\"choicescarf\",\"pokeball\":\"pokeball\",\"ability\":\"sheerforce\",\"commanding\":false,\"reviving\":false,\"teraType\":\"Rock\",\"terastallized\":\"\"},{\"ident\":\"p2: Venusaur\",\"details\":\"Venusaur, L84, M\",\"condition\":\"272/272\",\"active\":false,\"stats\":{\"atk\":142,\"def\":188,\"spa\":216,\"spd\":216,\"spe\":183},\"moves\":[\"synthesis\",\"earthpower\",\"sludgebomb\",\"sleeppowder\"],\"baseAbility\":\"chlorophyll\",\"item\":\"\",\"pokeball\":\"pokeball\",\"ability\":\"chlorophyll\",\"commanding\":false,\"reviving\":false,\"teraType\":\"Steel\",\"terastallized\":\"\"},{\"ident\":\"p2: Dudunsparce\",\"details\":\"Dudunsparce-Three-Segment, L83, M\",\"condition\":\"343/343\",\"active\":false,\"stats\":{\"atk\":214,\"def\":180,\"spa\":189,\"spd\":172,\"spe\":139},\"moves\":[\"toxic\",\"boomburst\",\"earthquake\",\"roost\"],\"baseAbility\":\"rattled\",\"item\":\"leftovers\",\"pokeball\":\"pokeball\",\"ability\":\"rattled\",\"commanding\":false,\"reviving\":false,\"teraType\":\"Ground\",\"terastallized\":\"\"},{\"ident\":\"p2: Weezing\",\"details\":\"Weezing, L88, F\",\"condition\":\"258/258\",\"active\":false,\"stats\":{\"atk\":163,\"def\":261,\"spa\":200,\"spd\":173,\"spe\":156},\"moves\":[\"fireblast\",\"painsplit\",\"sludgebomb\",\"willowisp\"],\"baseAbility\":\"levitate\",\"item\":\"leftovers\",\"pokeball\":\"pokeball\",\"ability\":\"levitate\",\"commanding\":false,\"reviving\":false,\"teraType\":\"Steel\",\"terastallized\":\"\"},{\"ident\":\"p2: Chesnaught\",\"details\":\"Chesnaught, L84, M\",\"condition\":\"212/285\",\"active\":false,\"stats\":{\"atk\":228,\"def\":253,\"spa\":173,\"spd\":174,\"spe\":156},\"moves\":[\"knockoff\",\"bodypress\",\"woodhammer\",\"synthesis\"],\"baseAbility\":\"bulletproof\",\"item\":\"rockyhelmet\",\"pokeball\":\"pokeball\",\"ability\":\"bulletproof\",\"commanding\":false,\"reviving\":false,\"teraType\":\"Steel\",\"terastallized\":\"\"}]},\"noCancel\":true,\"rqid\":137}\n|inactive|Time left: 300 sec this turn | 300 sec total | 5 sec grace\n|\n|t:|1783392071\n|switch|p2a: Rampardos|Rampardos, L90, F|15/321 tox\n|turn|66\n|request|{\"active\":[{\"moves\":[{\"move\":\"Fire Punch\",\"id\":\"firepunch\",\"pp\":24,\"maxpp\":24,\"target\":\"normal\",\"disabled\":false},{\"move\":\"Head Smash\",\"id\":\"headsmash\",\"pp\":8,\"maxpp\":8,\"target\":\"normal\",\"disabled\":false},{\"move\":\"Earthquake\",\"id\":\"earthquake\",\"pp\":16,\"maxpp\":16,\"target\":\"allAdjacent\",\"disabled\":false},{\"move\":\"Rock Slide\",\"id\":\"rockslide\",\"pp\":6,\"maxpp\":16,\"target\":\"allAdjacentFoes\",\"disabled\":false}],\"canTerastallize\":\"Rock\"}],\"side\":{\"name\":\"p0y0722144\",\"id\":\"p2\",\"pokemon\":[{\"ident\":\"p2: Rampardos\",\"details\":\"Rampardos, L90, F\",\"condition\":\"15/321 tox\",\"active\":true,\"stats\":{\"atk\":348,\"def\":159,\"spa\":168,\"spd\":141,\"spe\":156},\"moves\":[\"firepunch\",\"headsmash\",\"earthquake\",\"rockslide\"],\"baseAbility\":\"sheerforce\",\"item\":\"choicescarf\",\"pokeball\":\"pokeball\",\"ability\":\"sheerforce\",\"commanding\":false,\"reviving\":false,\"teraType\":\"Rock\",\"terastallized\":\"\"},{\"ident\":\"p2: Jirachi\",\"details\":\"Jirachi, L80\",\"condition\":\"0 fnt\",\"active\":false,\"stats\":{\"atk\":206,\"def\":206,\"spa\":206,\"spd\":206,\"spe\":206},\"moves\":[\"bodyslam\",\"wish\",\"ironhead\",\"protect\"],\"baseAbility\":\"serenegrace\",\"item\":\"leftovers\",\"pokeball\":\"pokeball\",\"ability\":\"serenegrace\",\"commanding\":false,\"reviving\":false,\"teraType\":\"Water\",\"terastallized\":\"\"},{\"ident\":\"p2: Venusaur\",\"details\":\"Venusaur, L84, M\",\"condition\":\"272/272\",\"active\":false,\"stats\":{\"atk\":142,\"def\":188,\"spa\":216,\"spd\":216,\"spe\":183},\"moves\":[\"synthesis\",\"earthpower\",\"sludgebomb\",\"sleeppowder\"],\"baseAbility\":\"chlorophyll\",\"item\":\"\",\"pokeball\":\"pokeball\",\"ability\":\"chlorophyll\",\"commanding\":false,\"reviving\":false,\"teraType\":\"Steel\",\"terastallized\":\"\"},{\"ident\":\"p2: Dudunsparce\",\"details\":\"Dudunsparce-Three-Segment, L83, M\",\"condition\":\"343/343\",\"active\":false,\"stats\":{\"atk\":214,\"def\":180,\"spa\":189,\"spd\":172,\"spe\":139},\"moves\":[\"toxic\",\"boomburst\",\"earthquake\",\"roost\"],\"baseAbility\":\"rattled\",\"item\":\"leftovers\",\"pokeball\":\"pokeball\",\"ability\":\"rattled\",\"commanding\":false,\"reviving\":false,\"teraType\":\"Ground\",\"terastallized\":\"\"},{\"ident\":\"p2: Weezing\",\"details\":\"Weezing, L88, F\",\"condition\":\"258/258\",\"active\":false,\"stats\":{\"atk\":163,\"def\":261,\"spa\":200,\"spd\":173,\"spe\":156},\"moves\":[\"fireblast\",\"painsplit\",\"sludgebomb\",\"willowisp\"],\"baseAbility\":\"levitate\",\"item\":\"leftovers\",\"pokeball\":\"pokeball\",\"ability\":\"levitate\",\"commanding\":false,\"reviving\":false,\"teraType\":\"Steel\",\"terastallized\":\"\"},{\"ident\":\"p2: Chesnaught\",\"details\":\"Chesnaught, L84, M\",\"condition\":\"212/285\",\"active\":false,\"stats\":{\"atk\":228,\"def\":253,\"spa\":173,\"spd\":174,\"spe\":156},\"moves\":[\"knockoff\",\"bodypress\",\"woodhammer\",\"synthesis\"],\"baseAbility\":\"bulletproof\",\"item\":\"rockyhelmet\",\"pokeball\":\"pokeball\",\"ability\":\"bulletproof\",\"commanding\":false,\"reviving\":false,\"teraType\":\"Steel\",\"terastallized\":\"\"}]},\"rqid\":139}\n|inactive|Time left: 300 sec this turn | 300 sec total\n|\n|t:|1783392071\n|switch|p1a: Umbreon|Umbreon, L84, F|100/100 slp\n|move|p2a: Rampardos|Head Smash|p1a: Umbreon\n|-damage|p1a: Umbreon|15/100 slp\n|-damage|p2a: Rampardos|0 fnt|[from] Recoil\n|faint|p2a: Rampardos\n|\n|-heal|p1a: Umbreon|21/100 slp|[from] item: Leftovers\n|upkeep\n|request|{\"forceSwitch\":[true],\"side\":{\"name\":\"p0y0722144\",\"id\":\"p2\",\"pokemon\":[{\"ident\":\"p2: Rampardos\",\"details\":\"Rampardos, L90, F\",\"condition\":\"0 fnt\",\"active\":true,\"stats\":{\"atk\":348,\"def\":159,\"spa\":168,\"spd\":141,\"spe\":156},\"moves\":[\"firepunch\",\"headsmash\",\"earthquake\",\"rockslide\"],\"baseAbility\":\"sheerforce\",\"item\":\"choicescarf\",\"pokeball\":\"pokeball\",\"ability\":\"sheerforce\",\"commanding\":false,\"reviving\":false,\"teraType\":\"Rock\",\"terastallized\":\"\"},{\"ident\":\"p2: Jirachi\",\"details\":\"Jirachi, L80\",\"condition\":\"0 fnt\",\"active\":false,\"stats\":{\"atk\":206,\"def\":206,\"spa\":206,\"spd\":206,\"spe\":206},\"moves\":[\"bodyslam\",\"wish\",\"ironhead\",\"protect\"],\"baseAbility\":\"serenegrace\",\"item\":\"leftovers\",\"pokeball\":\"pokeball\",\"ability\":\"serenegrace\",\"commanding\":false,\"reviving\":false,\"teraType\":\"Water\",\"terastallized\":\"\"},{\"ident\":\"p2: Venusaur\",\"details\":\"Venusaur, L84, M\",\"condition\":\"272/272\",\"active\":false,\"stats\":{\"atk\":142,\"def\":188,\"spa\":216,\"spd\":216,\"spe\":183},\"moves\":[\"synthesis\",\"earthpower\",\"sludgebomb\",\"sleeppowder\"],\"baseAbility\":\"chlorophyll\",\"item\":\"\",\"pokeball\":\"pokeball\",\"ability\":\"chlorophyll\",\"commanding\":false,\"reviving\":false,\"teraType\":\"Steel\",\"terastallized\":\"\"},{\"ident\":\"p2: Dudunsparce\",\"details\":\"Dudunsparce-Three-Segment, L83, M\",\"condition\":\"343/343\",\"active\":false,\"stats\":{\"atk\":214,\"def\":180,\"spa\":189,\"spd\":172,\"spe\":139},\"moves\":[\"toxic\",\"boomburst\",\"earthquake\",\"roost\"],\"baseAbility\":\"rattled\",\"item\":\"leftovers\",\"pokeball\":\"pokeball\",\"ability\":\"rattled\",\"commanding\":false,\"reviving\":false,\"teraType\":\"Ground\",\"terastallized\":\"\"},{\"ident\":\"p2: Weezing\",\"details\":\"Weezing, L88, F\",\"condition\":\"258/258\",\"active\":false,\"stats\":{\"atk\":163,\"def\":261,\"spa\":200,\"spd\":173,\"spe\":156},\"moves\":[\"fireblast\",\"painsplit\",\"sludgebomb\",\"willowisp\"],\"baseAbility\":\"levitate\",\"item\":\"leftovers\",\"pokeball\":\"pokeball\",\"ability\":\"levitate\",\"commanding\":false,\"reviving\":false,\"teraType\":\"Steel\",\"terastallized\":\"\"},{\"ident\":\"p2: Chesnaught\",\"details\":\"Chesnaught, L84, M\",\"condition\":\"212/285\",\"active\":false,\"stats\":{\"atk\":228,\"def\":253,\"spa\":173,\"spd\":174,\"spe\":156},\"moves\":[\"knockoff\",\"bodypress\",\"woodhammer\",\"synthesis\"],\"baseAbility\":\"bulletproof\",\"item\":\"rockyhelmet\",\"pokeball\":\"pokeball\",\"ability\":\"bulletproof\",\"commanding\":false,\"reviving\":false,\"teraType\":\"Steel\",\"terastallized\":\"\"}]},\"noCancel\":true,\"rqid\":141}\n|inactive|Time left: 300 sec this turn | 300 sec total | 5 sec grace\n|\n|t:|1783392071\n|switch|p2a: Chesnaught|Chesnaught, L84, M|212/285\n|turn|67\n|request|{\"active\":[{\"moves\":[{\"move\":\"Knock Off\",\"id\":\"knockoff\",\"pp\":29,\"maxpp\":32,\"target\":\"normal\",\"disabled\":false},{\"move\":\"Body Press\",\"id\":\"bodypress\",\"pp\":16,\"maxpp\":16,\"target\":\"normal\",\"disabled\":false},{\"move\":\"Wood Hammer\",\"id\":\"woodhammer\",\"pp\":23,\"maxpp\":24,\"target\":\"normal\",\"disabled\":false},{\"move\":\"Synthesis\",\"id\":\"synthesis\",\"pp\":6,\"maxpp\":8,\"target\":\"self\",\"disabled\":false}],\"canTerastallize\":\"Steel\"}],\"side\":{\"name\":\"p0y0722144\",\"id\":\"p2\",\"pokemon\":[{\"ident\":\"p2: Chesnaught\",\"details\":\"Chesnaught, L84, M\",\"condition\":\"212/285\",\"active\":true,\"stats\":{\"atk\":228,\"def\":253,\"spa\":173,\"spd\":174,\"spe\":156},\"moves\":[\"knockoff\",\"bodypress\",\"woodhammer\",\"synthesis\"],\"baseAbility\":\"bulletproof\",\"item\":\"rockyhelmet\",\"pokeball\":\"pokeball\",\"ability\":\"bulletproof\",\"commanding\":false,\"reviving\":false,\"teraType\":\"Steel\",\"terastallized\":\"\"},{\"ident\":\"p2: Jirachi\",\"details\":\"Jirachi, L80\",\"condition\":\"0 fnt\",\"active\":false,\"stats\":{\"atk\":206,\"def\":206,\"spa\":206,\"spd\":206,\"spe\":206},\"moves\":[\"bodyslam\",\"wish\",\"ironhead\",\"protect\"],\"baseAbility\":\"serenegrace\",\"item\":\"leftovers\",\"pokeball\":\"pokeball\",\"ability\":\"serenegrace\",\"commanding\":false,\"reviving\":false,\"teraType\":\"Water\",\"terastallized\":\"\"},{\"ident\":\"p2: Venusaur\",\"details\":\"Venusaur, L84, M\",\"condition\":\"272/272\",\"active\":false,\"stats\":{\"atk\":142,\"def\":188,\"spa\":216,\"spd\":216,\"spe\":183},\"moves\":[\"synthesis\",\"earthpower\",\"sludgebomb\",\"sleeppowder\"],\"baseAbility\":\"chlorophyll\",\"item\":\"\",\"pokeball\":\"pokeball\",\"ability\":\"chlorophyll\",\"commanding\":false,\"reviving\":false,\"teraType\":\"Steel\",\"terastallized\":\"\"},{\"ident\":\"p2: Dudunsparce\",\"details\":\"Dudunsparce-Three-Segment, L83, M\",\"condition\":\"343/343\",\"active\":false,\"stats\":{\"atk\":214,\"def\":180,\"spa\":189,\"spd\":172,\"spe\":139},\"moves\":[\"toxic\",\"boomburst\",\"earthquake\",\"roost\"],\"baseAbility\":\"rattled\",\"item\":\"leftovers\",\"pokeball\":\"pokeball\",\"ability\":\"rattled\",\"commanding\":false,\"reviving\":false,\"teraType\":\"Ground\",\"terastallized\":\"\"},{\"ident\":\"p2: Weezing\",\"details\":\"Weezing, L88, F\",\"condition\":\"258/258\",\"active\":false,\"stats\":{\"atk\":163,\"def\":261,\"spa\":200,\"spd\":173,\"spe\":156},\"moves\":[\"fireblast\",\"painsplit\",\"sludgebomb\",\"willowisp\"],\"baseAbility\":\"levitate\",\"item\":\"leftovers\",\"pokeball\":\"pokeball\",\"ability\":\"levitate\",\"commanding\":false,\"reviving\":false,\"teraType\":\"Steel\",\"terastallized\":\"\"},{\"ident\":\"p2: Rampardos\",\"details\":\"Rampardos, L90, F\",\"condition\":\"0 fnt\",\"active\":false,\"stats\":{\"atk\":348,\"def\":159,\"spa\":168,\"spd\":141,\"spe\":156},\"moves\":[\"firepunch\",\"headsmash\",\"earthquake\",\"rockslide\"],\"baseAbility\":\"sheerforce\",\"item\":\"choicescarf\",\"pokeball\":\"pokeball\",\"ability\":\"sheerforce\",\"commanding\":false,\"reviving\":false,\"teraType\":\"Rock\",\"terastallized\":\"\"}]},\"rqid\":143}\n|inactive|Time left: 300 sec this turn | 300 sec total\n|\n|t:|1783392071\n|switch|p1a: Corviknight|Corviknight, L80, M|100/100\n|move|p2a: Chesnaught|Knock Off|p1a: Corviknight\n|-damage|p1a: Corviknight|76/100\n|-damage|p2a: Chesnaught|165/285|[from] item: Rocky Helmet|[of] p1a: Corviknight\n|-enditem|p1a: Corviknight|Rocky Helmet|[from] move: Knock Off|[of] p2a: Chesnaught\n|\n|upkeep\n|turn|68\n|request|{\"active\":[{\"moves\":[{\"move\":\"Knock Off\",\"id\":\"knockoff\",\"pp\":28,\"maxpp\":32,\"target\":\"normal\",\"disabled\":false},{\"move\":\"Body Press\",\"id\":\"bodypress\",\"pp\":16,\"maxpp\":16,\"target\":\"normal\",\"disabled\":false},{\"move\":\"Wood Hammer\",\"id\":\"woodhammer\",\"pp\":23,\"maxpp\":24,\"target\":\"normal\",\"disabled\":false},{\"move\":\"Synthesis\",\"id\":\"synthesis\",\"pp\":6,\"maxpp\":8,\"target\":\"self\",\"disabled\":false}],\"canTerastallize\":\"Steel\"}],\"side\":{\"name\":\"p0y0722144\",\"id\":\"p2\",\"pokemon\":[{\"ident\":\"p2: Chesnaught\",\"details\":\"Chesnaught, L84, M\",\"condition\":\"165/285\",\"active\":true,\"stats\":{\"atk\":228,\"def\":253,\"spa\":173,\"spd\":174,\"spe\":156},\"moves\":[\"knockoff\",\"bodypress\",\"woodhammer\",\"synthesis\"],\"baseAbility\":\"bulletproof\",\"item\":\"rockyhelmet\",\"pokeball\":\"pokeball\",\"ability\":\"bulletproof\",\"commanding\":false,\"reviving\":false,\"teraType\":\"Steel\",\"terastallized\":\"\"},{\"ident\":\"p2: Jirachi\",\"details\":\"Jirachi, L80\",\"condition\":\"0 fnt\",\"active\":false,\"stats\":{\"atk\":206,\"def\":206,\"spa\":206,\"spd\":206,\"spe\":206},\"moves\":[\"bodyslam\",\"wish\",\"ironhead\",\"protect\"],\"baseAbility\":\"serenegrace\",\"item\":\"leftovers\",\"pokeball\":\"pokeball\",\"ability\":\"serenegrace\",\"commanding\":false,\"reviving\":false,\"teraType\":\"Water\",\"terastallized\":\"\"},{\"ident\":\"p2: Venusaur\",\"details\":\"Venusaur, L84, M\",\"condition\":\"272/272\",\"active\":false,\"stats\":{\"atk\":142,\"def\":188,\"spa\":216,\"spd\":216,\"spe\":183},\"moves\":[\"synthesis\",\"earthpower\",\"sludgebomb\",\"sleeppowder\"],\"baseAbility\":\"chlorophyll\",\"item\":\"\",\"pokeball\":\"pokeball\",\"ability\":\"chlorophyll\",\"commanding\":false,\"reviving\":false,\"teraType\":\"Steel\",\"terastallized\":\"\"},{\"ident\":\"p2: Dudunsparce\",\"details\":\"Dudunsparce-Three-Segment, L83, M\",\"condition\":\"343/343\",\"active\":false,\"stats\":{\"atk\":214,\"def\":180,\"spa\":189,\"spd\":172,\"spe\":139},\"moves\":[\"toxic\",\"boomburst\",\"earthquake\",\"roost\"],\"baseAbility\":\"rattled\",\"item\":\"leftovers\",\"pokeball\":\"pokeball\",\"ability\":\"rattled\",\"commanding\":false,\"reviving\":false,\"teraType\":\"Ground\",\"terastallized\":\"\"},{\"ident\":\"p2: Weezing\",\"details\":\"Weezing, L88, F\",\"condition\":\"258/258\",\"active\":false,\"stats\":{\"atk\":163,\"def\":261,\"spa\":200,\"spd\":173,\"spe\":156},\"moves\":[\"fireblast\",\"painsplit\",\"sludgebomb\",\"willowisp\"],\"baseAbility\":\"levitate\",\"item\":\"leftovers\",\"pokeball\":\"pokeball\",\"ability\":\"levitate\",\"commanding\":false,\"reviving\":false,\"teraType\":\"Steel\",\"terastallized\":\"\"},{\"ident\":\"p2: Rampardos\",\"details\":\"Rampardos, L90, F\",\"condition\":\"0 fnt\",\"active\":false,\"stats\":{\"atk\":348,\"def\":159,\"spa\":168,\"spd\":141,\"spe\":156},\"moves\":[\"firepunch\",\"headsmash\",\"earthquake\",\"rockslide\"],\"baseAbility\":\"sheerforce\",\"item\":\"choicescarf\",\"pokeball\":\"pokeball\",\"ability\":\"sheerforce\",\"commanding\":false,\"reviving\":false,\"teraType\":\"Rock\",\"terastallized\":\"\"}]},\"rqid\":145}\n|inactive|Time left: 300 sec this turn | 300 sec total\n|\n|t:|1783392072\n|move|p2a: Chesnaught|Body Press|p1a: Corviknight\n|-damage|p1a: Corviknight|45/100\n|move|p1a: Corviknight|Roost|p1a: Corviknight\n|-heal|p1a: Corviknight|95/100\n|-singleturn|p1a: Corviknight|move: Roost\n|\n|upkeep\n|turn|69\n|request|{\"active\":[{\"moves\":[{\"move\":\"Knock Off\",\"id\":\"knockoff\",\"pp\":28,\"maxpp\":32,\"target\":\"normal\",\"disabled\":false},{\"move\":\"Body Press\",\"id\":\"bodypress\",\"pp\":15,\"maxpp\":16,\"target\":\"normal\",\"disabled\":false},{\"move\":\"Wood Hammer\",\"id\":\"woodhammer\",\"pp\":23,\"maxpp\":24,\"target\":\"normal\",\"disabled\":false},{\"move\":\"Synthesis\",\"id\":\"synthesis\",\"pp\":6,\"maxpp\":8,\"target\":\"self\",\"disabled\":false}],\"canTerastallize\":\"Steel\"}],\"side\":{\"name\":\"p0y0722144\",\"id\":\"p2\",\"pokemon\":[{\"ident\":\"p2: Chesnaught\",\"details\":\"Chesnaught, L84, M\",\"condition\":\"165/285\",\"active\":true,\"stats\":{\"atk\":228,\"def\":253,\"spa\":173,\"spd\":174,\"spe\":156},\"moves\":[\"knockoff\",\"bodypress\",\"woodhammer\",\"synthesis\"],\"baseAbility\":\"bulletproof\",\"item\":\"rockyhelmet\",\"pokeball\":\"pokeball\",\"ability\":\"bulletproof\",\"commanding\":false,\"reviving\":false,\"teraType\":\"Steel\",\"terastallized\":\"\"},{\"ident\":\"p2: Jirachi\",\"details\":\"Jirachi, L80\",\"condition\":\"0 fnt\",\"active\":false,\"stats\":{\"atk\":206,\"def\":206,\"spa\":206,\"spd\":206,\"spe\":206},\"moves\":[\"bodyslam\",\"wish\",\"ironhead\",\"protect\"],\"baseAbility\":\"serenegrace\",\"item\":\"leftovers\",\"pokeball\":\"pokeball\",\"ability\":\"serenegrace\",\"commanding\":false,\"reviving\":false,\"teraType\":\"Water\",\"terastallized\":\"\"},{\"ident\":\"p2: Venusaur\",\"details\":\"Venusaur, L84, M\",\"condition\":\"272/272\",\"active\":false,\"stats\":{\"atk\":142,\"def\":188,\"spa\":216,\"spd\":216,\"spe\":183},\"moves\":[\"synthesis\",\"earthpower\",\"sludgebomb\",\"sleeppowder\"],\"baseAbility\":\"chlorophyll\",\"item\":\"\",\"pokeball\":\"pokeball\",\"ability\":\"chlorophyll\",\"commanding\":false,\"reviving\":false,\"teraType\":\"Steel\",\"terastallized\":\"\"},{\"ident\":\"p2: Dudunsparce\",\"details\":\"Dudunsparce-Three-Segment, L83, M\",\"condition\":\"343/343\",\"active\":false,\"stats\":{\"atk\":214,\"def\":180,\"spa\":189,\"spd\":172,\"spe\":139},\"moves\":[\"toxic\",\"boomburst\",\"earthquake\",\"roost\"],\"baseAbility\":\"rattled\",\"item\":\"leftovers\",\"pokeball\":\"pokeball\",\"ability\":\"rattled\",\"commanding\":false,\"reviving\":false,\"teraType\":\"Ground\",\"terastallized\":\"\"},{\"ident\":\"p2: Weezing\",\"details\":\"Weezing, L88, F\",\"condition\":\"258/258\",\"active\":false,\"stats\":{\"atk\":163,\"def\":261,\"spa\":200,\"spd\":173,\"spe\":156},\"moves\":[\"fireblast\",\"painsplit\",\"sludgebomb\",\"willowisp\"],\"baseAbility\":\"levitate\",\"item\":\"leftovers\",\"pokeball\":\"pokeball\",\"ability\":\"levitate\",\"commanding\":false,\"reviving\":false,\"teraType\":\"Steel\",\"terastallized\":\"\"},{\"ident\":\"p2: Rampardos\",\"details\":\"Rampardos, L90, F\",\"condition\":\"0 fnt\",\"active\":false,\"stats\":{\"atk\":348,\"def\":159,\"spa\":168,\"spd\":141,\"spe\":156},\"moves\":[\"firepunch\",\"headsmash\",\"earthquake\",\"rockslide\"],\"baseAbility\":\"sheerforce\",\"item\":\"choicescarf\",\"pokeball\":\"pokeball\",\"ability\":\"sheerforce\",\"commanding\":false,\"reviving\":false,\"teraType\":\"Rock\",\"terastallized\":\"\"}]},\"rqid\":147}\n|inactive|Time left: 300 sec this turn | 300 sec total\n|\n|t:|1783392072\n|switch|p2a: Dudunsparce|Dudunsparce-Three-Segment, L83, M|343/343\n|move|p1a: Corviknight|Brave Bird|p2a: Dudunsparce\n|-damage|p2a: Dudunsparce|223/343\n|-damage|p1a: Corviknight|81/100|[from] Recoil\n|\n|-heal|p2a: Dudunsparce|244/343|[from] item: Leftovers\n|upkeep\n|turn|70\n|request|{\"active\":[{\"moves\":[{\"move\":\"Toxic\",\"id\":\"toxic\",\"pp\":15,\"maxpp\":16,\"target\":\"normal\",\"disabled\":false},{\"move\":\"Boomburst\",\"id\":\"boomburst\",\"pp\":16,\"maxpp\":16,\"target\":\"allAdjacent\",\"disabled\":false},{\"move\":\"Earthquake\",\"id\":\"earthquake\",\"pp\":16,\"maxpp\":16,\"target\":\"allAdjacent\",\"disabled\":false},{\"move\":\"Roost\",\"id\":\"roost\",\"pp\":8,\"maxpp\":8,\"target\":\"self\",\"disabled\":false}],\"canTerastallize\":\"Ground\"}],\"side\":{\"name\":\"p0y0722144\",\"id\":\"p2\",\"pokemon\":[{\"ident\":\"p2: Dudunsparce\",\"details\":\"Dudunsparce-Three-Segment, L83, M\",\"condition\":\"244/343\",\"active\":true,\"stats\":{\"atk\":214,\"def\":180,\"spa\":189,\"spd\":172,\"spe\":139},\"moves\":[\"toxic\",\"boomburst\",\"earthquake\",\"roost\"],\"baseAbility\":\"rattled\",\"item\":\"leftovers\",\"pokeball\":\"pokeball\",\"ability\":\"rattled\",\"commanding\":false,\"reviving\":false,\"teraType\":\"Ground\",\"terastallized\":\"\"},{\"ident\":\"p2: Jirachi\",\"details\":\"Jirachi, L80\",\"condition\":\"0 fnt\",\"active\":false,\"stats\":{\"atk\":206,\"def\":206,\"spa\":206,\"spd\":206,\"spe\":206},\"moves\":[\"bodyslam\",\"wish\",\"ironhead\",\"protect\"],\"baseAbility\":\"serenegrace\",\"item\":\"leftovers\",\"pokeball\":\"pokeball\",\"ability\":\"serenegrace\",\"commanding\":false,\"reviving\":false,\"teraType\":\"Water\",\"terastallized\":\"\"},{\"ident\":\"p2: Venusaur\",\"details\":\"Venusaur, L84, M\",\"condition\":\"272/272\",\"active\":false,\"stats\":{\"atk\":142,\"def\":188,\"spa\":216,\"spd\":216,\"spe\":183},\"moves\":[\"synthesis\",\"earthpower\",\"sludgebomb\",\"sleeppowder\"],\"baseAbility\":\"chlorophyll\",\"item\":\"\",\"pokeball\":\"pokeball\",\"ability\":\"chlorophyll\",\"commanding\":false,\"reviving\":false,\"teraType\":\"Steel\",\"terastallized\":\"\"},{\"ident\":\"p2: Chesnaught\",\"details\":\"Chesnaught, L84, M\",\"condition\":\"165/285\",\"active\":false,\"stats\":{\"atk\":228,\"def\":253,\"spa\":173,\"spd\":174,\"spe\":156},\"moves\":[\"knockoff\",\"bodypress\",\"woodhammer\",\"synthesis\"],\"baseAbility\":\"bulletproof\",\"item\":\"rockyhelmet\",\"pokeball\":\"pokeball\",\"ability\":\"bulletproof\",\"commanding\":false,\"reviving\":false,\"teraType\":\"Steel\",\"terastallized\":\"\"},{\"ident\":\"p2: Weezing\",\"details\":\"Weezing, L88, F\",\"condition\":\"258/258\",\"active\":false,\"stats\":{\"atk\":163,\"def\":261,\"spa\":200,\"spd\":173,\"spe\":156},\"moves\":[\"fireblast\",\"painsplit\",\"sludgebomb\",\"willowisp\"],\"baseAbility\":\"levitate\",\"item\":\"leftovers\",\"pokeball\":\"pokeball\",\"ability\":\"levitate\",\"commanding\":false,\"reviving\":false,\"teraType\":\"Steel\",\"terastallized\":\"\"},{\"ident\":\"p2: Rampardos\",\"details\":\"Rampardos, L90, F\",\"condition\":\"0 fnt\",\"active\":false,\"stats\":{\"atk\":348,\"def\":159,\"spa\":168,\"spd\":141,\"spe\":156},\"moves\":[\"firepunch\",\"headsmash\",\"earthquake\",\"rockslide\"],\"baseAbility\":\"sheerforce\",\"item\":\"choicescarf\",\"pokeball\":\"pokeball\",\"ability\":\"sheerforce\",\"commanding\":false,\"reviving\":false,\"teraType\":\"Rock\",\"terastallized\":\"\"}]},\"rqid\":149}\n|inactive|Time left: 300 sec this turn | 300 sec total\n|\n|t:|1783392072\n|move|p1a: Corviknight|Body Press|p2a: Dudunsparce\n|-supereffective|p2a: Dudunsparce\n|-damage|p2a: Dudunsparce|120/343\n|move|p2a: Dudunsparce|Boomburst|p1a: Corviknight\n|-resisted|p1a: Corviknight\n|-damage|p1a: Corviknight|58/100\n|\n|-heal|p2a: Dudunsparce|141/343|[from] item: Leftovers\n|upkeep\n|turn|71\n|request|{\"active\":[{\"moves\":[{\"move\":\"Toxic\",\"id\":\"toxic\",\"pp\":15,\"maxpp\":16,\"target\":\"normal\",\"disabled\":false},{\"move\":\"Boomburst\",\"id\":\"boomburst\",\"pp\":15,\"maxpp\":16,\"target\":\"allAdjacent\",\"disabled\":false},{\"move\":\"Earthquake\",\"id\":\"earthquake\",\"pp\":16,\"maxpp\":16,\"target\":\"allAdjacent\",\"disabled\":false},{\"move\":\"Roost\",\"id\":\"roost\",\"pp\":8,\"maxpp\":8,\"target\":\"self\",\"disabled\":false}],\"canTerastallize\":\"Ground\"}],\"side\":{\"name\":\"p0y0722144\",\"id\":\"p2\",\"pokemon\":[{\"ident\":\"p2: Dudunsparce\",\"details\":\"Dudunsparce-Three-Segment, L83, M\",\"condition\":\"141/343\",\"active\":true,\"stats\":{\"atk\":214,\"def\":180,\"spa\":189,\"spd\":172,\"spe\":139},\"moves\":[\"toxic\",\"boomburst\",\"earthquake\",\"roost\"],\"baseAbility\":\"rattled\",\"item\":\"leftovers\",\"pokeball\":\"pokeball\",\"ability\":\"rattled\",\"commanding\":false,\"reviving\":false,\"teraType\":\"Ground\",\"terastallized\":\"\"},{\"ident\":\"p2: Jirachi\",\"details\":\"Jirachi, L80\",\"condition\":\"0 fnt\",\"active\":false,\"stats\":{\"atk\":206,\"def\":206,\"spa\":206,\"spd\":206,\"spe\":206},\"moves\":[\"bodyslam\",\"wish\",\"ironhead\",\"protect\"],\"baseAbility\":\"serenegrace\",\"item\":\"leftovers\",\"pokeball\":\"pokeball\",\"ability\":\"serenegrace\",\"commanding\":false,\"reviving\":false,\"teraType\":\"Water\",\"terastallized\":\"\"},{\"ident\":\"p2: Venusaur\",\"details\":\"Venusaur, L84, M\",\"condition\":\"272/272\",\"active\":false,\"stats\":{\"atk\":142,\"def\":188,\"spa\":216,\"spd\":216,\"spe\":183},\"moves\":[\"synthesis\",\"earthpower\",\"sludgebomb\",\"sleeppowder\"],\"baseAbility\":\"chlorophyll\",\"item\":\"\",\"pokeball\":\"pokeball\",\"ability\":\"chlorophyll\",\"commanding\":false,\"reviving\":false,\"teraType\":\"Steel\",\"terastallized\":\"\"},{\"ident\":\"p2: Chesnaught\",\"details\":\"Chesnaught, L84, M\",\"condition\":\"165/285\",\"active\":false,\"stats\":{\"atk\":228,\"def\":253,\"spa\":173,\"spd\":174,\"spe\":156},\"moves\":[\"knockoff\",\"bodypress\",\"woodhammer\",\"synthesis\"],\"baseAbility\":\"bulletproof\",\"item\":\"rockyhelmet\",\"pokeball\":\"pokeball\",\"ability\":\"bulletproof\",\"commanding\":false,\"reviving\":false,\"teraType\":\"Steel\",\"terastallized\":\"\"},{\"ident\":\"p2: Weezing\",\"details\":\"Weezing, L88, F\",\"condition\":\"258/258\",\"active\":false,\"stats\":{\"atk\":163,\"def\":261,\"spa\":200,\"spd\":173,\"spe\":156},\"moves\":[\"fireblast\",\"painsplit\",\"sludgebomb\",\"willowisp\"],\"baseAbility\":\"levitate\",\"item\":\"leftovers\",\"pokeball\":\"pokeball\",\"ability\":\"levitate\",\"commanding\":false,\"reviving\":false,\"teraType\":\"Steel\",\"terastallized\":\"\"},{\"ident\":\"p2: Rampardos\",\"details\":\"Rampardos, L90, F\",\"condition\":\"0 fnt\",\"active\":false,\"stats\":{\"atk\":348,\"def\":159,\"spa\":168,\"spd\":141,\"spe\":156},\"moves\":[\"firepunch\",\"headsmash\",\"earthquake\",\"rockslide\"],\"baseAbility\":\"sheerforce\",\"item\":\"choicescarf\",\"pokeball\":\"pokeball\",\"ability\":\"sheerforce\",\"commanding\":false,\"reviving\":false,\"teraType\":\"Rock\",\"terastallized\":\"\"}]},\"rqid\":151}\n|inactive|Time left: 300 sec this turn | 300 sec total\n|\n|t:|1783392072\n|move|p1a: Corviknight|Body Press|p2a: Dudunsparce\n|-supereffective|p2a: Dudunsparce\n|-damage|p2a: Dudunsparce|17/343\n|move|p2a: Dudunsparce|Roost|p2a: Dudunsparce\n|-heal|p2a: Dudunsparce|189/343\n|-singleturn|p2a: Dudunsparce|move: Roost\n|\n|-heal|p2a: Dudunsparce|210/343|[from] item: Leftovers\n|upkeep\n|turn|72\n|request|{\"active\":[{\"moves\":[{\"move\":\"Toxic\",\"id\":\"toxic\",\"pp\":15,\"maxpp\":16,\"target\":\"normal\",\"disabled\":false},{\"move\":\"Boomburst\",\"id\":\"boomburst\",\"pp\":15,\"maxpp\":16,\"target\":\"allAdjacent\",\"disabled\":false},{\"move\":\"Earthquake\",\"id\":\"earthquake\",\"pp\":16,\"maxpp\":16,\"target\":\"allAdjacent\",\"disabled\":false},{\"move\":\"Roost\",\"id\":\"roost\",\"pp\":7,\"maxpp\":8,\"target\":\"self\",\"disabled\":false}],\"canTerastallize\":\"Ground\"}],\"side\":{\"name\":\"p0y0722144\",\"id\":\"p2\",\"pokemon\":[{\"ident\":\"p2: Dudunsparce\",\"details\":\"Dudunsparce-Three-Segment, L83, M\",\"condition\":\"210/343\",\"active\":true,\"stats\":{\"atk\":214,\"def\":180,\"spa\":189,\"spd\":172,\"spe\":139},\"moves\":[\"toxic\",\"boomburst\",\"earthquake\",\"roost\"],\"baseAbility\":\"rattled\",\"item\":\"leftovers\",\"pokeball\":\"pokeball\",\"ability\":\"rattled\",\"commanding\":false,\"reviving\":false,\"teraType\":\"Ground\",\"terastallized\":\"\"},{\"ident\":\"p2: Jirachi\",\"details\":\"Jirachi, L80\",\"condition\":\"0 fnt\",\"active\":false,\"stats\":{\"atk\":206,\"def\":206,\"spa\":206,\"spd\":206,\"spe\":206},\"moves\":[\"bodyslam\",\"wish\",\"ironhead\",\"protect\"],\"baseAbility\":\"serenegrace\",\"item\":\"leftovers\",\"pokeball\":\"pokeball\",\"ability\":\"serenegrace\",\"commanding\":false,\"reviving\":false,\"teraType\":\"Water\",\"terastallized\":\"\"},{\"ident\":\"p2: Venusaur\",\"details\":\"Venusaur, L84, M\",\"condition\":\"272/272\",\"active\":false,\"stats\":{\"atk\":142,\"def\":188,\"spa\":216,\"spd\":216,\"spe\":183},\"moves\":[\"synthesis\",\"earthpower\",\"sludgebomb\",\"sleeppowder\"],\"baseAbility\":\"chlorophyll\",\"item\":\"\",\"pokeball\":\"pokeball\",\"ability\":\"chlorophyll\",\"commanding\":false,\"reviving\":false,\"teraType\":\"Steel\",\"terastallized\":\"\"},{\"ident\":\"p2: Chesnaught\",\"details\":\"Chesnaught, L84, M\",\"condition\":\"165/285\",\"active\":false,\"stats\":{\"atk\":228,\"def\":253,\"spa\":173,\"spd\":174,\"spe\":156},\"moves\":[\"knockoff\",\"bodypress\",\"woodhammer\",\"synthesis\"],\"baseAbility\":\"bulletproof\",\"item\":\"rockyhelmet\",\"pokeball\":\"pokeball\",\"ability\":\"bulletproof\",\"commanding\":false,\"reviving\":false,\"teraType\":\"Steel\",\"terastallized\":\"\"},{\"ident\":\"p2: Weezing\",\"details\":\"Weezing, L88, F\",\"condition\":\"258/258\",\"active\":false,\"stats\":{\"atk\":163,\"def\":261,\"spa\":200,\"spd\":173,\"spe\":156},\"moves\":[\"fireblast\",\"painsplit\",\"sludgebomb\",\"willowisp\"],\"baseAbility\":\"levitate\",\"item\":\"leftovers\",\"pokeball\":\"pokeball\",\"ability\":\"levitate\",\"commanding\":false,\"reviving\":false,\"teraType\":\"Steel\",\"terastallized\":\"\"},{\"ident\":\"p2: Rampardos\",\"details\":\"Rampardos, L90, F\",\"condition\":\"0 fnt\",\"active\":false,\"stats\":{\"atk\":348,\"def\":159,\"spa\":168,\"spd\":141,\"spe\":156},\"moves\":[\"firepunch\",\"headsmash\",\"earthquake\",\"rockslide\"],\"baseAbility\":\"sheerforce\",\"item\":\"choicescarf\",\"pokeball\":\"pokeball\",\"ability\":\"sheerforce\",\"commanding\":false,\"reviving\":false,\"teraType\":\"Rock\",\"terastallized\":\"\"}]},\"rqid\":153}\n|inactive|Time left: 300 sec this turn | 300 sec total\n|\n|t:|1783392073\n|move|p1a: Corviknight|Roost|p1a: Corviknight\n|-heal|p1a: Corviknight|100/100\n|-singleturn|p1a: Corviknight|move: Roost\n|move|p2a: Dudunsparce|Roost|p2a: Dudunsparce\n|-heal|p2a: Dudunsparce|343/343\n|-singleturn|p2a: Dudunsparce|move: Roost\n|\n|upkeep\n|turn|73\n|request|{\"active\":[{\"moves\":[{\"move\":\"Toxic\",\"id\":\"toxic\",\"pp\":15,\"maxpp\":16,\"target\":\"normal\",\"disabled\":false},{\"move\":\"Boomburst\",\"id\":\"boomburst\",\"pp\":15,\"maxpp\":16,\"target\":\"allAdjacent\",\"disabled\":false},{\"move\":\"Earthquake\",\"id\":\"earthquake\",\"pp\":16,\"maxpp\":16,\"target\":\"allAdjacent\",\"disabled\":false},{\"move\":\"Roost\",\"id\":\"roost\",\"pp\":6,\"maxpp\":8,\"target\":\"self\",\"disabled\":false}],\"canTerastallize\":\"Ground\"}],\"side\":{\"name\":\"p0y0722144\",\"id\":\"p2\",\"pokemon\":[{\"ident\":\"p2: Dudunsparce\",\"details\":\"Dudunsparce-Three-Segment, L83, M\",\"condition\":\"343/343\",\"active\":true,\"stats\":{\"atk\":214,\"def\":180,\"spa\":189,\"spd\":172,\"spe\":139},\"moves\":[\"toxic\",\"boomburst\",\"earthquake\",\"roost\"],\"baseAbility\":\"rattled\",\"item\":\"leftovers\",\"pokeball\":\"pokeball\",\"ability\":\"rattled\",\"commanding\":false,\"reviving\":false,\"teraType\":\"Ground\",\"terastallized\":\"\"},{\"ident\":\"p2: Jirachi\",\"details\":\"Jirachi, L80\",\"condition\":\"0 fnt\",\"active\":false,\"stats\":{\"atk\":206,\"def\":206,\"spa\":206,\"spd\":206,\"spe\":206},\"moves\":[\"bodyslam\",\"wish\",\"ironhead\",\"protect\"],\"baseAbility\":\"serenegrace\",\"item\":\"leftovers\",\"pokeball\":\"pokeball\",\"ability\":\"serenegrace\",\"commanding\":false,\"reviving\":false,\"teraType\":\"Water\",\"terastallized\":\"\"},{\"ident\":\"p2: Venusaur\",\"details\":\"Venusaur, L84, M\",\"condition\":\"272/272\",\"active\":false,\"stats\":{\"atk\":142,\"def\":188,\"spa\":216,\"spd\":216,\"spe\":183},\"moves\":[\"synthesis\",\"earthpower\",\"sludgebomb\",\"sleeppowder\"],\"baseAbility\":\"chlorophyll\",\"item\":\"\",\"pokeball\":\"pokeball\",\"ability\":\"chlorophyll\",\"commanding\":false,\"reviving\":false,\"teraType\":\"Steel\",\"terastallized\":\"\"},{\"ident\":\"p2: Chesnaught\",\"details\":\"Chesnaught, L84, M\",\"condition\":\"165/285\",\"active\":false,\"stats\":{\"atk\":228,\"def\":253,\"spa\":173,\"spd\":174,\"spe\":156},\"moves\":[\"knockoff\",\"bodypress\",\"woodhammer\",\"synthesis\"],\"baseAbility\":\"bulletproof\",\"item\":\"rockyhelmet\",\"pokeball\":\"pokeball\",\"ability\":\"bulletproof\",\"commanding\":false,\"reviving\":false,\"teraType\":\"Steel\",\"terastallized\":\"\"},{\"ident\":\"p2: Weezing\",\"details\":\"Weezing, L88, F\",\"condition\":\"258/258\",\"active\":false,\"stats\":{\"atk\":163,\"def\":261,\"spa\":200,\"spd\":173,\"spe\":156},\"moves\":[\"fireblast\",\"painsplit\",\"sludgebomb\",\"willowisp\"],\"baseAbility\":\"levitate\",\"item\":\"leftovers\",\"pokeball\":\"pokeball\",\"ability\":\"levitate\",\"commanding\":false,\"reviving\":false,\"teraType\":\"Steel\",\"terastallized\":\"\"},{\"ident\":\"p2: Rampardos\",\"details\":\"Rampardos, L90, F\",\"condition\":\"0 fnt\",\"active\":false,\"stats\":{\"atk\":348,\"def\":159,\"spa\":168,\"spd\":141,\"spe\":156},\"moves\":[\"firepunch\",\"headsmash\",\"earthquake\",\"rockslide\"],\"baseAbility\":\"sheerforce\",\"item\":\"choicescarf\",\"pokeball\":\"pokeball\",\"ability\":\"sheerforce\",\"commanding\":false,\"reviving\":false,\"teraType\":\"Rock\",\"terastallized\":\"\"}]},\"rqid\":155}\n|inactive|Time left: 300 sec this turn | 300 sec total\n|\n|t:|1783392073\n|move|p1a: Corviknight|Body Press|p2a: Dudunsparce\n|-supereffective|p2a: Dudunsparce\n|-damage|p2a: Dudunsparce|219/343\n|move|p2a: Dudunsparce|Boomburst|p1a: Corviknight\n|-resisted|p1a: Corviknight\n|-damage|p1a: Corviknight|77/100\n|\n|-heal|p2a: Dudunsparce|240/343|[from] item: Leftovers\n|upkeep\n|turn|74\n|request|{\"active\":[{\"moves\":[{\"move\":\"Toxic\",\"id\":\"toxic\",\"pp\":15,\"maxpp\":16,\"target\":\"normal\",\"disabled\":false},{\"move\":\"Boomburst\",\"id\":\"boomburst\",\"pp\":14,\"maxpp\":16,\"target\":\"allAdjacent\",\"disabled\":false},{\"move\":\"Earthquake\",\"id\":\"earthquake\",\"pp\":16,\"maxpp\":16,\"target\":\"allAdjacent\",\"disabled\":false},{\"move\":\"Roost\",\"id\":\"roost\",\"pp\":6,\"maxpp\":8,\"target\":\"self\",\"disabled\":false}],\"canTerastallize\":\"Ground\"}],\"side\":{\"name\":\"p0y0722144\",\"id\":\"p2\",\"pokemon\":[{\"ident\":\"p2: Dudunsparce\",\"details\":\"Dudunsparce-Three-Segment, L83, M\",\"condition\":\"240/343\",\"active\":true,\"stats\":{\"atk\":214,\"def\":180,\"spa\":189,\"spd\":172,\"spe\":139},\"moves\":[\"toxic\",\"boomburst\",\"earthquake\",\"roost\"],\"baseAbility\":\"rattled\",\"item\":\"leftovers\",\"pokeball\":\"pokeball\",\"ability\":\"rattled\",\"commanding\":false,\"reviving\":false,\"teraType\":\"Ground\",\"terastallized\":\"\"},{\"ident\":\"p2: Jirachi\",\"details\":\"Jirachi, L80\",\"condition\":\"0 fnt\",\"active\":false,\"stats\":{\"atk\":206,\"def\":206,\"spa\":206,\"spd\":206,\"spe\":206},\"moves\":[\"bodyslam\",\"wish\",\"ironhead\",\"protect\"],\"baseAbility\":\"serenegrace\",\"item\":\"leftovers\",\"pokeball\":\"pokeball\",\"ability\":\"serenegrace\",\"commanding\":false,\"reviving\":false,\"teraType\":\"Water\",\"terastallized\":\"\"},{\"ident\":\"p2: Venusaur\",\"details\":\"Venusaur, L84, M\",\"condition\":\"272/272\",\"active\":false,\"stats\":{\"atk\":142,\"def\":188,\"spa\":216,\"spd\":216,\"spe\":183},\"moves\":[\"synthesis\",\"earthpower\",\"sludgebomb\",\"sleeppowder\"],\"baseAbility\":\"chlorophyll\",\"item\":\"\",\"pokeball\":\"pokeball\",\"ability\":\"chlorophyll\",\"commanding\":false,\"reviving\":false,\"teraType\":\"Steel\",\"terastallized\":\"\"},{\"ident\":\"p2: Chesnaught\",\"details\":\"Chesnaught, L84, M\",\"condition\":\"165/285\",\"active\":false,\"stats\":{\"atk\":228,\"def\":253,\"spa\":173,\"spd\":174,\"spe\":156},\"moves\":[\"knockoff\",\"bodypress\",\"woodhammer\",\"synthesis\"],\"baseAbility\":\"bulletproof\",\"item\":\"rockyhelmet\",\"pokeball\":\"pokeball\",\"ability\":\"bulletproof\",\"commanding\":false,\"reviving\":false,\"teraType\":\"Steel\",\"terastallized\":\"\"},{\"ident\":\"p2: Weezing\",\"details\":\"Weezing, L88, F\",\"condition\":\"258/258\",\"active\":false,\"stats\":{\"atk\":163,\"def\":261,\"spa\":200,\"spd\":173,\"spe\":156},\"moves\":[\"fireblast\",\"painsplit\",\"sludgebomb\",\"willowisp\"],\"baseAbility\":\"levitate\",\"item\":\"leftovers\",\"pokeball\":\"pokeball\",\"ability\":\"levitate\",\"commanding\":false,\"reviving\":false,\"teraType\":\"Steel\",\"terastallized\":\"\"},{\"ident\":\"p2: Rampardos\",\"details\":\"Rampardos, L90, F\",\"condition\":\"0 fnt\",\"active\":false,\"stats\":{\"atk\":348,\"def\":159,\"spa\":168,\"spd\":141,\"spe\":156},\"moves\":[\"firepunch\",\"headsmash\",\"earthquake\",\"rockslide\"],\"baseAbility\":\"sheerforce\",\"item\":\"choicescarf\",\"pokeball\":\"pokeball\",\"ability\":\"sheerforce\",\"commanding\":false,\"reviving\":false,\"teraType\":\"Rock\",\"terastallized\":\"\"}]},\"rqid\":157}\n|inactive|Time left: 300 sec this turn | 300 sec total\n|\n|t:|1783392073\n|move|p1a: Corviknight|Roost|p1a: Corviknight\n|-heal|p1a: Corviknight|100/100\n|-singleturn|p1a: Corviknight|move: Roost\n|move|p2a: Dudunsparce|Roost|p2a: Dudunsparce\n|-heal|p2a: Dudunsparce|343/343\n|-singleturn|p2a: Dudunsparce|move: Roost\n|\n|upkeep\n|turn|75\n|request|{\"active\":[{\"moves\":[{\"move\":\"Toxic\",\"id\":\"toxic\",\"pp\":15,\"maxpp\":16,\"target\":\"normal\",\"disabled\":false},{\"move\":\"Boomburst\",\"id\":\"boomburst\",\"pp\":14,\"maxpp\":16,\"target\":\"allAdjacent\",\"disabled\":false},{\"move\":\"Earthquake\",\"id\":\"earthquake\",\"pp\":16,\"maxpp\":16,\"target\":\"allAdjacent\",\"disabled\":false},{\"move\":\"Roost\",\"id\":\"roost\",\"pp\":5,\"maxpp\":8,\"target\":\"self\",\"disabled\":false}],\"canTerastallize\":\"Ground\"}],\"side\":{\"name\":\"p0y0722144\",\"id\":\"p2\",\"pokemon\":[{\"ident\":\"p2: Dudunsparce\",\"details\":\"Dudunsparce-Three-Segment, L83, M\",\"condition\":\"343/343\",\"active\":true,\"stats\":{\"atk\":214,\"def\":180,\"spa\":189,\"spd\":172,\"spe\":139},\"moves\":[\"toxic\",\"boomburst\",\"earthquake\",\"roost\"],\"baseAbility\":\"rattled\",\"item\":\"leftovers\",\"pokeball\":\"pokeball\",\"ability\":\"rattled\",\"commanding\":false,\"reviving\":false,\"teraType\":\"Ground\",\"terastallized\":\"\"},{\"ident\":\"p2: Jirachi\",\"details\":\"Jirachi, L80\",\"condition\":\"0 fnt\",\"active\":false,\"stats\":{\"atk\":206,\"def\":206,\"spa\":206,\"spd\":206,\"spe\":206},\"moves\":[\"bodyslam\",\"wish\",\"ironhead\",\"protect\"],\"baseAbility\":\"serenegrace\",\"item\":\"leftovers\",\"pokeball\":\"pokeball\",\"ability\":\"serenegrace\",\"commanding\":false,\"reviving\":false,\"teraType\":\"Water\",\"terastallized\":\"\"},{\"ident\":\"p2: Venusaur\",\"details\":\"Venusaur, L84, M\",\"condition\":\"272/272\",\"active\":false,\"stats\":{\"atk\":142,\"def\":188,\"spa\":216,\"spd\":216,\"spe\":183},\"moves\":[\"synthesis\",\"earthpower\",\"sludgebomb\",\"sleeppowder\"],\"baseAbility\":\"chlorophyll\",\"item\":\"\",\"pokeball\":\"pokeball\",\"ability\":\"chlorophyll\",\"commanding\":false,\"reviving\":false,\"teraType\":\"Steel\",\"terastallized\":\"\"},{\"ident\":\"p2: Chesnaught\",\"details\":\"Chesnaught, L84, M\",\"condition\":\"165/285\",\"active\":false,\"stats\":{\"atk\":228,\"def\":253,\"spa\":173,\"spd\":174,\"spe\":156},\"moves\":[\"knockoff\",\"bodypress\",\"woodhammer\",\"synthesis\"],\"baseAbility\":\"bulletproof\",\"item\":\"rockyhelmet\",\"pokeball\":\"pokeball\",\"ability\":\"bulletproof\",\"commanding\":false,\"reviving\":false,\"teraType\":\"Steel\",\"terastallized\":\"\"},{\"ident\":\"p2: Weezing\",\"details\":\"Weezing, L88, F\",\"condition\":\"258/258\",\"active\":false,\"stats\":{\"atk\":163,\"def\":261,\"spa\":200,\"spd\":173,\"spe\":156},\"moves\":[\"fireblast\",\"painsplit\",\"sludgebomb\",\"willowisp\"],\"baseAbility\":\"levitate\",\"item\":\"leftovers\",\"pokeball\":\"pokeball\",\"ability\":\"levitate\",\"commanding\":false,\"reviving\":false,\"teraType\":\"Steel\",\"terastallized\":\"\"},{\"ident\":\"p2: Rampardos\",\"details\":\"Rampardos, L90, F\",\"condition\":\"0 fnt\",\"active\":false,\"stats\":{\"atk\":348,\"def\":159,\"spa\":168,\"spd\":141,\"spe\":156},\"moves\":[\"firepunch\",\"headsmash\",\"earthquake\",\"rockslide\"],\"baseAbility\":\"sheerforce\",\"item\":\"choicescarf\",\"pokeball\":\"pokeball\",\"ability\":\"sheerforce\",\"commanding\":false,\"reviving\":false,\"teraType\":\"Rock\",\"terastallized\":\"\"}]},\"rqid\":159}\n|inactive|Time left: 300 sec this turn | 300 sec total\n|\n|t:|1783392073\n|move|p1a: Corviknight|Body Press|p2a: Dudunsparce\n|-supereffective|p2a: Dudunsparce\n|-damage|p2a: Dudunsparce|221/343\n|move|p2a: Dudunsparce|Boomburst|p1a: Corviknight\n|-resisted|p1a: Corviknight\n|-damage|p1a: Corviknight|78/100\n|\n|-heal|p2a: Dudunsparce|242/343|[from] item: Leftovers\n|upkeep\n|turn|76\n|request|{\"active\":[{\"moves\":[{\"move\":\"Toxic\",\"id\":\"toxic\",\"pp\":15,\"maxpp\":16,\"target\":\"normal\",\"disabled\":false},{\"move\":\"Boomburst\",\"id\":\"boomburst\",\"pp\":13,\"maxpp\":16,\"target\":\"allAdjacent\",\"disabled\":false},{\"move\":\"Earthquake\",\"id\":\"earthquake\",\"pp\":16,\"maxpp\":16,\"target\":\"allAdjacent\",\"disabled\":false},{\"move\":\"Roost\",\"id\":\"roost\",\"pp\":5,\"maxpp\":8,\"target\":\"self\",\"disabled\":false}],\"canTerastallize\":\"Ground\"}],\"side\":{\"name\":\"p0y0722144\",\"id\":\"p2\",\"pokemon\":[{\"ident\":\"p2: Dudunsparce\",\"details\":\"Dudunsparce-Three-Segment, L83, M\",\"condition\":\"242/343\",\"active\":true,\"stats\":{\"atk\":214,\"def\":180,\"spa\":189,\"spd\":172,\"spe\":139},\"moves\":[\"toxic\",\"boomburst\",\"earthquake\",\"roost\"],\"baseAbility\":\"rattled\",\"item\":\"leftovers\",\"pokeball\":\"pokeball\",\"ability\":\"rattled\",\"commanding\":false,\"reviving\":false,\"teraType\":\"Ground\",\"terastallized\":\"\"},{\"ident\":\"p2: Jirachi\",\"details\":\"Jirachi, L80\",\"condition\":\"0 fnt\",\"active\":false,\"stats\":{\"atk\":206,\"def\":206,\"spa\":206,\"spd\":206,\"spe\":206},\"moves\":[\"bodyslam\",\"wish\",\"ironhead\",\"protect\"],\"baseAbility\":\"serenegrace\",\"item\":\"leftovers\",\"pokeball\":\"pokeball\",\"ability\":\"serenegrace\",\"commanding\":false,\"reviving\":false,\"teraType\":\"Water\",\"terastallized\":\"\"},{\"ident\":\"p2: Venusaur\",\"details\":\"Venusaur, L84, M\",\"condition\":\"272/272\",\"active\":false,\"stats\":{\"atk\":142,\"def\":188,\"spa\":216,\"spd\":216,\"spe\":183},\"moves\":[\"synthesis\",\"earthpower\",\"sludgebomb\",\"sleeppowder\"],\"baseAbility\":\"chlorophyll\",\"item\":\"\",\"pokeball\":\"pokeball\",\"ability\":\"chlorophyll\",\"commanding\":false,\"reviving\":false,\"teraType\":\"Steel\",\"terastallized\":\"\"},{\"ident\":\"p2: Chesnaught\",\"details\":\"Chesnaught, L84, M\",\"condition\":\"165/285\",\"active\":false,\"stats\":{\"atk\":228,\"def\":253,\"spa\":173,\"spd\":174,\"spe\":156},\"moves\":[\"knockoff\",\"bodypress\",\"woodhammer\",\"synthesis\"],\"baseAbility\":\"bulletproof\",\"item\":\"rockyhelmet\",\"pokeball\":\"pokeball\",\"ability\":\"bulletproof\",\"commanding\":false,\"reviving\":false,\"teraType\":\"Steel\",\"terastallized\":\"\"},{\"ident\":\"p2: Weezing\",\"details\":\"Weezing, L88, F\",\"condition\":\"258/258\",\"active\":false,\"stats\":{\"atk\":163,\"def\":261,\"spa\":200,\"spd\":173,\"spe\":156},\"moves\":[\"fireblast\",\"painsplit\",\"sludgebomb\",\"willowisp\"],\"baseAbility\":\"levitate\",\"item\":\"leftovers\",\"pokeball\":\"pokeball\",\"ability\":\"levitate\",\"commanding\":false,\"reviving\":false,\"teraType\":\"Steel\",\"terastallized\":\"\"},{\"ident\":\"p2: Rampardos\",\"details\":\"Rampardos, L90, F\",\"condition\":\"0 fnt\",\"active\":false,\"stats\":{\"atk\":348,\"def\":159,\"spa\":168,\"spd\":141,\"spe\":156},\"moves\":[\"firepunch\",\"headsmash\",\"earthquake\",\"rockslide\"],\"baseAbility\":\"sheerforce\",\"item\":\"choicescarf\",\"pokeball\":\"pokeball\",\"ability\":\"sheerforce\",\"commanding\":false,\"reviving\":false,\"teraType\":\"Rock\",\"terastallized\":\"\"}]},\"rqid\":161}\n|inactive|Time left: 300 sec this turn | 300 sec total\n|\n|t:|1783392074\n|move|p1a: Corviknight|Body Press|p2a: Dudunsparce\n|-supereffective|p2a: Dudunsparce\n|-damage|p2a: Dudunsparce|112/343\n|move|p2a: Dudunsparce|Roost|p2a: Dudunsparce\n|-heal|p2a: Dudunsparce|284/343\n|-singleturn|p2a: Dudunsparce|move: Roost\n|\n|-heal|p2a: Dudunsparce|305/343|[from] item: Leftovers\n|upkeep\n|turn|77\n|request|{\"active\":[{\"moves\":[{\"move\":\"Toxic\",\"id\":\"toxic\",\"pp\":15,\"maxpp\":16,\"target\":\"normal\",\"disabled\":false},{\"move\":\"Boomburst\",\"id\":\"boomburst\",\"pp\":13,\"maxpp\":16,\"target\":\"allAdjacent\",\"disabled\":false},{\"move\":\"Earthquake\",\"id\":\"earthquake\",\"pp\":16,\"maxpp\":16,\"target\":\"allAdjacent\",\"disabled\":false},{\"move\":\"Roost\",\"id\":\"roost\",\"pp\":4,\"maxpp\":8,\"target\":\"self\",\"disabled\":false}],\"canTerastallize\":\"Ground\"}],\"side\":{\"name\":\"p0y0722144\",\"id\":\"p2\",\"pokemon\":[{\"ident\":\"p2: Dudunsparce\",\"details\":\"Dudunsparce-Three-Segment, L83, M\",\"condition\":\"305/343\",\"active\":true,\"stats\":{\"atk\":214,\"def\":180,\"spa\":189,\"spd\":172,\"spe\":139},\"moves\":[\"toxic\",\"boomburst\",\"earthquake\",\"roost\"],\"baseAbility\":\"rattled\",\"item\":\"leftovers\",\"pokeball\":\"pokeball\",\"ability\":\"rattled\",\"commanding\":false,\"reviving\":false,\"teraType\":\"Ground\",\"terastallized\":\"\"},{\"ident\":\"p2: Jirachi\",\"details\":\"Jirachi, L80\",\"condition\":\"0 fnt\",\"active\":false,\"stats\":{\"atk\":206,\"def\":206,\"spa\":206,\"spd\":206,\"spe\":206},\"moves\":[\"bodyslam\",\"wish\",\"ironhead\",\"protect\"],\"baseAbility\":\"serenegrace\",\"item\":\"leftovers\",\"pokeball\":\"pokeball\",\"ability\":\"serenegrace\",\"commanding\":false,\"reviving\":false,\"teraType\":\"Water\",\"terastallized\":\"\"},{\"ident\":\"p2: Venusaur\",\"details\":\"Venusaur, L84, M\",\"condition\":\"272/272\",\"active\":false,\"stats\":{\"atk\":142,\"def\":188,\"spa\":216,\"spd\":216,\"spe\":183},\"moves\":[\"synthesis\",\"earthpower\",\"sludgebomb\",\"sleeppowder\"],\"baseAbility\":\"chlorophyll\",\"item\":\"\",\"pokeball\":\"pokeball\",\"ability\":\"chlorophyll\",\"commanding\":false,\"reviving\":false,\"teraType\":\"Steel\",\"terastallized\":\"\"},{\"ident\":\"p2: Chesnaught\",\"details\":\"Chesnaught, L84, M\",\"condition\":\"165/285\",\"active\":false,\"stats\":{\"atk\":228,\"def\":253,\"spa\":173,\"spd\":174,\"spe\":156},\"moves\":[\"knockoff\",\"bodypress\",\"woodhammer\",\"synthesis\"],\"baseAbility\":\"bulletproof\",\"item\":\"rockyhelmet\",\"pokeball\":\"pokeball\",\"ability\":\"bulletproof\",\"commanding\":false,\"reviving\":false,\"teraType\":\"Steel\",\"terastallized\":\"\"},{\"ident\":\"p2: Weezing\",\"details\":\"Weezing, L88, F\",\"condition\":\"258/258\",\"active\":false,\"stats\":{\"atk\":163,\"def\":261,\"spa\":200,\"spd\":173,\"spe\":156},\"moves\":[\"fireblast\",\"painsplit\",\"sludgebomb\",\"willowisp\"],\"baseAbility\":\"levitate\",\"item\":\"leftovers\",\"pokeball\":\"pokeball\",\"ability\":\"levitate\",\"commanding\":false,\"reviving\":false,\"teraType\":\"Steel\",\"terastallized\":\"\"},{\"ident\":\"p2: Rampardos\",\"details\":\"Rampardos, L90, F\",\"condition\":\"0 fnt\",\"active\":false,\"stats\":{\"atk\":348,\"def\":159,\"spa\":168,\"spd\":141,\"spe\":156},\"moves\":[\"firepunch\",\"headsmash\",\"earthquake\",\"rockslide\"],\"baseAbility\":\"sheerforce\",\"item\":\"choicescarf\",\"pokeball\":\"pokeball\",\"ability\":\"sheerforce\",\"commanding\":false,\"reviving\":false,\"teraType\":\"Rock\",\"terastallized\":\"\"}]},\"rqid\":163}\n|inactive|Time left: 300 sec this turn | 300 sec total\n|\n|t:|1783392074\n|move|p1a: Corviknight|Body Press|p2a: Dudunsparce\n|-supereffective|p2a: Dudunsparce\n|-damage|p2a: Dudunsparce|189/343\n|move|p2a: Dudunsparce|Boomburst|p1a: Corviknight\n|-resisted|p1a: Corviknight\n|-damage|p1a: Corviknight|54/100\n|\n|-heal|p2a: Dudunsparce|210/343|[from] item: Leftovers\n|upkeep\n|turn|78\n|request|{\"active\":[{\"moves\":[{\"move\":\"Toxic\",\"id\":\"toxic\",\"pp\":15,\"maxpp\":16,\"target\":\"normal\",\"disabled\":false},{\"move\":\"Boomburst\",\"id\":\"boomburst\",\"pp\":12,\"maxpp\":16,\"target\":\"allAdjacent\",\"disabled\":false},{\"move\":\"Earthquake\",\"id\":\"earthquake\",\"pp\":16,\"maxpp\":16,\"target\":\"allAdjacent\",\"disabled\":false},{\"move\":\"Roost\",\"id\":\"roost\",\"pp\":4,\"maxpp\":8,\"target\":\"self\",\"disabled\":false}],\"canTerastallize\":\"Ground\"}],\"side\":{\"name\":\"p0y0722144\",\"id\":\"p2\",\"pokemon\":[{\"ident\":\"p2: Dudunsparce\",\"details\":\"Dudunsparce-Three-Segment, L83, M\",\"condition\":\"210/343\",\"active\":true,\"stats\":{\"atk\":214,\"def\":180,\"spa\":189,\"spd\":172,\"spe\":139},\"moves\":[\"toxic\",\"boomburst\",\"earthquake\",\"roost\"],\"baseAbility\":\"rattled\",\"item\":\"leftovers\",\"pokeball\":\"pokeball\",\"ability\":\"rattled\",\"commanding\":false,\"reviving\":false,\"teraType\":\"Ground\",\"terastallized\":\"\"},{\"ident\":\"p2: Jirachi\",\"details\":\"Jirachi, L80\",\"condition\":\"0 fnt\",\"active\":false,\"stats\":{\"atk\":206,\"def\":206,\"spa\":206,\"spd\":206,\"spe\":206},\"moves\":[\"bodyslam\",\"wish\",\"ironhead\",\"protect\"],\"baseAbility\":\"serenegrace\",\"item\":\"leftovers\",\"pokeball\":\"pokeball\",\"ability\":\"serenegrace\",\"commanding\":false,\"reviving\":false,\"teraType\":\"Water\",\"terastallized\":\"\"},{\"ident\":\"p2: Venusaur\",\"details\":\"Venusaur, L84, M\",\"condition\":\"272/272\",\"active\":false,\"stats\":{\"atk\":142,\"def\":188,\"spa\":216,\"spd\":216,\"spe\":183},\"moves\":[\"synthesis\",\"earthpower\",\"sludgebomb\",\"sleeppowder\"],\"baseAbility\":\"chlorophyll\",\"item\":\"\",\"pokeball\":\"pokeball\",\"ability\":\"chlorophyll\",\"commanding\":false,\"reviving\":false,\"teraType\":\"Steel\",\"terastallized\":\"\"},{\"ident\":\"p2: Chesnaught\",\"details\":\"Chesnaught, L84, M\",\"condition\":\"165/285\",\"active\":false,\"stats\":{\"atk\":228,\"def\":253,\"spa\":173,\"spd\":174,\"spe\":156},\"moves\":[\"knockoff\",\"bodypress\",\"woodhammer\",\"synthesis\"],\"baseAbility\":\"bulletproof\",\"item\":\"rockyhelmet\",\"pokeball\":\"pokeball\",\"ability\":\"bulletproof\",\"commanding\":false,\"reviving\":false,\"teraType\":\"Steel\",\"terastallized\":\"\"},{\"ident\":\"p2: Weezing\",\"details\":\"Weezing, L88, F\",\"condition\":\"258/258\",\"active\":false,\"stats\":{\"atk\":163,\"def\":261,\"spa\":200,\"spd\":173,\"spe\":156},\"moves\":[\"fireblast\",\"painsplit\",\"sludgebomb\",\"willowisp\"],\"baseAbility\":\"levitate\",\"item\":\"leftovers\",\"pokeball\":\"pokeball\",\"ability\":\"levitate\",\"commanding\":false,\"reviving\":false,\"teraType\":\"Steel\",\"terastallized\":\"\"},{\"ident\":\"p2: Rampardos\",\"details\":\"Rampardos, L90, F\",\"condition\":\"0 fnt\",\"active\":false,\"stats\":{\"atk\":348,\"def\":159,\"spa\":168,\"spd\":141,\"spe\":156},\"moves\":[\"firepunch\",\"headsmash\",\"earthquake\",\"rockslide\"],\"baseAbility\":\"sheerforce\",\"item\":\"choicescarf\",\"pokeball\":\"pokeball\",\"ability\":\"sheerforce\",\"commanding\":false,\"reviving\":false,\"teraType\":\"Rock\",\"terastallized\":\"\"}]},\"rqid\":165}\n|inactive|Time left: 300 sec this turn | 300 sec total\n|\n|t:|1783392074\n|move|p1a: Corviknight|Roost|p1a: Corviknight\n|-heal|p1a: Corviknight|100/100\n|-singleturn|p1a: Corviknight|move: Roost\n|move|p2a: Dudunsparce|Roost|p2a: Dudunsparce\n|-heal|p2a: Dudunsparce|343/343\n|-singleturn|p2a: Dudunsparce|move: Roost\n|\n|upkeep\n|turn|79\n|request|{\"active\":[{\"moves\":[{\"move\":\"Toxic\",\"id\":\"toxic\",\"pp\":15,\"maxpp\":16,\"target\":\"normal\",\"disabled\":false},{\"move\":\"Boomburst\",\"id\":\"boomburst\",\"pp\":12,\"maxpp\":16,\"target\":\"allAdjacent\",\"disabled\":false},{\"move\":\"Earthquake\",\"id\":\"earthquake\",\"pp\":16,\"maxpp\":16,\"target\":\"allAdjacent\",\"disabled\":false},{\"move\":\"Roost\",\"id\":\"roost\",\"pp\":3,\"maxpp\":8,\"target\":\"self\",\"disabled\":false}],\"canTerastallize\":\"Ground\"}],\"side\":{\"name\":\"p0y0722144\",\"id\":\"p2\",\"pokemon\":[{\"ident\":\"p2: Dudunsparce\",\"details\":\"Dudunsparce-Three-Segment, L83, M\",\"condition\":\"343/343\",\"active\":true,\"stats\":{\"atk\":214,\"def\":180,\"spa\":189,\"spd\":172,\"spe\":139},\"moves\":[\"toxic\",\"boomburst\",\"earthquake\",\"roost\"],\"baseAbility\":\"rattled\",\"item\":\"leftovers\",\"pokeball\":\"pokeball\",\"ability\":\"rattled\",\"commanding\":false,\"reviving\":false,\"teraType\":\"Ground\",\"terastallized\":\"\"},{\"ident\":\"p2: Jirachi\",\"details\":\"Jirachi, L80\",\"condition\":\"0 fnt\",\"active\":false,\"stats\":{\"atk\":206,\"def\":206,\"spa\":206,\"spd\":206,\"spe\":206},\"moves\":[\"bodyslam\",\"wish\",\"ironhead\",\"protect\"],\"baseAbility\":\"serenegrace\",\"item\":\"leftovers\",\"pokeball\":\"pokeball\",\"ability\":\"serenegrace\",\"commanding\":false,\"reviving\":false,\"teraType\":\"Water\",\"terastallized\":\"\"},{\"ident\":\"p2: Venusaur\",\"details\":\"Venusaur, L84, M\",\"condition\":\"272/272\",\"active\":false,\"stats\":{\"atk\":142,\"def\":188,\"spa\":216,\"spd\":216,\"spe\":183},\"moves\":[\"synthesis\",\"earthpower\",\"sludgebomb\",\"sleeppowder\"],\"baseAbility\":\"chlorophyll\",\"item\":\"\",\"pokeball\":\"pokeball\",\"ability\":\"chlorophyll\",\"commanding\":false,\"reviving\":false,\"teraType\":\"Steel\",\"terastallized\":\"\"},{\"ident\":\"p2: Chesnaught\",\"details\":\"Chesnaught, L84, M\",\"condition\":\"165/285\",\"active\":false,\"stats\":{\"atk\":228,\"def\":253,\"spa\":173,\"spd\":174,\"spe\":156},\"moves\":[\"knockoff\",\"bodypress\",\"woodhammer\",\"synthesis\"],\"baseAbility\":\"bulletproof\",\"item\":\"rockyhelmet\",\"pokeball\":\"pokeball\",\"ability\":\"bulletproof\",\"commanding\":false,\"reviving\":false,\"teraType\":\"Steel\",\"terastallized\":\"\"},{\"ident\":\"p2: Weezing\",\"details\":\"Weezing, L88, F\",\"condition\":\"258/258\",\"active\":false,\"stats\":{\"atk\":163,\"def\":261,\"spa\":200,\"spd\":173,\"spe\":156},\"moves\":[\"fireblast\",\"painsplit\",\"sludgebomb\",\"willowisp\"],\"baseAbility\":\"levitate\",\"item\":\"leftovers\",\"pokeball\":\"pokeball\",\"ability\":\"levitate\",\"commanding\":false,\"reviving\":false,\"teraType\":\"Steel\",\"terastallized\":\"\"},{\"ident\":\"p2: Rampardos\",\"details\":\"Rampardos, L90, F\",\"condition\":\"0 fnt\",\"active\":false,\"stats\":{\"atk\":348,\"def\":159,\"spa\":168,\"spd\":141,\"spe\":156},\"moves\":[\"firepunch\",\"headsmash\",\"earthquake\",\"rockslide\"],\"baseAbility\":\"sheerforce\",\"item\":\"choicescarf\",\"pokeball\":\"pokeball\",\"ability\":\"sheerforce\",\"commanding\":false,\"reviving\":false,\"teraType\":\"Rock\",\"terastallized\":\"\"}]},\"rqid\":167}\n|inactive|Time left: 300 sec this turn | 300 sec total\n|\n|t:|1783392074\n|move|p1a: Corviknight|Body Press|p2a: Dudunsparce\n|-supereffective|p2a: Dudunsparce\n|-damage|p2a: Dudunsparce|219/343\n|move|p2a: Dudunsparce|Boomburst|p1a: Corviknight\n|-resisted|p1a: Corviknight\n|-damage|p1a: Corviknight|76/100\n|\n|-heal|p2a: Dudunsparce|240/343|[from] item: Leftovers\n|upkeep\n|turn|80\n|request|{\"active\":[{\"moves\":[{\"move\":\"Toxic\",\"id\":\"toxic\",\"pp\":15,\"maxpp\":16,\"target\":\"normal\",\"disabled\":false},{\"move\":\"Boomburst\",\"id\":\"boomburst\",\"pp\":11,\"maxpp\":16,\"target\":\"allAdjacent\",\"disabled\":false},{\"move\":\"Earthquake\",\"id\":\"earthquake\",\"pp\":16,\"maxpp\":16,\"target\":\"allAdjacent\",\"disabled\":false},{\"move\":\"Roost\",\"id\":\"roost\",\"pp\":3,\"maxpp\":8,\"target\":\"self\",\"disabled\":false}],\"canTerastallize\":\"Ground\"}],\"side\":{\"name\":\"p0y0722144\",\"id\":\"p2\",\"pokemon\":[{\"ident\":\"p2: Dudunsparce\",\"details\":\"Dudunsparce-Three-Segment, L83, M\",\"condition\":\"240/343\",\"active\":true,\"stats\":{\"atk\":214,\"def\":180,\"spa\":189,\"spd\":172,\"spe\":139},\"moves\":[\"toxic\",\"boomburst\",\"earthquake\",\"roost\"],\"baseAbility\":\"rattled\",\"item\":\"leftovers\",\"pokeball\":\"pokeball\",\"ability\":\"rattled\",\"commanding\":false,\"reviving\":false,\"teraType\":\"Ground\",\"terastallized\":\"\"},{\"ident\":\"p2: Jirachi\",\"details\":\"Jirachi, L80\",\"condition\":\"0 fnt\",\"active\":false,\"stats\":{\"atk\":206,\"def\":206,\"spa\":206,\"spd\":206,\"spe\":206},\"moves\":[\"bodyslam\",\"wish\",\"ironhead\",\"protect\"],\"baseAbility\":\"serenegrace\",\"item\":\"leftovers\",\"pokeball\":\"pokeball\",\"ability\":\"serenegrace\",\"commanding\":false,\"reviving\":false,\"teraType\":\"Water\",\"terastallized\":\"\"},{\"ident\":\"p2: Venusaur\",\"details\":\"Venusaur, L84, M\",\"condition\":\"272/272\",\"active\":false,\"stats\":{\"atk\":142,\"def\":188,\"spa\":216,\"spd\":216,\"spe\":183},\"moves\":[\"synthesis\",\"earthpower\",\"sludgebomb\",\"sleeppowder\"],\"baseAbility\":\"chlorophyll\",\"item\":\"\",\"pokeball\":\"pokeball\",\"ability\":\"chlorophyll\",\"commanding\":false,\"reviving\":false,\"teraType\":\"Steel\",\"terastallized\":\"\"},{\"ident\":\"p2: Chesnaught\",\"details\":\"Chesnaught, L84, M\",\"condition\":\"165/285\",\"active\":false,\"stats\":{\"atk\":228,\"def\":253,\"spa\":173,\"spd\":174,\"spe\":156},\"moves\":[\"knockoff\",\"bodypress\",\"woodhammer\",\"synthesis\"],\"baseAbility\":\"bulletproof\",\"item\":\"rockyhelmet\",\"pokeball\":\"pokeball\",\"ability\":\"bulletproof\",\"commanding\":false,\"reviving\":false,\"teraType\":\"Steel\",\"terastallized\":\"\"},{\"ident\":\"p2: Weezing\",\"details\":\"Weezing, L88, F\",\"condition\":\"258/258\",\"active\":false,\"stats\":{\"atk\":163,\"def\":261,\"spa\":200,\"spd\":173,\"spe\":156},\"moves\":[\"fireblast\",\"painsplit\",\"sludgebomb\",\"willowisp\"],\"baseAbility\":\"levitate\",\"item\":\"leftovers\",\"pokeball\":\"pokeball\",\"ability\":\"levitate\",\"commanding\":false,\"reviving\":false,\"teraType\":\"Steel\",\"terastallized\":\"\"},{\"ident\":\"p2: Rampardos\",\"details\":\"Rampardos, L90, F\",\"condition\":\"0 fnt\",\"active\":false,\"stats\":{\"atk\":348,\"def\":159,\"spa\":168,\"spd\":141,\"spe\":156},\"moves\":[\"firepunch\",\"headsmash\",\"earthquake\",\"rockslide\"],\"baseAbility\":\"sheerforce\",\"item\":\"choicescarf\",\"pokeball\":\"pokeball\",\"ability\":\"sheerforce\",\"commanding\":false,\"reviving\":false,\"teraType\":\"Rock\",\"terastallized\":\"\"}]},\"rqid\":169}\n|inactive|Time left: 300 sec this turn | 300 sec total\n|\n|t:|1783392075\n|move|p1a: Corviknight|Roost|p1a: Corviknight\n|-heal|p1a: Corviknight|100/100\n|-singleturn|p1a: Corviknight|move: Roost\n|move|p2a: Dudunsparce|Boomburst|p1a: Corviknight\n|-resisted|p1a: Corviknight\n|-damage|p1a: Corviknight|76/100\n|\n|-heal|p2a: Dudunsparce|261/343|[from] item: Leftovers\n|upkeep\n|turn|81\n|request|{\"active\":[{\"moves\":[{\"move\":\"Toxic\",\"id\":\"toxic\",\"pp\":15,\"maxpp\":16,\"target\":\"normal\",\"disabled\":false},{\"move\":\"Boomburst\",\"id\":\"boomburst\",\"pp\":10,\"maxpp\":16,\"target\":\"allAdjacent\",\"disabled\":false},{\"move\":\"Earthquake\",\"id\":\"earthquake\",\"pp\":16,\"maxpp\":16,\"target\":\"allAdjacent\",\"disabled\":false},{\"move\":\"Roost\",\"id\":\"roost\",\"pp\":3,\"maxpp\":8,\"target\":\"self\",\"disabled\":false}],\"canTerastallize\":\"Ground\"}],\"side\":{\"name\":\"p0y0722144\",\"id\":\"p2\",\"pokemon\":[{\"ident\":\"p2: Dudunsparce\",\"details\":\"Dudunsparce-Three-Segment, L83, M\",\"condition\":\"261/343\",\"active\":true,\"stats\":{\"atk\":214,\"def\":180,\"spa\":189,\"spd\":172,\"spe\":139},\"moves\":[\"toxic\",\"boomburst\",\"earthquake\",\"roost\"],\"baseAbility\":\"rattled\",\"item\":\"leftovers\",\"pokeball\":\"pokeball\",\"ability\":\"rattled\",\"commanding\":false,\"reviving\":false,\"teraType\":\"Ground\",\"terastallized\":\"\"},{\"ident\":\"p2: Jirachi\",\"details\":\"Jirachi, L80\",\"condition\":\"0 fnt\",\"active\":false,\"stats\":{\"atk\":206,\"def\":206,\"spa\":206,\"spd\":206,\"spe\":206},\"moves\":[\"bodyslam\",\"wish\",\"ironhead\",\"protect\"],\"baseAbility\":\"serenegrace\",\"item\":\"leftovers\",\"pokeball\":\"pokeball\",\"ability\":\"serenegrace\",\"commanding\":false,\"reviving\":false,\"teraType\":\"Water\",\"terastallized\":\"\"},{\"ident\":\"p2: Venusaur\",\"details\":\"Venusaur, L84, M\",\"condition\":\"272/272\",\"active\":false,\"stats\":{\"atk\":142,\"def\":188,\"spa\":216,\"spd\":216,\"spe\":183},\"moves\":[\"synthesis\",\"earthpower\",\"sludgebomb\",\"sleeppowder\"],\"baseAbility\":\"chlorophyll\",\"item\":\"\",\"pokeball\":\"pokeball\",\"ability\":\"chlorophyll\",\"commanding\":false,\"reviving\":false,\"teraType\":\"Steel\",\"terastallized\":\"\"},{\"ident\":\"p2: Chesnaught\",\"details\":\"Chesnaught, L84, M\",\"condition\":\"165/285\",\"active\":false,\"stats\":{\"atk\":228,\"def\":253,\"spa\":173,\"spd\":174,\"spe\":156},\"moves\":[\"knockoff\",\"bodypress\",\"woodhammer\",\"synthesis\"],\"baseAbility\":\"bulletproof\",\"item\":\"rockyhelmet\",\"pokeball\":\"pokeball\",\"ability\":\"bulletproof\",\"commanding\":false,\"reviving\":false,\"teraType\":\"Steel\",\"terastallized\":\"\"},{\"ident\":\"p2: Weezing\",\"details\":\"Weezing, L88, F\",\"condition\":\"258/258\",\"active\":false,\"stats\":{\"atk\":163,\"def\":261,\"spa\":200,\"spd\":173,\"spe\":156},\"moves\":[\"fireblast\",\"painsplit\",\"sludgebomb\",\"willowisp\"],\"baseAbility\":\"levitate\",\"item\":\"leftovers\",\"pokeball\":\"pokeball\",\"ability\":\"levitate\",\"commanding\":false,\"reviving\":false,\"teraType\":\"Steel\",\"terastallized\":\"\"},{\"ident\":\"p2: Rampardos\",\"details\":\"Rampardos, L90, F\",\"condition\":\"0 fnt\",\"active\":false,\"stats\":{\"atk\":348,\"def\":159,\"spa\":168,\"spd\":141,\"spe\":156},\"moves\":[\"firepunch\",\"headsmash\",\"earthquake\",\"rockslide\"],\"baseAbility\":\"sheerforce\",\"item\":\"choicescarf\",\"pokeball\":\"pokeball\",\"ability\":\"sheerforce\",\"commanding\":false,\"reviving\":false,\"teraType\":\"Rock\",\"terastallized\":\"\"}]},\"rqid\":171}\n|inactive|Time left: 300 sec this turn | 300 sec total\n|\n|t:|1783392075\n|move|p1a: Corviknight|Body Press|p2a: Dudunsparce\n|-supereffective|p2a: Dudunsparce\n|-damage|p2a: Dudunsparce|139/343\n|move|p2a: Dudunsparce|Boomburst|p1a: Corviknight\n|-resisted|p1a: Corviknight\n|-damage|p1a: Corviknight|50/100\n|\n|-heal|p2a: Dudunsparce|160/343|[from] item: Leftovers\n|upkeep\n|turn|82\n|request|{\"active\":[{\"moves\":[{\"move\":\"Toxic\",\"id\":\"toxic\",\"pp\":15,\"maxpp\":16,\"target\":\"normal\",\"disabled\":false},{\"move\":\"Boomburst\",\"id\":\"boomburst\",\"pp\":9,\"maxpp\":16,\"target\":\"allAdjacent\",\"disabled\":false},{\"move\":\"Earthquake\",\"id\":\"earthquake\",\"pp\":16,\"maxpp\":16,\"target\":\"allAdjacent\",\"disabled\":false},{\"move\":\"Roost\",\"id\":\"roost\",\"pp\":3,\"maxpp\":8,\"target\":\"self\",\"disabled\":false}],\"canTerastallize\":\"Ground\"}],\"side\":{\"name\":\"p0y0722144\",\"id\":\"p2\",\"pokemon\":[{\"ident\":\"p2: Dudunsparce\",\"details\":\"Dudunsparce-Three-Segment, L83, M\",\"condition\":\"160/343\",\"active\":true,\"stats\":{\"atk\":214,\"def\":180,\"spa\":189,\"spd\":172,\"spe\":139},\"moves\":[\"toxic\",\"boomburst\",\"earthquake\",\"roost\"],\"baseAbility\":\"rattled\",\"item\":\"leftovers\",\"pokeball\":\"pokeball\",\"ability\":\"rattled\",\"commanding\":false,\"reviving\":false,\"teraType\":\"Ground\",\"terastallized\":\"\"},{\"ident\":\"p2: Jirachi\",\"details\":\"Jirachi, L80\",\"condition\":\"0 fnt\",\"active\":false,\"stats\":{\"atk\":206,\"def\":206,\"spa\":206,\"spd\":206,\"spe\":206},\"moves\":[\"bodyslam\",\"wish\",\"ironhead\",\"protect\"],\"baseAbility\":\"serenegrace\",\"item\":\"leftovers\",\"pokeball\":\"pokeball\",\"ability\":\"serenegrace\",\"commanding\":false,\"reviving\":false,\"teraType\":\"Water\",\"terastallized\":\"\"},{\"ident\":\"p2: Venusaur\",\"details\":\"Venusaur, L84, M\",\"condition\":\"272/272\",\"active\":false,\"stats\":{\"atk\":142,\"def\":188,\"spa\":216,\"spd\":216,\"spe\":183},\"moves\":[\"synthesis\",\"earthpower\",\"sludgebomb\",\"sleeppowder\"],\"baseAbility\":\"chlorophyll\",\"item\":\"\",\"pokeball\":\"pokeball\",\"ability\":\"chlorophyll\",\"commanding\":false,\"reviving\":false,\"teraType\":\"Steel\",\"terastallized\":\"\"},{\"ident\":\"p2: Chesnaught\",\"details\":\"Chesnaught, L84, M\",\"condition\":\"165/285\",\"active\":false,\"stats\":{\"atk\":228,\"def\":253,\"spa\":173,\"spd\":174,\"spe\":156},\"moves\":[\"knockoff\",\"bodypress\",\"woodhammer\",\"synthesis\"],\"baseAbility\":\"bulletproof\",\"item\":\"rockyhelmet\",\"pokeball\":\"pokeball\",\"ability\":\"bulletproof\",\"commanding\":false,\"reviving\":false,\"teraType\":\"Steel\",\"terastallized\":\"\"},{\"ident\":\"p2: Weezing\",\"details\":\"Weezing, L88, F\",\"condition\":\"258/258\",\"active\":false,\"stats\":{\"atk\":163,\"def\":261,\"spa\":200,\"spd\":173,\"spe\":156},\"moves\":[\"fireblast\",\"painsplit\",\"sludgebomb\",\"willowisp\"],\"baseAbility\":\"levitate\",\"item\":\"leftovers\",\"pokeball\":\"pokeball\",\"ability\":\"levitate\",\"commanding\":false,\"reviving\":false,\"teraType\":\"Steel\",\"terastallized\":\"\"},{\"ident\":\"p2: Rampardos\",\"details\":\"Rampardos, L90, F\",\"condition\":\"0 fnt\",\"active\":false,\"stats\":{\"atk\":348,\"def\":159,\"spa\":168,\"spd\":141,\"spe\":156},\"moves\":[\"firepunch\",\"headsmash\",\"earthquake\",\"rockslide\"],\"baseAbility\":\"sheerforce\",\"item\":\"choicescarf\",\"pokeball\":\"pokeball\",\"ability\":\"sheerforce\",\"commanding\":false,\"reviving\":false,\"teraType\":\"Rock\",\"terastallized\":\"\"}]},\"rqid\":173}\n|inactive|Time left: 300 sec this turn | 300 sec total\n|\n|t:|1783392075\n|move|p1a: Corviknight|Roost|p1a: Corviknight\n|-heal|p1a: Corviknight|99/100\n|-singleturn|p1a: Corviknight|move: Roost\n|move|p2a: Dudunsparce|Roost|p2a: Dudunsparce\n|-heal|p2a: Dudunsparce|332/343\n|-singleturn|p2a: Dudunsparce|move: Roost\n|\n|-heal|p2a: Dudunsparce|343/343|[from] item: Leftovers\n|upkeep\n|turn|83\n|request|{\"active\":[{\"moves\":[{\"move\":\"Toxic\",\"id\":\"toxic\",\"pp\":15,\"maxpp\":16,\"target\":\"normal\",\"disabled\":false},{\"move\":\"Boomburst\",\"id\":\"boomburst\",\"pp\":9,\"maxpp\":16,\"target\":\"allAdjacent\",\"disabled\":false},{\"move\":\"Earthquake\",\"id\":\"earthquake\",\"pp\":16,\"maxpp\":16,\"target\":\"allAdjacent\",\"disabled\":false},{\"move\":\"Roost\",\"id\":\"roost\",\"pp\":2,\"maxpp\":8,\"target\":\"self\",\"disabled\":false}],\"canTerastallize\":\"Ground\"}],\"side\":{\"name\":\"p0y0722144\",\"id\":\"p2\",\"pokemon\":[{\"ident\":\"p2: Dudunsparce\",\"details\":\"Dudunsparce-Three-Segment, L83, M\",\"condition\":\"343/343\",\"active\":true,\"stats\":{\"atk\":214,\"def\":180,\"spa\":189,\"spd\":172,\"spe\":139},\"moves\":[\"toxic\",\"boomburst\",\"earthquake\",\"roost\"],\"baseAbility\":\"rattled\",\"item\":\"leftovers\",\"pokeball\":\"pokeball\",\"ability\":\"rattled\",\"commanding\":false,\"reviving\":false,\"teraType\":\"Ground\",\"terastallized\":\"\"},{\"ident\":\"p2: Jirachi\",\"details\":\"Jirachi, L80\",\"condition\":\"0 fnt\",\"active\":false,\"stats\":{\"atk\":206,\"def\":206,\"spa\":206,\"spd\":206,\"spe\":206},\"moves\":[\"bodyslam\",\"wish\",\"ironhead\",\"protect\"],\"baseAbility\":\"serenegrace\",\"item\":\"leftovers\",\"pokeball\":\"pokeball\",\"ability\":\"serenegrace\",\"commanding\":false,\"reviving\":false,\"teraType\":\"Water\",\"terastallized\":\"\"},{\"ident\":\"p2: Venusaur\",\"details\":\"Venusaur, L84, M\",\"condition\":\"272/272\",\"active\":false,\"stats\":{\"atk\":142,\"def\":188,\"spa\":216,\"spd\":216,\"spe\":183},\"moves\":[\"synthesis\",\"earthpower\",\"sludgebomb\",\"sleeppowder\"],\"baseAbility\":\"chlorophyll\",\"item\":\"\",\"pokeball\":\"pokeball\",\"ability\":\"chlorophyll\",\"commanding\":false,\"reviving\":false,\"teraType\":\"Steel\",\"terastallized\":\"\"},{\"ident\":\"p2: Chesnaught\",\"details\":\"Chesnaught, L84, M\",\"condition\":\"165/285\",\"active\":false,\"stats\":{\"atk\":228,\"def\":253,\"spa\":173,\"spd\":174,\"spe\":156},\"moves\":[\"knockoff\",\"bodypress\",\"woodhammer\",\"synthesis\"],\"baseAbility\":\"bulletproof\",\"item\":\"rockyhelmet\",\"pokeball\":\"pokeball\",\"ability\":\"bulletproof\",\"commanding\":false,\"reviving\":false,\"teraType\":\"Steel\",\"terastallized\":\"\"},{\"ident\":\"p2: Weezing\",\"details\":\"Weezing, L88, F\",\"condition\":\"258/258\",\"active\":false,\"stats\":{\"atk\":163,\"def\":261,\"spa\":200,\"spd\":173,\"spe\":156},\"moves\":[\"fireblast\",\"painsplit\",\"sludgebomb\",\"willowisp\"],\"baseAbility\":\"levitate\",\"item\":\"leftovers\",\"pokeball\":\"pokeball\",\"ability\":\"levitate\",\"commanding\":false,\"reviving\":false,\"teraType\":\"Steel\",\"terastallized\":\"\"},{\"ident\":\"p2: Rampardos\",\"details\":\"Rampardos, L90, F\",\"condition\":\"0 fnt\",\"active\":false,\"stats\":{\"atk\":348,\"def\":159,\"spa\":168,\"spd\":141,\"spe\":156},\"moves\":[\"firepunch\",\"headsmash\",\"earthquake\",\"rockslide\"],\"baseAbility\":\"sheerforce\",\"item\":\"choicescarf\",\"pokeball\":\"pokeball\",\"ability\":\"sheerforce\",\"commanding\":false,\"reviving\":false,\"teraType\":\"Rock\",\"terastallized\":\"\"}]},\"rqid\":175}\n|inactive|Time left: 300 sec this turn | 300 sec total\n|\n|t:|1783392075\n|move|p1a: Corviknight|Body Press|p2a: Dudunsparce\n|-supereffective|p2a: Dudunsparce\n|-damage|p2a: Dudunsparce|227/343\n|move|p2a: Dudunsparce|Boomburst|p1a: Corviknight\n|-resisted|p1a: Corviknight\n|-damage|p1a: Corviknight|78/100\n|\n|-heal|p2a: Dudunsparce|248/343|[from] item: Leftovers\n|upkeep\n|turn|84\n|request|{\"active\":[{\"moves\":[{\"move\":\"Toxic\",\"id\":\"toxic\",\"pp\":15,\"maxpp\":16,\"target\":\"normal\",\"disabled\":false},{\"move\":\"Boomburst\",\"id\":\"boomburst\",\"pp\":8,\"maxpp\":16,\"target\":\"allAdjacent\",\"disabled\":false},{\"move\":\"Earthquake\",\"id\":\"earthquake\",\"pp\":16,\"maxpp\":16,\"target\":\"allAdjacent\",\"disabled\":false},{\"move\":\"Roost\",\"id\":\"roost\",\"pp\":2,\"maxpp\":8,\"target\":\"self\",\"disabled\":false}],\"canTerastallize\":\"Ground\"}],\"side\":{\"name\":\"p0y0722144\",\"id\":\"p2\",\"pokemon\":[{\"ident\":\"p2: Dudunsparce\",\"details\":\"Dudunsparce-Three-Segment, L83, M\",\"condition\":\"248/343\",\"active\":true,\"stats\":{\"atk\":214,\"def\":180,\"spa\":189,\"spd\":172,\"spe\":139},\"moves\":[\"toxic\",\"boomburst\",\"earthquake\",\"roost\"],\"baseAbility\":\"rattled\",\"item\":\"leftovers\",\"pokeball\":\"pokeball\",\"ability\":\"rattled\",\"commanding\":false,\"reviving\":false,\"teraType\":\"Ground\",\"terastallized\":\"\"},{\"ident\":\"p2: Jirachi\",\"details\":\"Jirachi, L80\",\"condition\":\"0 fnt\",\"active\":false,\"stats\":{\"atk\":206,\"def\":206,\"spa\":206,\"spd\":206,\"spe\":206},\"moves\":[\"bodyslam\",\"wish\",\"ironhead\",\"protect\"],\"baseAbility\":\"serenegrace\",\"item\":\"leftovers\",\"pokeball\":\"pokeball\",\"ability\":\"serenegrace\",\"commanding\":false,\"reviving\":false,\"teraType\":\"Water\",\"terastallized\":\"\"},{\"ident\":\"p2: Venusaur\",\"details\":\"Venusaur, L84, M\",\"condition\":\"272/272\",\"active\":false,\"stats\":{\"atk\":142,\"def\":188,\"spa\":216,\"spd\":216,\"spe\":183},\"moves\":[\"synthesis\",\"earthpower\",\"sludgebomb\",\"sleeppowder\"],\"baseAbility\":\"chlorophyll\",\"item\":\"\",\"pokeball\":\"pokeball\",\"ability\":\"chlorophyll\",\"commanding\":false,\"reviving\":false,\"teraType\":\"Steel\",\"terastallized\":\"\"},{\"ident\":\"p2: Chesnaught\",\"details\":\"Chesnaught, L84, M\",\"condition\":\"165/285\",\"active\":false,\"stats\":{\"atk\":228,\"def\":253,\"spa\":173,\"spd\":174,\"spe\":156},\"moves\":[\"knockoff\",\"bodypress\",\"woodhammer\",\"synthesis\"],\"baseAbility\":\"bulletproof\",\"item\":\"rockyhelmet\",\"pokeball\":\"pokeball\",\"ability\":\"bulletproof\",\"commanding\":false,\"reviving\":false,\"teraType\":\"Steel\",\"terastallized\":\"\"},{\"ident\":\"p2: Weezing\",\"details\":\"Weezing, L88, F\",\"condition\":\"258/258\",\"active\":false,\"stats\":{\"atk\":163,\"def\":261,\"spa\":200,\"spd\":173,\"spe\":156},\"moves\":[\"fireblast\",\"painsplit\",\"sludgebomb\",\"willowisp\"],\"baseAbility\":\"levitate\",\"item\":\"leftovers\",\"pokeball\":\"pokeball\",\"ability\":\"levitate\",\"commanding\":false,\"reviving\":false,\"teraType\":\"Steel\",\"terastallized\":\"\"},{\"ident\":\"p2: Rampardos\",\"details\":\"Rampardos, L90, F\",\"condition\":\"0 fnt\",\"active\":false,\"stats\":{\"atk\":348,\"def\":159,\"spa\":168,\"spd\":141,\"spe\":156},\"moves\":[\"firepunch\",\"headsmash\",\"earthquake\",\"rockslide\"],\"baseAbility\":\"sheerforce\",\"item\":\"choicescarf\",\"pokeball\":\"pokeball\",\"ability\":\"sheerforce\",\"commanding\":false,\"reviving\":false,\"teraType\":\"Rock\",\"terastallized\":\"\"}]},\"rqid\":177}\n|inactive|Time left: 300 sec this turn | 300 sec total\n|\n|t:|1783392076\n|move|p1a: Corviknight|Body Press|p2a: Dudunsparce\n|-supereffective|p2a: Dudunsparce\n|-damage|p2a: Dudunsparce|132/343\n|move|p2a: Dudunsparce|Roost|p2a: Dudunsparce\n|-heal|p2a: Dudunsparce|304/343\n|-singleturn|p2a: Dudunsparce|move: Roost\n|\n|-heal|p2a: Dudunsparce|325/343|[from] item: Leftovers\n|upkeep\n|turn|85\n|request|{\"active\":[{\"moves\":[{\"move\":\"Toxic\",\"id\":\"toxic\",\"pp\":15,\"maxpp\":16,\"target\":\"normal\",\"disabled\":false},{\"move\":\"Boomburst\",\"id\":\"boomburst\",\"pp\":8,\"maxpp\":16,\"target\":\"allAdjacent\",\"disabled\":false},{\"move\":\"Earthquake\",\"id\":\"earthquake\",\"pp\":16,\"maxpp\":16,\"target\":\"allAdjacent\",\"disabled\":false},{\"move\":\"Roost\",\"id\":\"roost\",\"pp\":1,\"maxpp\":8,\"target\":\"self\",\"disabled\":false}],\"canTerastallize\":\"Ground\"}],\"side\":{\"name\":\"p0y0722144\",\"id\":\"p2\",\"pokemon\":[{\"ident\":\"p2: Dudunsparce\",\"details\":\"Dudunsparce-Three-Segment, L83, M\",\"condition\":\"325/343\",\"active\":true,\"stats\":{\"atk\":214,\"def\":180,\"spa\":189,\"spd\":172,\"spe\":139},\"moves\":[\"toxic\",\"boomburst\",\"earthquake\",\"roost\"],\"baseAbility\":\"rattled\",\"item\":\"leftovers\",\"pokeball\":\"pokeball\",\"ability\":\"rattled\",\"commanding\":false,\"reviving\":false,\"teraType\":\"Ground\",\"terastallized\":\"\"},{\"ident\":\"p2: Jirachi\",\"details\":\"Jirachi, L80\",\"condition\":\"0 fnt\",\"active\":false,\"stats\":{\"atk\":206,\"def\":206,\"spa\":206,\"spd\":206,\"spe\":206},\"moves\":[\"bodyslam\",\"wish\",\"ironhead\",\"protect\"],\"baseAbility\":\"serenegrace\",\"item\":\"leftovers\",\"pokeball\":\"pokeball\",\"ability\":\"serenegrace\",\"commanding\":false,\"reviving\":false,\"teraType\":\"Water\",\"terastallized\":\"\"},{\"ident\":\"p2: Venusaur\",\"details\":\"Venusaur, L84, M\",\"condition\":\"272/272\",\"active\":false,\"stats\":{\"atk\":142,\"def\":188,\"spa\":216,\"spd\":216,\"spe\":183},\"moves\":[\"synthesis\",\"earthpower\",\"sludgebomb\",\"sleeppowder\"],\"baseAbility\":\"chlorophyll\",\"item\":\"\",\"pokeball\":\"pokeball\",\"ability\":\"chlorophyll\",\"commanding\":false,\"reviving\":false,\"teraType\":\"Steel\",\"terastallized\":\"\"},{\"ident\":\"p2: Chesnaught\",\"details\":\"Chesnaught, L84, M\",\"condition\":\"165/285\",\"active\":false,\"stats\":{\"atk\":228,\"def\":253,\"spa\":173,\"spd\":174,\"spe\":156},\"moves\":[\"knockoff\",\"bodypress\",\"woodhammer\",\"synthesis\"],\"baseAbility\":\"bulletproof\",\"item\":\"rockyhelmet\",\"pokeball\":\"pokeball\",\"ability\":\"bulletproof\",\"commanding\":false,\"reviving\":false,\"teraType\":\"Steel\",\"terastallized\":\"\"},{\"ident\":\"p2: Weezing\",\"details\":\"Weezing, L88, F\",\"condition\":\"258/258\",\"active\":false,\"stats\":{\"atk\":163,\"def\":261,\"spa\":200,\"spd\":173,\"spe\":156},\"moves\":[\"fireblast\",\"painsplit\",\"sludgebomb\",\"willowisp\"],\"baseAbility\":\"levitate\",\"item\":\"leftovers\",\"pokeball\":\"pokeball\",\"ability\":\"levitate\",\"commanding\":false,\"reviving\":false,\"teraType\":\"Steel\",\"terastallized\":\"\"},{\"ident\":\"p2: Rampardos\",\"details\":\"Rampardos, L90, F\",\"condition\":\"0 fnt\",\"active\":false,\"stats\":{\"atk\":348,\"def\":159,\"spa\":168,\"spd\":141,\"spe\":156},\"moves\":[\"firepunch\",\"headsmash\",\"earthquake\",\"rockslide\"],\"baseAbility\":\"sheerforce\",\"item\":\"choicescarf\",\"pokeball\":\"pokeball\",\"ability\":\"sheerforce\",\"commanding\":false,\"reviving\":false,\"teraType\":\"Rock\",\"terastallized\":\"\"}]},\"rqid\":179}\n|inactive|Time left: 300 sec this turn | 300 sec total\n|\n|t:|1783392076\n|move|p1a: Corviknight|Body Press|p2a: Dudunsparce\n|-supereffective|p2a: Dudunsparce\n|-damage|p2a: Dudunsparce|201/343\n|move|p2a: Dudunsparce|Boomburst|p1a: Corviknight\n|-resisted|p1a: Corviknight\n|-damage|p1a: Corviknight|55/100\n|\n|-heal|p2a: Dudunsparce|222/343|[from] item: Leftovers\n|upkeep\n|turn|86\n|request|{\"active\":[{\"moves\":[{\"move\":\"Toxic\",\"id\":\"toxic\",\"pp\":15,\"maxpp\":16,\"target\":\"normal\",\"disabled\":false},{\"move\":\"Boomburst\",\"id\":\"boomburst\",\"pp\":7,\"maxpp\":16,\"target\":\"allAdjacent\",\"disabled\":false},{\"move\":\"Earthquake\",\"id\":\"earthquake\",\"pp\":16,\"maxpp\":16,\"target\":\"allAdjacent\",\"disabled\":false},{\"move\":\"Roost\",\"id\":\"roost\",\"pp\":1,\"maxpp\":8,\"target\":\"self\",\"disabled\":false}],\"canTerastallize\":\"Ground\"}],\"side\":{\"name\":\"p0y0722144\",\"id\":\"p2\",\"pokemon\":[{\"ident\":\"p2: Dudunsparce\",\"details\":\"Dudunsparce-Three-Segment, L83, M\",\"condition\":\"222/343\",\"active\":true,\"stats\":{\"atk\":214,\"def\":180,\"spa\":189,\"spd\":172,\"spe\":139},\"moves\":[\"toxic\",\"boomburst\",\"earthquake\",\"roost\"],\"baseAbility\":\"rattled\",\"item\":\"leftovers\",\"pokeball\":\"pokeball\",\"ability\":\"rattled\",\"commanding\":false,\"reviving\":false,\"teraType\":\"Ground\",\"terastallized\":\"\"},{\"ident\":\"p2: Jirachi\",\"details\":\"Jirachi, L80\",\"condition\":\"0 fnt\",\"active\":false,\"stats\":{\"atk\":206,\"def\":206,\"spa\":206,\"spd\":206,\"spe\":206},\"moves\":[\"bodyslam\",\"wish\",\"ironhead\",\"protect\"],\"baseAbility\":\"serenegrace\",\"item\":\"leftovers\",\"pokeball\":\"pokeball\",\"ability\":\"serenegrace\",\"commanding\":false,\"reviving\":false,\"teraType\":\"Water\",\"terastallized\":\"\"},{\"ident\":\"p2: Venusaur\",\"details\":\"Venusaur, L84, M\",\"condition\":\"272/272\",\"active\":false,\"stats\":{\"atk\":142,\"def\":188,\"spa\":216,\"spd\":216,\"spe\":183},\"moves\":[\"synthesis\",\"earthpower\",\"sludgebomb\",\"sleeppowder\"],\"baseAbility\":\"chlorophyll\",\"item\":\"\",\"pokeball\":\"pokeball\",\"ability\":\"chlorophyll\",\"commanding\":false,\"reviving\":false,\"teraType\":\"Steel\",\"terastallized\":\"\"},{\"ident\":\"p2: Chesnaught\",\"details\":\"Chesnaught, L84, M\",\"condition\":\"165/285\",\"active\":false,\"stats\":{\"atk\":228,\"def\":253,\"spa\":173,\"spd\":174,\"spe\":156},\"moves\":[\"knockoff\",\"bodypress\",\"woodhammer\",\"synthesis\"],\"baseAbility\":\"bulletproof\",\"item\":\"rockyhelmet\",\"pokeball\":\"pokeball\",\"ability\":\"bulletproof\",\"commanding\":false,\"reviving\":false,\"teraType\":\"Steel\",\"terastallized\":\"\"},{\"ident\":\"p2: Weezing\",\"details\":\"Weezing, L88, F\",\"condition\":\"258/258\",\"active\":false,\"stats\":{\"atk\":163,\"def\":261,\"spa\":200,\"spd\":173,\"spe\":156},\"moves\":[\"fireblast\",\"painsplit\",\"sludgebomb\",\"willowisp\"],\"baseAbility\":\"levitate\",\"item\":\"leftovers\",\"pokeball\":\"pokeball\",\"ability\":\"levitate\",\"commanding\":false,\"reviving\":false,\"teraType\":\"Steel\",\"terastallized\":\"\"},{\"ident\":\"p2: Rampardos\",\"details\":\"Rampardos, L90, F\",\"condition\":\"0 fnt\",\"active\":false,\"stats\":{\"atk\":348,\"def\":159,\"spa\":168,\"spd\":141,\"spe\":156},\"moves\":[\"firepunch\",\"headsmash\",\"earthquake\",\"rockslide\"],\"baseAbility\":\"sheerforce\",\"item\":\"choicescarf\",\"pokeball\":\"pokeball\",\"ability\":\"sheerforce\",\"commanding\":false,\"reviving\":false,\"teraType\":\"Rock\",\"terastallized\":\"\"}]},\"rqid\":181}\n|inactive|Time left: 300 sec this turn | 300 sec total\n|\n|t:|1783392076\n|move|p1a: Corviknight|Roost|p1a: Corviknight\n|-heal|p1a: Corviknight|100/100\n|-singleturn|p1a: Corviknight|move: Roost\n|move|p2a: Dudunsparce|Roost|p2a: Dudunsparce\n|-heal|p2a: Dudunsparce|343/343\n|-singleturn|p2a: Dudunsparce|move: Roost\n|\n|upkeep\n|turn|87\n|request|{\"active\":[{\"moves\":[{\"move\":\"Toxic\",\"id\":\"toxic\",\"pp\":15,\"maxpp\":16,\"target\":\"normal\",\"disabled\":false},{\"move\":\"Boomburst\",\"id\":\"boomburst\",\"pp\":7,\"maxpp\":16,\"target\":\"allAdjacent\",\"disabled\":false},{\"move\":\"Earthquake\",\"id\":\"earthquake\",\"pp\":16,\"maxpp\":16,\"target\":\"allAdjacent\",\"disabled\":false},{\"move\":\"Roost\",\"id\":\"roost\",\"pp\":0,\"maxpp\":8,\"target\":\"self\",\"disabled\":true}],\"canTerastallize\":\"Ground\"}],\"side\":{\"name\":\"p0y0722144\",\"id\":\"p2\",\"pokemon\":[{\"ident\":\"p2: Dudunsparce\",\"details\":\"Dudunsparce-Three-Segment, L83, M\",\"condition\":\"343/343\",\"active\":true,\"stats\":{\"atk\":214,\"def\":180,\"spa\":189,\"spd\":172,\"spe\":139},\"moves\":[\"toxic\",\"boomburst\",\"earthquake\",\"roost\"],\"baseAbility\":\"rattled\",\"item\":\"leftovers\",\"pokeball\":\"pokeball\",\"ability\":\"rattled\",\"commanding\":false,\"reviving\":false,\"teraType\":\"Ground\",\"terastallized\":\"\"},{\"ident\":\"p2: Jirachi\",\"details\":\"Jirachi, L80\",\"condition\":\"0 fnt\",\"active\":false,\"stats\":{\"atk\":206,\"def\":206,\"spa\":206,\"spd\":206,\"spe\":206},\"moves\":[\"bodyslam\",\"wish\",\"ironhead\",\"protect\"],\"baseAbility\":\"serenegrace\",\"item\":\"leftovers\",\"pokeball\":\"pokeball\",\"ability\":\"serenegrace\",\"commanding\":false,\"reviving\":false,\"teraType\":\"Water\",\"terastallized\":\"\"},{\"ident\":\"p2: Venusaur\",\"details\":\"Venusaur, L84, M\",\"condition\":\"272/272\",\"active\":false,\"stats\":{\"atk\":142,\"def\":188,\"spa\":216,\"spd\":216,\"spe\":183},\"moves\":[\"synthesis\",\"earthpower\",\"sludgebomb\",\"sleeppowder\"],\"baseAbility\":\"chlorophyll\",\"item\":\"\",\"pokeball\":\"pokeball\",\"ability\":\"chlorophyll\",\"commanding\":false,\"reviving\":false,\"teraType\":\"Steel\",\"terastallized\":\"\"},{\"ident\":\"p2: Chesnaught\",\"details\":\"Chesnaught, L84, M\",\"condition\":\"165/285\",\"active\":false,\"stats\":{\"atk\":228,\"def\":253,\"spa\":173,\"spd\":174,\"spe\":156},\"moves\":[\"knockoff\",\"bodypress\",\"woodhammer\",\"synthesis\"],\"baseAbility\":\"bulletproof\",\"item\":\"rockyhelmet\",\"pokeball\":\"pokeball\",\"ability\":\"bulletproof\",\"commanding\":false,\"reviving\":false,\"teraType\":\"Steel\",\"terastallized\":\"\"},{\"ident\":\"p2: Weezing\",\"details\":\"Weezing, L88, F\",\"condition\":\"258/258\",\"active\":false,\"stats\":{\"atk\":163,\"def\":261,\"spa\":200,\"spd\":173,\"spe\":156},\"moves\":[\"fireblast\",\"painsplit\",\"sludgebomb\",\"willowisp\"],\"baseAbility\":\"levitate\",\"item\":\"leftovers\",\"pokeball\":\"pokeball\",\"ability\":\"levitate\",\"commanding\":false,\"reviving\":false,\"teraType\":\"Steel\",\"terastallized\":\"\"},{\"ident\":\"p2: Rampardos\",\"details\":\"Rampardos, L90, F\",\"condition\":\"0 fnt\",\"active\":false,\"stats\":{\"atk\":348,\"def\":159,\"spa\":168,\"spd\":141,\"spe\":156},\"moves\":[\"firepunch\",\"headsmash\",\"earthquake\",\"rockslide\"],\"baseAbility\":\"sheerforce\",\"item\":\"choicescarf\",\"pokeball\":\"pokeball\",\"ability\":\"sheerforce\",\"commanding\":false,\"reviving\":false,\"teraType\":\"Rock\",\"terastallized\":\"\"}]},\"rqid\":183}\n|inactive|Time left: 300 sec this turn | 300 sec total\n|\n|t:|1783392076\n|move|p1a: Corviknight|Body Press|p2a: Dudunsparce\n|-supereffective|p2a: Dudunsparce\n|-damage|p2a: Dudunsparce|217/343\n|move|p2a: Dudunsparce|Boomburst|p1a: Corviknight\n|-resisted|p1a: Corviknight\n|-damage|p1a: Corviknight|77/100\n|\n|-heal|p2a: Dudunsparce|238/343|[from] item: Leftovers\n|upkeep\n|turn|88\n|request|{\"active\":[{\"moves\":[{\"move\":\"Toxic\",\"id\":\"toxic\",\"pp\":15,\"maxpp\":16,\"target\":\"normal\",\"disabled\":false},{\"move\":\"Boomburst\",\"id\":\"boomburst\",\"pp\":6,\"maxpp\":16,\"target\":\"allAdjacent\",\"disabled\":false},{\"move\":\"Earthquake\",\"id\":\"earthquake\",\"pp\":16,\"maxpp\":16,\"target\":\"allAdjacent\",\"disabled\":false},{\"move\":\"Roost\",\"id\":\"roost\",\"pp\":0,\"maxpp\":8,\"target\":\"self\",\"disabled\":true}],\"canTerastallize\":\"Ground\"}],\"side\":{\"name\":\"p0y0722144\",\"id\":\"p2\",\"pokemon\":[{\"ident\":\"p2: Dudunsparce\",\"details\":\"Dudunsparce-Three-Segment, L83, M\",\"condition\":\"238/343\",\"active\":true,\"stats\":{\"atk\":214,\"def\":180,\"spa\":189,\"spd\":172,\"spe\":139},\"moves\":[\"toxic\",\"boomburst\",\"earthquake\",\"roost\"],\"baseAbility\":\"rattled\",\"item\":\"leftovers\",\"pokeball\":\"pokeball\",\"ability\":\"rattled\",\"commanding\":false,\"reviving\":false,\"teraType\":\"Ground\",\"terastallized\":\"\"},{\"ident\":\"p2: Jirachi\",\"details\":\"Jirachi, L80\",\"condition\":\"0 fnt\",\"active\":false,\"stats\":{\"atk\":206,\"def\":206,\"spa\":206,\"spd\":206,\"spe\":206},\"moves\":[\"bodyslam\",\"wish\",\"ironhead\",\"protect\"],\"baseAbility\":\"serenegrace\",\"item\":\"leftovers\",\"pokeball\":\"pokeball\",\"ability\":\"serenegrace\",\"commanding\":false,\"reviving\":false,\"teraType\":\"Water\",\"terastallized\":\"\"},{\"ident\":\"p2: Venusaur\",\"details\":\"Venusaur, L84, M\",\"condition\":\"272/272\",\"active\":false,\"stats\":{\"atk\":142,\"def\":188,\"spa\":216,\"spd\":216,\"spe\":183},\"moves\":[\"synthesis\",\"earthpower\",\"sludgebomb\",\"sleeppowder\"],\"baseAbility\":\"chlorophyll\",\"item\":\"\",\"pokeball\":\"pokeball\",\"ability\":\"chlorophyll\",\"commanding\":false,\"reviving\":false,\"teraType\":\"Steel\",\"terastallized\":\"\"},{\"ident\":\"p2: Chesnaught\",\"details\":\"Chesnaught, L84, M\",\"condition\":\"165/285\",\"active\":false,\"stats\":{\"atk\":228,\"def\":253,\"spa\":173,\"spd\":174,\"spe\":156},\"moves\":[\"knockoff\",\"bodypress\",\"woodhammer\",\"synthesis\"],\"baseAbility\":\"bulletproof\",\"item\":\"rockyhelmet\",\"pokeball\":\"pokeball\",\"ability\":\"bulletproof\",\"commanding\":false,\"reviving\":false,\"teraType\":\"Steel\",\"terastallized\":\"\"},{\"ident\":\"p2: Weezing\",\"details\":\"Weezing, L88, F\",\"condition\":\"258/258\",\"active\":false,\"stats\":{\"atk\":163,\"def\":261,\"spa\":200,\"spd\":173,\"spe\":156},\"moves\":[\"fireblast\",\"painsplit\",\"sludgebomb\",\"willowisp\"],\"baseAbility\":\"levitate\",\"item\":\"leftovers\",\"pokeball\":\"pokeball\",\"ability\":\"levitate\",\"commanding\":false,\"reviving\":false,\"teraType\":\"Steel\",\"terastallized\":\"\"},{\"ident\":\"p2: Rampardos\",\"details\":\"Rampardos, L90, F\",\"condition\":\"0 fnt\",\"active\":false,\"stats\":{\"atk\":348,\"def\":159,\"spa\":168,\"spd\":141,\"spe\":156},\"moves\":[\"firepunch\",\"headsmash\",\"earthquake\",\"rockslide\"],\"baseAbility\":\"sheerforce\",\"item\":\"choicescarf\",\"pokeball\":\"pokeball\",\"ability\":\"sheerforce\",\"commanding\":false,\"reviving\":false,\"teraType\":\"Rock\",\"terastallized\":\"\"}]},\"rqid\":185}\n|inactive|Time left: 300 sec this turn | 300 sec total\n|\n|t:|1783392077\n|move|p1a: Corviknight|Brave Bird|p2a: Dudunsparce\n|-damage|p2a: Dudunsparce|111/343\n|-damage|p1a: Corviknight|63/100|[from] Recoil\n|move|p2a: Dudunsparce|Boomburst|p1a: Corviknight\n|-resisted|p1a: Corviknight\n|-damage|p1a: Corviknight|37/100\n|\n|-heal|p2a: Dudunsparce|132/343|[from] item: Leftovers\n|upkeep\n|turn|89\n|request|{\"active\":[{\"moves\":[{\"move\":\"Toxic\",\"id\":\"toxic\",\"pp\":15,\"maxpp\":16,\"target\":\"normal\",\"disabled\":false},{\"move\":\"Boomburst\",\"id\":\"boomburst\",\"pp\":5,\"maxpp\":16,\"target\":\"allAdjacent\",\"disabled\":false},{\"move\":\"Earthquake\",\"id\":\"earthquake\",\"pp\":16,\"maxpp\":16,\"target\":\"allAdjacent\",\"disabled\":false},{\"move\":\"Roost\",\"id\":\"roost\",\"pp\":0,\"maxpp\":8,\"target\":\"self\",\"disabled\":true}],\"canTerastallize\":\"Ground\"}],\"side\":{\"name\":\"p0y0722144\",\"id\":\"p2\",\"pokemon\":[{\"ident\":\"p2: Dudunsparce\",\"details\":\"Dudunsparce-Three-Segment, L83, M\",\"condition\":\"132/343\",\"active\":true,\"stats\":{\"atk\":214,\"def\":180,\"spa\":189,\"spd\":172,\"spe\":139},\"moves\":[\"toxic\",\"boomburst\",\"earthquake\",\"roost\"],\"baseAbility\":\"rattled\",\"item\":\"leftovers\",\"pokeball\":\"pokeball\",\"ability\":\"rattled\",\"commanding\":false,\"reviving\":false,\"teraType\":\"Ground\",\"terastallized\":\"\"},{\"ident\":\"p2: Jirachi\",\"details\":\"Jirachi, L80\",\"condition\":\"0 fnt\",\"active\":false,\"stats\":{\"atk\":206,\"def\":206,\"spa\":206,\"spd\":206,\"spe\":206},\"moves\":[\"bodyslam\",\"wish\",\"ironhead\",\"protect\"],\"baseAbility\":\"serenegrace\",\"item\":\"leftovers\",\"pokeball\":\"pokeball\",\"ability\":\"serenegrace\",\"commanding\":false,\"reviving\":false,\"teraType\":\"Water\",\"terastallized\":\"\"},{\"ident\":\"p2: Venusaur\",\"details\":\"Venusaur, L84, M\",\"condition\":\"272/272\",\"active\":false,\"stats\":{\"atk\":142,\"def\":188,\"spa\":216,\"spd\":216,\"spe\":183},\"moves\":[\"synthesis\",\"earthpower\",\"sludgebomb\",\"sleeppowder\"],\"baseAbility\":\"chlorophyll\",\"item\":\"\",\"pokeball\":\"pokeball\",\"ability\":\"chlorophyll\",\"commanding\":false,\"reviving\":false,\"teraType\":\"Steel\",\"terastallized\":\"\"},{\"ident\":\"p2: Chesnaught\",\"details\":\"Chesnaught, L84, M\",\"condition\":\"165/285\",\"active\":false,\"stats\":{\"atk\":228,\"def\":253,\"spa\":173,\"spd\":174,\"spe\":156},\"moves\":[\"knockoff\",\"bodypress\",\"woodhammer\",\"synthesis\"],\"baseAbility\":\"bulletproof\",\"item\":\"rockyhelmet\",\"pokeball\":\"pokeball\",\"ability\":\"bulletproof\",\"commanding\":false,\"reviving\":false,\"teraType\":\"Steel\",\"terastallized\":\"\"},{\"ident\":\"p2: Weezing\",\"details\":\"Weezing, L88, F\",\"condition\":\"258/258\",\"active\":false,\"stats\":{\"atk\":163,\"def\":261,\"spa\":200,\"spd\":173,\"spe\":156},\"moves\":[\"fireblast\",\"painsplit\",\"sludgebomb\",\"willowisp\"],\"baseAbility\":\"levitate\",\"item\":\"leftovers\",\"pokeball\":\"pokeball\",\"ability\":\"levitate\",\"commanding\":false,\"reviving\":false,\"teraType\":\"Steel\",\"terastallized\":\"\"},{\"ident\":\"p2: Rampardos\",\"details\":\"Rampardos, L90, F\",\"condition\":\"0 fnt\",\"active\":false,\"stats\":{\"atk\":348,\"def\":159,\"spa\":168,\"spd\":141,\"spe\":156},\"moves\":[\"firepunch\",\"headsmash\",\"earthquake\",\"rockslide\"],\"baseAbility\":\"sheerforce\",\"item\":\"choicescarf\",\"pokeball\":\"pokeball\",\"ability\":\"sheerforce\",\"commanding\":false,\"reviving\":false,\"teraType\":\"Rock\",\"terastallized\":\"\"}]},\"rqid\":187}\n|inactive|Time left: 300 sec this turn | 300 sec total\n|\n|t:|1783392077\n|move|p1a: Corviknight|Roost|p1a: Corviknight\n|-heal|p1a: Corviknight|87/100\n|-singleturn|p1a: Corviknight|move: Roost\n|move|p2a: Dudunsparce|Boomburst|p1a: Corviknight\n|-resisted|p1a: Corviknight\n|-damage|p1a: Corviknight|60/100\n|\n|-heal|p2a: Dudunsparce|153/343|[from] item: Leftovers\n|upkeep\n|turn|90\n|request|{\"active\":[{\"moves\":[{\"move\":\"Toxic\",\"id\":\"toxic\",\"pp\":15,\"maxpp\":16,\"target\":\"normal\",\"disabled\":false},{\"move\":\"Boomburst\",\"id\":\"boomburst\",\"pp\":4,\"maxpp\":16,\"target\":\"allAdjacent\",\"disabled\":false},{\"move\":\"Earthquake\",\"id\":\"earthquake\",\"pp\":16,\"maxpp\":16,\"target\":\"allAdjacent\",\"disabled\":false},{\"move\":\"Roost\",\"id\":\"roost\",\"pp\":0,\"maxpp\":8,\"target\":\"self\",\"disabled\":true}],\"canTerastallize\":\"Ground\"}],\"side\":{\"name\":\"p0y0722144\",\"id\":\"p2\",\"pokemon\":[{\"ident\":\"p2: Dudunsparce\",\"details\":\"Dudunsparce-Three-Segment, L83, M\",\"condition\":\"153/343\",\"active\":true,\"stats\":{\"atk\":214,\"def\":180,\"spa\":189,\"spd\":172,\"spe\":139},\"moves\":[\"toxic\",\"boomburst\",\"earthquake\",\"roost\"],\"baseAbility\":\"rattled\",\"item\":\"leftovers\",\"pokeball\":\"pokeball\",\"ability\":\"rattled\",\"commanding\":false,\"reviving\":false,\"teraType\":\"Ground\",\"terastallized\":\"\"},{\"ident\":\"p2: Jirachi\",\"details\":\"Jirachi, L80\",\"condition\":\"0 fnt\",\"active\":false,\"stats\":{\"atk\":206,\"def\":206,\"spa\":206,\"spd\":206,\"spe\":206},\"moves\":[\"bodyslam\",\"wish\",\"ironhead\",\"protect\"],\"baseAbility\":\"serenegrace\",\"item\":\"leftovers\",\"pokeball\":\"pokeball\",\"ability\":\"serenegrace\",\"commanding\":false,\"reviving\":false,\"teraType\":\"Water\",\"terastallized\":\"\"},{\"ident\":\"p2: Venusaur\",\"details\":\"Venusaur, L84, M\",\"condition\":\"272/272\",\"active\":false,\"stats\":{\"atk\":142,\"def\":188,\"spa\":216,\"spd\":216,\"spe\":183},\"moves\":[\"synthesis\",\"earthpower\",\"sludgebomb\",\"sleeppowder\"],\"baseAbility\":\"chlorophyll\",\"item\":\"\",\"pokeball\":\"pokeball\",\"ability\":\"chlorophyll\",\"commanding\":false,\"reviving\":false,\"teraType\":\"Steel\",\"terastallized\":\"\"},{\"ident\":\"p2: Chesnaught\",\"details\":\"Chesnaught, L84, M\",\"condition\":\"165/285\",\"active\":false,\"stats\":{\"atk\":228,\"def\":253,\"spa\":173,\"spd\":174,\"spe\":156},\"moves\":[\"knockoff\",\"bodypress\",\"woodhammer\",\"synthesis\"],\"baseAbility\":\"bulletproof\",\"item\":\"rockyhelmet\",\"pokeball\":\"pokeball\",\"ability\":\"bulletproof\",\"commanding\":false,\"reviving\":false,\"teraType\":\"Steel\",\"terastallized\":\"\"},{\"ident\":\"p2: Weezing\",\"details\":\"Weezing, L88, F\",\"condition\":\"258/258\",\"active\":false,\"stats\":{\"atk\":163,\"def\":261,\"spa\":200,\"spd\":173,\"spe\":156},\"moves\":[\"fireblast\",\"painsplit\",\"sludgebomb\",\"willowisp\"],\"baseAbility\":\"levitate\",\"item\":\"leftovers\",\"pokeball\":\"pokeball\",\"ability\":\"levitate\",\"commanding\":false,\"reviving\":false,\"teraType\":\"Steel\",\"terastallized\":\"\"},{\"ident\":\"p2: Rampardos\",\"details\":\"Rampardos, L90, F\",\"condition\":\"0 fnt\",\"active\":false,\"stats\":{\"atk\":348,\"def\":159,\"spa\":168,\"spd\":141,\"spe\":156},\"moves\":[\"firepunch\",\"headsmash\",\"earthquake\",\"rockslide\"],\"baseAbility\":\"sheerforce\",\"item\":\"choicescarf\",\"pokeball\":\"pokeball\",\"ability\":\"sheerforce\",\"commanding\":false,\"reviving\":false,\"teraType\":\"Rock\",\"terastallized\":\"\"}]},\"rqid\":189}\n|inactive|Time left: 300 sec this turn | 300 sec total\n|\n|t:|1783392077\n|switch|p2a: Weezing|Weezing, L88, F|258/258\n|move|p1a: Corviknight|Brave Bird|p2a: Weezing\n|-damage|p2a: Weezing|179/258\n|-damage|p1a: Corviknight|51/100|[from] Recoil\n|\n|-heal|p2a: Weezing|195/258|[from] item: Leftovers\n|upkeep\n|turn|91\n|request|{\"active\":[{\"moves\":[{\"move\":\"Fire Blast\",\"id\":\"fireblast\",\"pp\":8,\"maxpp\":8,\"target\":\"normal\",\"disabled\":false},{\"move\":\"Pain Split\",\"id\":\"painsplit\",\"pp\":32,\"maxpp\":32,\"target\":\"normal\",\"disabled\":false},{\"move\":\"Sludge Bomb\",\"id\":\"sludgebomb\",\"pp\":16,\"maxpp\":16,\"target\":\"normal\",\"disabled\":false},{\"move\":\"Will-O-Wisp\",\"id\":\"willowisp\",\"pp\":24,\"maxpp\":24,\"target\":\"normal\",\"disabled\":false}],\"canTerastallize\":\"Steel\"}],\"side\":{\"name\":\"p0y0722144\",\"id\":\"p2\",\"pokemon\":[{\"ident\":\"p2: Weezing\",\"details\":\"Weezing, L88, F\",\"condition\":\"195/258\",\"active\":true,\"stats\":{\"atk\":163,\"def\":261,\"spa\":200,\"spd\":173,\"spe\":156},\"moves\":[\"fireblast\",\"painsplit\",\"sludgebomb\",\"willowisp\"],\"baseAbility\":\"levitate\",\"item\":\"leftovers\",\"pokeball\":\"pokeball\",\"ability\":\"levitate\",\"commanding\":false,\"reviving\":false,\"teraType\":\"Steel\",\"terastallized\":\"\"},{\"ident\":\"p2: Jirachi\",\"details\":\"Jirachi, L80\",\"condition\":\"0 fnt\",\"active\":false,\"stats\":{\"atk\":206,\"def\":206,\"spa\":206,\"spd\":206,\"spe\":206},\"moves\":[\"bodyslam\",\"wish\",\"ironhead\",\"protect\"],\"baseAbility\":\"serenegrace\",\"item\":\"leftovers\",\"pokeball\":\"pokeball\",\"ability\":\"serenegrace\",\"commanding\":false,\"reviving\":false,\"teraType\":\"Water\",\"terastallized\":\"\"},{\"ident\":\"p2: Venusaur\",\"details\":\"Venusaur, L84, M\",\"condition\":\"272/272\",\"active\":false,\"stats\":{\"atk\":142,\"def\":188,\"spa\":216,\"spd\":216,\"spe\":183},\"moves\":[\"synthesis\",\"earthpower\",\"sludgebomb\",\"sleeppowder\"],\"baseAbility\":\"chlorophyll\",\"item\":\"\",\"pokeball\":\"pokeball\",\"ability\":\"chlorophyll\",\"commanding\":false,\"reviving\":false,\"teraType\":\"Steel\",\"terastallized\":\"\"},{\"ident\":\"p2: Chesnaught\",\"details\":\"Chesnaught, L84, M\",\"condition\":\"165/285\",\"active\":false,\"stats\":{\"atk\":228,\"def\":253,\"spa\":173,\"spd\":174,\"spe\":156},\"moves\":[\"knockoff\",\"bodypress\",\"woodhammer\",\"synthesis\"],\"baseAbility\":\"bulletproof\",\"item\":\"rockyhelmet\",\"pokeball\":\"pokeball\",\"ability\":\"bulletproof\",\"commanding\":false,\"reviving\":false,\"teraType\":\"Steel\",\"terastallized\":\"\"},{\"ident\":\"p2: Dudunsparce\",\"details\":\"Dudunsparce-Three-Segment, L83, M\",\"condition\":\"153/343\",\"active\":false,\"stats\":{\"atk\":214,\"def\":180,\"spa\":189,\"spd\":172,\"spe\":139},\"moves\":[\"toxic\",\"boomburst\",\"earthquake\",\"roost\"],\"baseAbility\":\"rattled\",\"item\":\"leftovers\",\"pokeball\":\"pokeball\",\"ability\":\"rattled\",\"commanding\":false,\"reviving\":false,\"teraType\":\"Ground\",\"terastallized\":\"\"},{\"ident\":\"p2: Rampardos\",\"details\":\"Rampardos, L90, F\",\"condition\":\"0 fnt\",\"active\":false,\"stats\":{\"atk\":348,\"def\":159,\"spa\":168,\"spd\":141,\"spe\":156},\"moves\":[\"firepunch\",\"headsmash\",\"earthquake\",\"rockslide\"],\"baseAbility\":\"sheerforce\",\"item\":\"choicescarf\",\"pokeball\":\"pokeball\",\"ability\":\"sheerforce\",\"commanding\":false,\"reviving\":false,\"teraType\":\"Rock\",\"terastallized\":\"\"}]},\"rqid\":191}\n|inactive|Time left: 300 sec this turn | 300 sec total\n|\n|t:|1783392077\n|switch|p1a: Rotom|Rotom-Heat, L83|40/100\n|move|p2a: Weezing|Fire Blast|p1a: Rotom\n|-resisted|p1a: Rotom\n|-damage|p1a: Rotom|26/100\n|\n|-heal|p2a: Weezing|211/258|[from] item: Leftovers\n|upkeep\n|turn|92\n|request|{\"active\":[{\"moves\":[{\"move\":\"Fire Blast\",\"id\":\"fireblast\",\"pp\":7,\"maxpp\":8,\"target\":\"normal\",\"disabled\":false},{\"move\":\"Pain Split\",\"id\":\"painsplit\",\"pp\":32,\"maxpp\":32,\"target\":\"normal\",\"disabled\":false},{\"move\":\"Sludge Bomb\",\"id\":\"sludgebomb\",\"pp\":16,\"maxpp\":16,\"target\":\"normal\",\"disabled\":false},{\"move\":\"Will-O-Wisp\",\"id\":\"willowisp\",\"pp\":24,\"maxpp\":24,\"target\":\"normal\",\"disabled\":false}],\"canTerastallize\":\"Steel\"}],\"side\":{\"name\":\"p0y0722144\",\"id\":\"p2\",\"pokemon\":[{\"ident\":\"p2: Weezing\",\"details\":\"Weezing, L88, F\",\"condition\":\"211/258\",\"active\":true,\"stats\":{\"atk\":163,\"def\":261,\"spa\":200,\"spd\":173,\"spe\":156},\"moves\":[\"fireblast\",\"painsplit\",\"sludgebomb\",\"willowisp\"],\"baseAbility\":\"levitate\",\"item\":\"leftovers\",\"pokeball\":\"pokeball\",\"ability\":\"levitate\",\"commanding\":false,\"reviving\":false,\"teraType\":\"Steel\",\"terastallized\":\"\"},{\"ident\":\"p2: Jirachi\",\"details\":\"Jirachi, L80\",\"condition\":\"0 fnt\",\"active\":false,\"stats\":{\"atk\":206,\"def\":206,\"spa\":206,\"spd\":206,\"spe\":206},\"moves\":[\"bodyslam\",\"wish\",\"ironhead\",\"protect\"],\"baseAbility\":\"serenegrace\",\"item\":\"leftovers\",\"pokeball\":\"pokeball\",\"ability\":\"serenegrace\",\"commanding\":false,\"reviving\":false,\"teraType\":\"Water\",\"terastallized\":\"\"},{\"ident\":\"p2: Venusaur\",\"details\":\"Venusaur, L84, M\",\"condition\":\"272/272\",\"active\":false,\"stats\":{\"atk\":142,\"def\":188,\"spa\":216,\"spd\":216,\"spe\":183},\"moves\":[\"synthesis\",\"earthpower\",\"sludgebomb\",\"sleeppowder\"],\"baseAbility\":\"chlorophyll\",\"item\":\"\",\"pokeball\":\"pokeball\",\"ability\":\"chlorophyll\",\"commanding\":false,\"reviving\":false,\"teraType\":\"Steel\",\"terastallized\":\"\"},{\"ident\":\"p2: Chesnaught\",\"details\":\"Chesnaught, L84, M\",\"condition\":\"165/285\",\"active\":false,\"stats\":{\"atk\":228,\"def\":253,\"spa\":173,\"spd\":174,\"spe\":156},\"moves\":[\"knockoff\",\"bodypress\",\"woodhammer\",\"synthesis\"],\"baseAbility\":\"bulletproof\",\"item\":\"rockyhelmet\",\"pokeball\":\"pokeball\",\"ability\":\"bulletproof\",\"commanding\":false,\"reviving\":false,\"teraType\":\"Steel\",\"terastallized\":\"\"},{\"ident\":\"p2: Dudunsparce\",\"details\":\"Dudunsparce-Three-Segment, L83, M\",\"condition\":\"153/343\",\"active\":false,\"stats\":{\"atk\":214,\"def\":180,\"spa\":189,\"spd\":172,\"spe\":139},\"moves\":[\"toxic\",\"boomburst\",\"earthquake\",\"roost\"],\"baseAbility\":\"rattled\",\"item\":\"leftovers\",\"pokeball\":\"pokeball\",\"ability\":\"rattled\",\"commanding\":false,\"reviving\":false,\"teraType\":\"Ground\",\"terastallized\":\"\"},{\"ident\":\"p2: Rampardos\",\"details\":\"Rampardos, L90, F\",\"condition\":\"0 fnt\",\"active\":false,\"stats\":{\"atk\":348,\"def\":159,\"spa\":168,\"spd\":141,\"spe\":156},\"moves\":[\"firepunch\",\"headsmash\",\"earthquake\",\"rockslide\"],\"baseAbility\":\"sheerforce\",\"item\":\"choicescarf\",\"pokeball\":\"pokeball\",\"ability\":\"sheerforce\",\"commanding\":false,\"reviving\":false,\"teraType\":\"Rock\",\"terastallized\":\"\"}]},\"rqid\":193}\n|inactive|Time left: 300 sec this turn | 300 sec total\n|\n|t:|1783392078\n|move|p1a: Rotom|Pain Split|p2a: Weezing\n|-sethp|p2a: Weezing|133/258|[from] move: Pain Split|[silent]\n|-sethp|p1a: Rotom|61/100|[from] move: Pain Split\n|move|p2a: Weezing|Sludge Bomb|p1a: Rotom\n|-damage|p1a: Rotom|20/100\n|\n|-heal|p2a: Weezing|149/258|[from] item: Leftovers\n|upkeep\n|turn|93\n|request|{\"active\":[{\"moves\":[{\"move\":\"Fire Blast\",\"id\":\"fireblast\",\"pp\":7,\"maxpp\":8,\"target\":\"normal\",\"disabled\":false},{\"move\":\"Pain Split\",\"id\":\"painsplit\",\"pp\":32,\"maxpp\":32,\"target\":\"normal\",\"disabled\":false},{\"move\":\"Sludge Bomb\",\"id\":\"sludgebomb\",\"pp\":15,\"maxpp\":16,\"target\":\"normal\",\"disabled\":false},{\"move\":\"Will-O-Wisp\",\"id\":\"willowisp\",\"pp\":24,\"maxpp\":24,\"target\":\"normal\",\"disabled\":false}],\"canTerastallize\":\"Steel\"}],\"side\":{\"name\":\"p0y0722144\",\"id\":\"p2\",\"pokemon\":[{\"ident\":\"p2: Weezing\",\"details\":\"Weezing, L88, F\",\"condition\":\"149/258\",\"active\":true,\"stats\":{\"atk\":163,\"def\":261,\"spa\":200,\"spd\":173,\"spe\":156},\"moves\":[\"fireblast\",\"painsplit\",\"sludgebomb\",\"willowisp\"],\"baseAbility\":\"levitate\",\"item\":\"leftovers\",\"pokeball\":\"pokeball\",\"ability\":\"levitate\",\"commanding\":false,\"reviving\":false,\"teraType\":\"Steel\",\"terastallized\":\"\"},{\"ident\":\"p2: Jirachi\",\"details\":\"Jirachi, L80\",\"condition\":\"0 fnt\",\"active\":false,\"stats\":{\"atk\":206,\"def\":206,\"spa\":206,\"spd\":206,\"spe\":206},\"moves\":[\"bodyslam\",\"wish\",\"ironhead\",\"protect\"],\"baseAbility\":\"serenegrace\",\"item\":\"leftovers\",\"pokeball\":\"pokeball\",\"ability\":\"serenegrace\",\"commanding\":false,\"reviving\":false,\"teraType\":\"Water\",\"terastallized\":\"\"},{\"ident\":\"p2: Venusaur\",\"details\":\"Venusaur, L84, M\",\"condition\":\"272/272\",\"active\":false,\"stats\":{\"atk\":142,\"def\":188,\"spa\":216,\"spd\":216,\"spe\":183},\"moves\":[\"synthesis\",\"earthpower\",\"sludgebomb\",\"sleeppowder\"],\"baseAbility\":\"chlorophyll\",\"item\":\"\",\"pokeball\":\"pokeball\",\"ability\":\"chlorophyll\",\"commanding\":false,\"reviving\":false,\"teraType\":\"Steel\",\"terastallized\":\"\"},{\"ident\":\"p2: Chesnaught\",\"details\":\"Chesnaught, L84, M\",\"condition\":\"165/285\",\"active\":false,\"stats\":{\"atk\":228,\"def\":253,\"spa\":173,\"spd\":174,\"spe\":156},\"moves\":[\"knockoff\",\"bodypress\",\"woodhammer\",\"synthesis\"],\"baseAbility\":\"bulletproof\",\"item\":\"rockyhelmet\",\"pokeball\":\"pokeball\",\"ability\":\"bulletproof\",\"commanding\":false,\"reviving\":false,\"teraType\":\"Steel\",\"terastallized\":\"\"},{\"ident\":\"p2: Dudunsparce\",\"details\":\"Dudunsparce-Three-Segment, L83, M\",\"condition\":\"153/343\",\"active\":false,\"stats\":{\"atk\":214,\"def\":180,\"spa\":189,\"spd\":172,\"spe\":139},\"moves\":[\"toxic\",\"boomburst\",\"earthquake\",\"roost\"],\"baseAbility\":\"rattled\",\"item\":\"leftovers\",\"pokeball\":\"pokeball\",\"ability\":\"rattled\",\"commanding\":false,\"reviving\":false,\"teraType\":\"Ground\",\"terastallized\":\"\"},{\"ident\":\"p2: Rampardos\",\"details\":\"Rampardos, L90, F\",\"condition\":\"0 fnt\",\"active\":false,\"stats\":{\"atk\":348,\"def\":159,\"spa\":168,\"spd\":141,\"spe\":156},\"moves\":[\"firepunch\",\"headsmash\",\"earthquake\",\"rockslide\"],\"baseAbility\":\"sheerforce\",\"item\":\"choicescarf\",\"pokeball\":\"pokeball\",\"ability\":\"sheerforce\",\"commanding\":false,\"reviving\":false,\"teraType\":\"Rock\",\"terastallized\":\"\"}]},\"rqid\":195}\n|inactive|Time left: 300 sec this turn | 300 sec total\n|\n|t:|1783392078\n|move|p1a: Rotom|Overheat|p2a: Weezing|[miss]\n|-miss|p1a: Rotom|p2a: Weezing\n|move|p2a: Weezing|Sludge Bomb|p1a: Rotom\n|-damage|p1a: Rotom|0 fnt\n|faint|p1a: Rotom\n|\n|-heal|p2a: Weezing|165/258|[from] item: Leftovers\n|upkeep\n|request|{\"wait\":true,\"side\":{\"name\":\"p0y0722144\",\"id\":\"p2\",\"pokemon\":[{\"ident\":\"p2: Weezing\",\"details\":\"Weezing, L88, F\",\"condition\":\"165/258\",\"active\":true,\"stats\":{\"atk\":163,\"def\":261,\"spa\":200,\"spd\":173,\"spe\":156},\"moves\":[\"fireblast\",\"painsplit\",\"sludgebomb\",\"willowisp\"],\"baseAbility\":\"levitate\",\"item\":\"leftovers\",\"pokeball\":\"pokeball\",\"ability\":\"levitate\",\"commanding\":false,\"reviving\":false,\"teraType\":\"Steel\",\"terastallized\":\"\"},{\"ident\":\"p2: Jirachi\",\"details\":\"Jirachi, L80\",\"condition\":\"0 fnt\",\"active\":false,\"stats\":{\"atk\":206,\"def\":206,\"spa\":206,\"spd\":206,\"spe\":206},\"moves\":[\"bodyslam\",\"wish\",\"ironhead\",\"protect\"],\"baseAbility\":\"serenegrace\",\"item\":\"leftovers\",\"pokeball\":\"pokeball\",\"ability\":\"serenegrace\",\"commanding\":false,\"reviving\":false,\"teraType\":\"Water\",\"terastallized\":\"\"},{\"ident\":\"p2: Venusaur\",\"details\":\"Venusaur, L84, M\",\"condition\":\"272/272\",\"active\":false,\"stats\":{\"atk\":142,\"def\":188,\"spa\":216,\"spd\":216,\"spe\":183},\"moves\":[\"synthesis\",\"earthpower\",\"sludgebomb\",\"sleeppowder\"],\"baseAbility\":\"chlorophyll\",\"item\":\"\",\"pokeball\":\"pokeball\",\"ability\":\"chlorophyll\",\"commanding\":false,\"reviving\":false,\"teraType\":\"Steel\",\"terastallized\":\"\"},{\"ident\":\"p2: Chesnaught\",\"details\":\"Chesnaught, L84, M\",\"condition\":\"165/285\",\"active\":false,\"stats\":{\"atk\":228,\"def\":253,\"spa\":173,\"spd\":174,\"spe\":156},\"moves\":[\"knockoff\",\"bodypress\",\"woodhammer\",\"synthesis\"],\"baseAbility\":\"bulletproof\",\"item\":\"rockyhelmet\",\"pokeball\":\"pokeball\",\"ability\":\"bulletproof\",\"commanding\":false,\"reviving\":false,\"teraType\":\"Steel\",\"terastallized\":\"\"},{\"ident\":\"p2: Dudunsparce\",\"details\":\"Dudunsparce-Three-Segment, L83, M\",\"condition\":\"153/343\",\"active\":false,\"stats\":{\"atk\":214,\"def\":180,\"spa\":189,\"spd\":172,\"spe\":139},\"moves\":[\"toxic\",\"boomburst\",\"earthquake\",\"roost\"],\"baseAbility\":\"rattled\",\"item\":\"leftovers\",\"pokeball\":\"pokeball\",\"ability\":\"rattled\",\"commanding\":false,\"reviving\":false,\"teraType\":\"Ground\",\"terastallized\":\"\"},{\"ident\":\"p2: Rampardos\",\"details\":\"Rampardos, L90, F\",\"condition\":\"0 fnt\",\"active\":false,\"stats\":{\"atk\":348,\"def\":159,\"spa\":168,\"spd\":141,\"spe\":156},\"moves\":[\"firepunch\",\"headsmash\",\"earthquake\",\"rockslide\"],\"baseAbility\":\"sheerforce\",\"item\":\"choicescarf\",\"pokeball\":\"pokeball\",\"ability\":\"sheerforce\",\"commanding\":false,\"reviving\":false,\"teraType\":\"Rock\",\"terastallized\":\"\"}]},\"rqid\":197}\n|\n|t:|1783392078\n|switch|p1a: Blissey|Blissey, L85, F|100/100\n|turn|94\n|request|{\"active\":[{\"moves\":[{\"move\":\"Fire Blast\",\"id\":\"fireblast\",\"pp\":7,\"maxpp\":8,\"target\":\"normal\",\"disabled\":false},{\"move\":\"Pain Split\",\"id\":\"painsplit\",\"pp\":32,\"maxpp\":32,\"target\":\"normal\",\"disabled\":false},{\"move\":\"Sludge Bomb\",\"id\":\"sludgebomb\",\"pp\":14,\"maxpp\":16,\"target\":\"normal\",\"disabled\":false},{\"move\":\"Will-O-Wisp\",\"id\":\"willowisp\",\"pp\":24,\"maxpp\":24,\"target\":\"normal\",\"disabled\":false}],\"canTerastallize\":\"Steel\"}],\"side\":{\"name\":\"p0y0722144\",\"id\":\"p2\",\"pokemon\":[{\"ident\":\"p2: Weezing\",\"details\":\"Weezing, L88, F\",\"condition\":\"165/258\",\"active\":true,\"stats\":{\"atk\":163,\"def\":261,\"spa\":200,\"spd\":173,\"spe\":156},\"moves\":[\"fireblast\",\"painsplit\",\"sludgebomb\",\"willowisp\"],\"baseAbility\":\"levitate\",\"item\":\"leftovers\",\"pokeball\":\"pokeball\",\"ability\":\"levitate\",\"commanding\":false,\"reviving\":false,\"teraType\":\"Steel\",\"terastallized\":\"\"},{\"ident\":\"p2: Jirachi\",\"details\":\"Jirachi, L80\",\"condition\":\"0 fnt\",\"active\":false,\"stats\":{\"atk\":206,\"def\":206,\"spa\":206,\"spd\":206,\"spe\":206},\"moves\":[\"bodyslam\",\"wish\",\"ironhead\",\"protect\"],\"baseAbility\":\"serenegrace\",\"item\":\"leftovers\",\"pokeball\":\"pokeball\",\"ability\":\"serenegrace\",\"commanding\":false,\"reviving\":false,\"teraType\":\"Water\",\"terastallized\":\"\"},{\"ident\":\"p2: Venusaur\",\"details\":\"Venusaur, L84, M\",\"condition\":\"272/272\",\"active\":false,\"stats\":{\"atk\":142,\"def\":188,\"spa\":216,\"spd\":216,\"spe\":183},\"moves\":[\"synthesis\",\"earthpower\",\"sludgebomb\",\"sleeppowder\"],\"baseAbility\":\"chlorophyll\",\"item\":\"\",\"pokeball\":\"pokeball\",\"ability\":\"chlorophyll\",\"commanding\":false,\"reviving\":false,\"teraType\":\"Steel\",\"terastallized\":\"\"},{\"ident\":\"p2: Chesnaught\",\"details\":\"Chesnaught, L84, M\",\"condition\":\"165/285\",\"active\":false,\"stats\":{\"atk\":228,\"def\":253,\"spa\":173,\"spd\":174,\"spe\":156},\"moves\":[\"knockoff\",\"bodypress\",\"woodhammer\",\"synthesis\"],\"baseAbility\":\"bulletproof\",\"item\":\"rockyhelmet\",\"pokeball\":\"pokeball\",\"ability\":\"bulletproof\",\"commanding\":false,\"reviving\":false,\"teraType\":\"Steel\",\"terastallized\":\"\"},{\"ident\":\"p2: Dudunsparce\",\"details\":\"Dudunsparce-Three-Segment, L83, M\",\"condition\":\"153/343\",\"active\":false,\"stats\":{\"atk\":214,\"def\":180,\"spa\":189,\"spd\":172,\"spe\":139},\"moves\":[\"toxic\",\"boomburst\",\"earthquake\",\"roost\"],\"baseAbility\":\"rattled\",\"item\":\"leftovers\",\"pokeball\":\"pokeball\",\"ability\":\"rattled\",\"commanding\":false,\"reviving\":false,\"teraType\":\"Ground\",\"terastallized\":\"\"},{\"ident\":\"p2: Rampardos\",\"details\":\"Rampardos, L90, F\",\"condition\":\"0 fnt\",\"active\":false,\"stats\":{\"atk\":348,\"def\":159,\"spa\":168,\"spd\":141,\"spe\":156},\"moves\":[\"firepunch\",\"headsmash\",\"earthquake\",\"rockslide\"],\"baseAbility\":\"sheerforce\",\"item\":\"choicescarf\",\"pokeball\":\"pokeball\",\"ability\":\"sheerforce\",\"commanding\":false,\"reviving\":false,\"teraType\":\"Rock\",\"terastallized\":\"\"}]},\"rqid\":199}\n|inactive|Time left: 300 sec this turn | 300 sec total\n|\n|t:|1783392078\n|switch|p1a: Umbreon|Umbreon, L84, F|21/100 slp\n|move|p2a: Weezing|Sludge Bomb|p1a: Umbreon\n|-damage|p1a: Umbreon|0 fnt\n|faint|p1a: Umbreon\n|\n|-heal|p2a: Weezing|181/258|[from] item: Leftovers\n|upkeep\n|request|{\"wait\":true,\"side\":{\"name\":\"p0y0722144\",\"id\":\"p2\",\"pokemon\":[{\"ident\":\"p2: Weezing\",\"details\":\"Weezing, L88, F\",\"condition\":\"181/258\",\"active\":true,\"stats\":{\"atk\":163,\"def\":261,\"spa\":200,\"spd\":173,\"spe\":156},\"moves\":[\"fireblast\",\"painsplit\",\"sludgebomb\",\"willowisp\"],\"baseAbility\":\"levitate\",\"item\":\"leftovers\",\"pokeball\":\"pokeball\",\"ability\":\"levitate\",\"commanding\":false,\"reviving\":false,\"teraType\":\"Steel\",\"terastallized\":\"\"},{\"ident\":\"p2: Jirachi\",\"details\":\"Jirachi, L80\",\"condition\":\"0 fnt\",\"active\":false,\"stats\":{\"atk\":206,\"def\":206,\"spa\":206,\"spd\":206,\"spe\":206},\"moves\":[\"bodyslam\",\"wish\",\"ironhead\",\"protect\"],\"baseAbility\":\"serenegrace\",\"item\":\"leftovers\",\"pokeball\":\"pokeball\",\"ability\":\"serenegrace\",\"commanding\":false,\"reviving\":false,\"teraType\":\"Water\",\"terastallized\":\"\"},{\"ident\":\"p2: Venusaur\",\"details\":\"Venusaur, L84, M\",\"condition\":\"272/272\",\"active\":false,\"stats\":{\"atk\":142,\"def\":188,\"spa\":216,\"spd\":216,\"spe\":183},\"moves\":[\"synthesis\",\"earthpower\",\"sludgebomb\",\"sleeppowder\"],\"baseAbility\":\"chlorophyll\",\"item\":\"\",\"pokeball\":\"pokeball\",\"ability\":\"chlorophyll\",\"commanding\":false,\"reviving\":false,\"teraType\":\"Steel\",\"terastallized\":\"\"},{\"ident\":\"p2: Chesnaught\",\"details\":\"Chesnaught, L84, M\",\"condition\":\"165/285\",\"active\":false,\"stats\":{\"atk\":228,\"def\":253,\"spa\":173,\"spd\":174,\"spe\":156},\"moves\":[\"knockoff\",\"bodypress\",\"woodhammer\",\"synthesis\"],\"baseAbility\":\"bulletproof\",\"item\":\"rockyhelmet\",\"pokeball\":\"pokeball\",\"ability\":\"bulletproof\",\"commanding\":false,\"reviving\":false,\"teraType\":\"Steel\",\"terastallized\":\"\"},{\"ident\":\"p2: Dudunsparce\",\"details\":\"Dudunsparce-Three-Segment, L83, M\",\"condition\":\"153/343\",\"active\":false,\"stats\":{\"atk\":214,\"def\":180,\"spa\":189,\"spd\":172,\"spe\":139},\"moves\":[\"toxic\",\"boomburst\",\"earthquake\",\"roost\"],\"baseAbility\":\"rattled\",\"item\":\"leftovers\",\"pokeball\":\"pokeball\",\"ability\":\"rattled\",\"commanding\":false,\"reviving\":false,\"teraType\":\"Ground\",\"terastallized\":\"\"},{\"ident\":\"p2: Rampardos\",\"details\":\"Rampardos, L90, F\",\"condition\":\"0 fnt\",\"active\":false,\"stats\":{\"atk\":348,\"def\":159,\"spa\":168,\"spd\":141,\"spe\":156},\"moves\":[\"firepunch\",\"headsmash\",\"earthquake\",\"rockslide\"],\"baseAbility\":\"sheerforce\",\"item\":\"choicescarf\",\"pokeball\":\"pokeball\",\"ability\":\"sheerforce\",\"commanding\":false,\"reviving\":false,\"teraType\":\"Rock\",\"terastallized\":\"\"}]},\"rqid\":201}\n|\n|t:|1783392079\n|switch|p1a: Corviknight|Corviknight, L80, M|51/100\n|turn|95\n|request|{\"active\":[{\"moves\":[{\"move\":\"Fire Blast\",\"id\":\"fireblast\",\"pp\":7,\"maxpp\":8,\"target\":\"normal\",\"disabled\":false},{\"move\":\"Pain Split\",\"id\":\"painsplit\",\"pp\":32,\"maxpp\":32,\"target\":\"normal\",\"disabled\":false},{\"move\":\"Sludge Bomb\",\"id\":\"sludgebomb\",\"pp\":13,\"maxpp\":16,\"target\":\"normal\",\"disabled\":false},{\"move\":\"Will-O-Wisp\",\"id\":\"willowisp\",\"pp\":24,\"maxpp\":24,\"target\":\"normal\",\"disabled\":false}],\"canTerastallize\":\"Steel\"}],\"side\":{\"name\":\"p0y0722144\",\"id\":\"p2\",\"pokemon\":[{\"ident\":\"p2: Weezing\",\"details\":\"Weezing, L88, F\",\"condition\":\"181/258\",\"active\":true,\"stats\":{\"atk\":163,\"def\":261,\"spa\":200,\"spd\":173,\"spe\":156},\"moves\":[\"fireblast\",\"painsplit\",\"sludgebomb\",\"willowisp\"],\"baseAbility\":\"levitate\",\"item\":\"leftovers\",\"pokeball\":\"pokeball\",\"ability\":\"levitate\",\"commanding\":false,\"reviving\":false,\"teraType\":\"Steel\",\"terastallized\":\"\"},{\"ident\":\"p2: Jirachi\",\"details\":\"Jirachi, L80\",\"condition\":\"0 fnt\",\"active\":false,\"stats\":{\"atk\":206,\"def\":206,\"spa\":206,\"spd\":206,\"spe\":206},\"moves\":[\"bodyslam\",\"wish\",\"ironhead\",\"protect\"],\"baseAbility\":\"serenegrace\",\"item\":\"leftovers\",\"pokeball\":\"pokeball\",\"ability\":\"serenegrace\",\"commanding\":false,\"reviving\":false,\"teraType\":\"Water\",\"terastallized\":\"\"},{\"ident\":\"p2: Venusaur\",\"details\":\"Venusaur, L84, M\",\"condition\":\"272/272\",\"active\":false,\"stats\":{\"atk\":142,\"def\":188,\"spa\":216,\"spd\":216,\"spe\":183},\"moves\":[\"synthesis\",\"earthpower\",\"sludgebomb\",\"sleeppowder\"],\"baseAbility\":\"chlorophyll\",\"item\":\"\",\"pokeball\":\"pokeball\",\"ability\":\"chlorophyll\",\"commanding\":false,\"reviving\":false,\"teraType\":\"Steel\",\"terastallized\":\"\"},{\"ident\":\"p2: Chesnaught\",\"details\":\"Chesnaught, L84, M\",\"condition\":\"165/285\",\"active\":false,\"stats\":{\"atk\":228,\"def\":253,\"spa\":173,\"spd\":174,\"spe\":156},\"moves\":[\"knockoff\",\"bodypress\",\"woodhammer\",\"synthesis\"],\"baseAbility\":\"bulletproof\",\"item\":\"rockyhelmet\",\"pokeball\":\"pokeball\",\"ability\":\"bulletproof\",\"commanding\":false,\"reviving\":false,\"teraType\":\"Steel\",\"terastallized\":\"\"},{\"ident\":\"p2: Dudunsparce\",\"details\":\"Dudunsparce-Three-Segment, L83, M\",\"condition\":\"153/343\",\"active\":false,\"stats\":{\"atk\":214,\"def\":180,\"spa\":189,\"spd\":172,\"spe\":139},\"moves\":[\"toxic\",\"boomburst\",\"earthquake\",\"roost\"],\"baseAbility\":\"rattled\",\"item\":\"leftovers\",\"pokeball\":\"pokeball\",\"ability\":\"rattled\",\"commanding\":false,\"reviving\":false,\"teraType\":\"Ground\",\"terastallized\":\"\"},{\"ident\":\"p2: Rampardos\",\"details\":\"Rampardos, L90, F\",\"condition\":\"0 fnt\",\"active\":false,\"stats\":{\"atk\":348,\"def\":159,\"spa\":168,\"spd\":141,\"spe\":156},\"moves\":[\"firepunch\",\"headsmash\",\"earthquake\",\"rockslide\"],\"baseAbility\":\"sheerforce\",\"item\":\"choicescarf\",\"pokeball\":\"pokeball\",\"ability\":\"sheerforce\",\"commanding\":false,\"reviving\":false,\"teraType\":\"Rock\",\"terastallized\":\"\"}]},\"rqid\":203}\n|inactive|Time left: 300 sec this turn | 300 sec total\n|\n|t:|1783392079\n|switch|p1a: Blissey|Blissey, L85, F|100/100\n|move|p2a: Weezing|Fire Blast|p1a: Blissey\n|-damage|p1a: Blissey|91/100\n|\n|-heal|p2a: Weezing|197/258|[from] item: Leftovers\n|-heal|p1a: Blissey|97/100|[from] item: Leftovers\n|upkeep\n|turn|96\n|request|{\"active\":[{\"moves\":[{\"move\":\"Fire Blast\",\"id\":\"fireblast\",\"pp\":6,\"maxpp\":8,\"target\":\"normal\",\"disabled\":false},{\"move\":\"Pain Split\",\"id\":\"painsplit\",\"pp\":32,\"maxpp\":32,\"target\":\"normal\",\"disabled\":false},{\"move\":\"Sludge Bomb\",\"id\":\"sludgebomb\",\"pp\":13,\"maxpp\":16,\"target\":\"normal\",\"disabled\":false},{\"move\":\"Will-O-Wisp\",\"id\":\"willowisp\",\"pp\":24,\"maxpp\":24,\"target\":\"normal\",\"disabled\":false}],\"canTerastallize\":\"Steel\"}],\"side\":{\"name\":\"p0y0722144\",\"id\":\"p2\",\"pokemon\":[{\"ident\":\"p2: Weezing\",\"details\":\"Weezing, L88, F\",\"condition\":\"197/258\",\"active\":true,\"stats\":{\"atk\":163,\"def\":261,\"spa\":200,\"spd\":173,\"spe\":156},\"moves\":[\"fireblast\",\"painsplit\",\"sludgebomb\",\"willowisp\"],\"baseAbility\":\"levitate\",\"item\":\"leftovers\",\"pokeball\":\"pokeball\",\"ability\":\"levitate\",\"commanding\":false,\"reviving\":false,\"teraType\":\"Steel\",\"terastallized\":\"\"},{\"ident\":\"p2: Jirachi\",\"details\":\"Jirachi, L80\",\"condition\":\"0 fnt\",\"active\":false,\"stats\":{\"atk\":206,\"def\":206,\"spa\":206,\"spd\":206,\"spe\":206},\"moves\":[\"bodyslam\",\"wish\",\"ironhead\",\"protect\"],\"baseAbility\":\"serenegrace\",\"item\":\"leftovers\",\"pokeball\":\"pokeball\",\"ability\":\"serenegrace\",\"commanding\":false,\"reviving\":false,\"teraType\":\"Water\",\"terastallized\":\"\"},{\"ident\":\"p2: Venusaur\",\"details\":\"Venusaur, L84, M\",\"condition\":\"272/272\",\"active\":false,\"stats\":{\"atk\":142,\"def\":188,\"spa\":216,\"spd\":216,\"spe\":183},\"moves\":[\"synthesis\",\"earthpower\",\"sludgebomb\",\"sleeppowder\"],\"baseAbility\":\"chlorophyll\",\"item\":\"\",\"pokeball\":\"pokeball\",\"ability\":\"chlorophyll\",\"commanding\":false,\"reviving\":false,\"teraType\":\"Steel\",\"terastallized\":\"\"},{\"ident\":\"p2: Chesnaught\",\"details\":\"Chesnaught, L84, M\",\"condition\":\"165/285\",\"active\":false,\"stats\":{\"atk\":228,\"def\":253,\"spa\":173,\"spd\":174,\"spe\":156},\"moves\":[\"knockoff\",\"bodypress\",\"woodhammer\",\"synthesis\"],\"baseAbility\":\"bulletproof\",\"item\":\"rockyhelmet\",\"pokeball\":\"pokeball\",\"ability\":\"bulletproof\",\"commanding\":false,\"reviving\":false,\"teraType\":\"Steel\",\"terastallized\":\"\"},{\"ident\":\"p2: Dudunsparce\",\"details\":\"Dudunsparce-Three-Segment, L83, M\",\"condition\":\"153/343\",\"active\":false,\"stats\":{\"atk\":214,\"def\":180,\"spa\":189,\"spd\":172,\"spe\":139},\"moves\":[\"toxic\",\"boomburst\",\"earthquake\",\"roost\"],\"baseAbility\":\"rattled\",\"item\":\"leftovers\",\"pokeball\":\"pokeball\",\"ability\":\"rattled\",\"commanding\":false,\"reviving\":false,\"teraType\":\"Ground\",\"terastallized\":\"\"},{\"ident\":\"p2: Rampardos\",\"details\":\"Rampardos, L90, F\",\"condition\":\"0 fnt\",\"active\":false,\"stats\":{\"atk\":348,\"def\":159,\"spa\":168,\"spd\":141,\"spe\":156},\"moves\":[\"firepunch\",\"headsmash\",\"earthquake\",\"rockslide\"],\"baseAbility\":\"sheerforce\",\"item\":\"choicescarf\",\"pokeball\":\"pokeball\",\"ability\":\"sheerforce\",\"commanding\":false,\"reviving\":false,\"teraType\":\"Rock\",\"terastallized\":\"\"}]},\"rqid\":205}\n|inactive|Time left: 300 sec this turn | 300 sec total\n|\n|t:|1783392079\n|switch|p1a: Corviknight|Corviknight, L80, M|51/100\n|move|p2a: Weezing|Pain Split|p1a: Corviknight\n|-sethp|p1a: Corviknight|60/100|[from] move: Pain Split|[silent]\n|-sethp|p2a: Weezing|171/258|[from] move: Pain Split\n|\n|-heal|p2a: Weezing|187/258|[from] item: Leftovers\n|upkeep\n|turn|97\n|request|{\"active\":[{\"moves\":[{\"move\":\"Fire Blast\",\"id\":\"fireblast\",\"pp\":6,\"maxpp\":8,\"target\":\"normal\",\"disabled\":false},{\"move\":\"Pain Split\",\"id\":\"painsplit\",\"pp\":31,\"maxpp\":32,\"target\":\"normal\",\"disabled\":false},{\"move\":\"Sludge Bomb\",\"id\":\"sludgebomb\",\"pp\":13,\"maxpp\":16,\"target\":\"normal\",\"disabled\":false},{\"move\":\"Will-O-Wisp\",\"id\":\"willowisp\",\"pp\":24,\"maxpp\":24,\"target\":\"normal\",\"disabled\":false}],\"canTerastallize\":\"Steel\"}],\"side\":{\"name\":\"p0y0722144\",\"id\":\"p2\",\"pokemon\":[{\"ident\":\"p2: Weezing\",\"details\":\"Weezing, L88, F\",\"condition\":\"187/258\",\"active\":true,\"stats\":{\"atk\":163,\"def\":261,\"spa\":200,\"spd\":173,\"spe\":156},\"moves\":[\"fireblast\",\"painsplit\",\"sludgebomb\",\"willowisp\"],\"baseAbility\":\"levitate\",\"item\":\"leftovers\",\"pokeball\":\"pokeball\",\"ability\":\"levitate\",\"commanding\":false,\"reviving\":false,\"teraType\":\"Steel\",\"terastallized\":\"\"},{\"ident\":\"p2: Jirachi\",\"details\":\"Jirachi, L80\",\"condition\":\"0 fnt\",\"active\":false,\"stats\":{\"atk\":206,\"def\":206,\"spa\":206,\"spd\":206,\"spe\":206},\"moves\":[\"bodyslam\",\"wish\",\"ironhead\",\"protect\"],\"baseAbility\":\"serenegrace\",\"item\":\"leftovers\",\"pokeball\":\"pokeball\",\"ability\":\"serenegrace\",\"commanding\":false,\"reviving\":false,\"teraType\":\"Water\",\"terastallized\":\"\"},{\"ident\":\"p2: Venusaur\",\"details\":\"Venusaur, L84, M\",\"condition\":\"272/272\",\"active\":false,\"stats\":{\"atk\":142,\"def\":188,\"spa\":216,\"spd\":216,\"spe\":183},\"moves\":[\"synthesis\",\"earthpower\",\"sludgebomb\",\"sleeppowder\"],\"baseAbility\":\"chlorophyll\",\"item\":\"\",\"pokeball\":\"pokeball\",\"ability\":\"chlorophyll\",\"commanding\":false,\"reviving\":false,\"teraType\":\"Steel\",\"terastallized\":\"\"},{\"ident\":\"p2: Chesnaught\",\"details\":\"Chesnaught, L84, M\",\"condition\":\"165/285\",\"active\":false,\"stats\":{\"atk\":228,\"def\":253,\"spa\":173,\"spd\":174,\"spe\":156},\"moves\":[\"knockoff\",\"bodypress\",\"woodhammer\",\"synthesis\"],\"baseAbility\":\"bulletproof\",\"item\":\"rockyhelmet\",\"pokeball\":\"pokeball\",\"ability\":\"bulletproof\",\"commanding\":false,\"reviving\":false,\"teraType\":\"Steel\",\"terastallized\":\"\"},{\"ident\":\"p2: Dudunsparce\",\"details\":\"Dudunsparce-Three-Segment, L83, M\",\"condition\":\"153/343\",\"active\":false,\"stats\":{\"atk\":214,\"def\":180,\"spa\":189,\"spd\":172,\"spe\":139},\"moves\":[\"toxic\",\"boomburst\",\"earthquake\",\"roost\"],\"baseAbility\":\"rattled\",\"item\":\"leftovers\",\"pokeball\":\"pokeball\",\"ability\":\"rattled\",\"commanding\":false,\"reviving\":false,\"teraType\":\"Ground\",\"terastallized\":\"\"},{\"ident\":\"p2: Rampardos\",\"details\":\"Rampardos, L90, F\",\"condition\":\"0 fnt\",\"active\":false,\"stats\":{\"atk\":348,\"def\":159,\"spa\":168,\"spd\":141,\"spe\":156},\"moves\":[\"firepunch\",\"headsmash\",\"earthquake\",\"rockslide\"],\"baseAbility\":\"sheerforce\",\"item\":\"choicescarf\",\"pokeball\":\"pokeball\",\"ability\":\"sheerforce\",\"commanding\":false,\"reviving\":false,\"teraType\":\"Rock\",\"terastallized\":\"\"}]},\"rqid\":207}\n|inactive|Time left: 300 sec this turn | 300 sec total\n|\n|t:|1783392079\n|switch|p1a: Blissey|Blissey, L85, F|97/100\n|move|p2a: Weezing|Fire Blast|p1a: Blissey|[miss]\n|-miss|p2a: Weezing|p1a: Blissey\n|\n|-heal|p2a: Weezing|203/258|[from] item: Leftovers\n|-heal|p1a: Blissey|100/100|[from] item: Leftovers\n|upkeep\n|turn|98\n|request|{\"active\":[{\"moves\":[{\"move\":\"Fire Blast\",\"id\":\"fireblast\",\"pp\":5,\"maxpp\":8,\"target\":\"normal\",\"disabled\":false},{\"move\":\"Pain Split\",\"id\":\"painsplit\",\"pp\":31,\"maxpp\":32,\"target\":\"normal\",\"disabled\":false},{\"move\":\"Sludge Bomb\",\"id\":\"sludgebomb\",\"pp\":13,\"maxpp\":16,\"target\":\"normal\",\"disabled\":false},{\"move\":\"Will-O-Wisp\",\"id\":\"willowisp\",\"pp\":24,\"maxpp\":24,\"target\":\"normal\",\"disabled\":false}],\"canTerastallize\":\"Steel\"}],\"side\":{\"name\":\"p0y0722144\",\"id\":\"p2\",\"pokemon\":[{\"ident\":\"p2: Weezing\",\"details\":\"Weezing, L88, F\",\"condition\":\"203/258\",\"active\":true,\"stats\":{\"atk\":163,\"def\":261,\"spa\":200,\"spd\":173,\"spe\":156},\"moves\":[\"fireblast\",\"painsplit\",\"sludgebomb\",\"willowisp\"],\"baseAbility\":\"levitate\",\"item\":\"leftovers\",\"pokeball\":\"pokeball\",\"ability\":\"levitate\",\"commanding\":false,\"reviving\":false,\"teraType\":\"Steel\",\"terastallized\":\"\"},{\"ident\":\"p2: Jirachi\",\"details\":\"Jirachi, L80\",\"condition\":\"0 fnt\",\"active\":false,\"stats\":{\"atk\":206,\"def\":206,\"spa\":206,\"spd\":206,\"spe\":206},\"moves\":[\"bodyslam\",\"wish\",\"ironhead\",\"protect\"],\"baseAbility\":\"serenegrace\",\"item\":\"leftovers\",\"pokeball\":\"pokeball\",\"ability\":\"serenegrace\",\"commanding\":false,\"reviving\":false,\"teraType\":\"Water\",\"terastallized\":\"\"},{\"ident\":\"p2: Venusaur\",\"details\":\"Venusaur, L84, M\",\"condition\":\"272/272\",\"active\":false,\"stats\":{\"atk\":142,\"def\":188,\"spa\":216,\"spd\":216,\"spe\":183},\"moves\":[\"synthesis\",\"earthpower\",\"sludgebomb\",\"sleeppowder\"],\"baseAbility\":\"chlorophyll\",\"item\":\"\",\"pokeball\":\"pokeball\",\"ability\":\"chlorophyll\",\"commanding\":false,\"reviving\":false,\"teraType\":\"Steel\",\"terastallized\":\"\"},{\"ident\":\"p2: Chesnaught\",\"details\":\"Chesnaught, L84, M\",\"condition\":\"165/285\",\"active\":false,\"stats\":{\"atk\":228,\"def\":253,\"spa\":173,\"spd\":174,\"spe\":156},\"moves\":[\"knockoff\",\"bodypress\",\"woodhammer\",\"synthesis\"],\"baseAbility\":\"bulletproof\",\"item\":\"rockyhelmet\",\"pokeball\":\"pokeball\",\"ability\":\"bulletproof\",\"commanding\":false,\"reviving\":false,\"teraType\":\"Steel\",\"terastallized\":\"\"},{\"ident\":\"p2: Dudunsparce\",\"details\":\"Dudunsparce-Three-Segment, L83, M\",\"condition\":\"153/343\",\"active\":false,\"stats\":{\"atk\":214,\"def\":180,\"spa\":189,\"spd\":172,\"spe\":139},\"moves\":[\"toxic\",\"boomburst\",\"earthquake\",\"roost\"],\"baseAbility\":\"rattled\",\"item\":\"leftovers\",\"pokeball\":\"pokeball\",\"ability\":\"rattled\",\"commanding\":false,\"reviving\":false,\"teraType\":\"Ground\",\"terastallized\":\"\"},{\"ident\":\"p2: Rampardos\",\"details\":\"Rampardos, L90, F\",\"condition\":\"0 fnt\",\"active\":false,\"stats\":{\"atk\":348,\"def\":159,\"spa\":168,\"spd\":141,\"spe\":156},\"moves\":[\"firepunch\",\"headsmash\",\"earthquake\",\"rockslide\"],\"baseAbility\":\"sheerforce\",\"item\":\"choicescarf\",\"pokeball\":\"pokeball\",\"ability\":\"sheerforce\",\"commanding\":false,\"reviving\":false,\"teraType\":\"Rock\",\"terastallized\":\"\"}]},\"rqid\":209}\n|inactive|Time left: 300 sec this turn | 300 sec total\n|\n|t:|1783392079\n|switch|p1a: Corviknight|Corviknight, L80, M|60/100\n|move|p2a: Weezing|Pain Split|p1a: Corviknight\n|-sethp|p1a: Corviknight|65/100|[from] move: Pain Split|[silent]\n|-sethp|p2a: Weezing|187/258|[from] move: Pain Split\n|\n|-heal|p2a: Weezing|203/258|[from] item: Leftovers\n|upkeep\n|turn|99\n|request|{\"active\":[{\"moves\":[{\"move\":\"Fire Blast\",\"id\":\"fireblast\",\"pp\":5,\"maxpp\":8,\"target\":\"normal\",\"disabled\":false},{\"move\":\"Pain Split\",\"id\":\"painsplit\",\"pp\":30,\"maxpp\":32,\"target\":\"normal\",\"disabled\":false},{\"move\":\"Sludge Bomb\",\"id\":\"sludgebomb\",\"pp\":13,\"maxpp\":16,\"target\":\"normal\",\"disabled\":false},{\"move\":\"Will-O-Wisp\",\"id\":\"willowisp\",\"pp\":24,\"maxpp\":24,\"target\":\"normal\",\"disabled\":false}],\"canTerastallize\":\"Steel\"}],\"side\":{\"name\":\"p0y0722144\",\"id\":\"p2\",\"pokemon\":[{\"ident\":\"p2: Weezing\",\"details\":\"Weezing, L88, F\",\"condition\":\"203/258\",\"active\":true,\"stats\":{\"atk\":163,\"def\":261,\"spa\":200,\"spd\":173,\"spe\":156},\"moves\":[\"fireblast\",\"painsplit\",\"sludgebomb\",\"willowisp\"],\"baseAbility\":\"levitate\",\"item\":\"leftovers\",\"pokeball\":\"pokeball\",\"ability\":\"levitate\",\"commanding\":false,\"reviving\":false,\"teraType\":\"Steel\",\"terastallized\":\"\"},{\"ident\":\"p2: Jirachi\",\"details\":\"Jirachi, L80\",\"condition\":\"0 fnt\",\"active\":false,\"stats\":{\"atk\":206,\"def\":206,\"spa\":206,\"spd\":206,\"spe\":206},\"moves\":[\"bodyslam\",\"wish\",\"ironhead\",\"protect\"],\"baseAbility\":\"serenegrace\",\"item\":\"leftovers\",\"pokeball\":\"pokeball\",\"ability\":\"serenegrace\",\"commanding\":false,\"reviving\":false,\"teraType\":\"Water\",\"terastallized\":\"\"},{\"ident\":\"p2: Venusaur\",\"details\":\"Venusaur, L84, M\",\"condition\":\"272/272\",\"active\":false,\"stats\":{\"atk\":142,\"def\":188,\"spa\":216,\"spd\":216,\"spe\":183},\"moves\":[\"synthesis\",\"earthpower\",\"sludgebomb\",\"sleeppowder\"],\"baseAbility\":\"chlorophyll\",\"item\":\"\",\"pokeball\":\"pokeball\",\"ability\":\"chlorophyll\",\"commanding\":false,\"reviving\":false,\"teraType\":\"Steel\",\"terastallized\":\"\"},{\"ident\":\"p2: Chesnaught\",\"details\":\"Chesnaught, L84, M\",\"condition\":\"165/285\",\"active\":false,\"stats\":{\"atk\":228,\"def\":253,\"spa\":173,\"spd\":174,\"spe\":156},\"moves\":[\"knockoff\",\"bodypress\",\"woodhammer\",\"synthesis\"],\"baseAbility\":\"bulletproof\",\"item\":\"rockyhelmet\",\"pokeball\":\"pokeball\",\"ability\":\"bulletproof\",\"commanding\":false,\"reviving\":false,\"teraType\":\"Steel\",\"terastallized\":\"\"},{\"ident\":\"p2: Dudunsparce\",\"details\":\"Dudunsparce-Three-Segment, L83, M\",\"condition\":\"153/343\",\"active\":false,\"stats\":{\"atk\":214,\"def\":180,\"spa\":189,\"spd\":172,\"spe\":139},\"moves\":[\"toxic\",\"boomburst\",\"earthquake\",\"roost\"],\"baseAbility\":\"rattled\",\"item\":\"leftovers\",\"pokeball\":\"pokeball\",\"ability\":\"rattled\",\"commanding\":false,\"reviving\":false,\"teraType\":\"Ground\",\"terastallized\":\"\"},{\"ident\":\"p2: Rampardos\",\"details\":\"Rampardos, L90, F\",\"condition\":\"0 fnt\",\"active\":false,\"stats\":{\"atk\":348,\"def\":159,\"spa\":168,\"spd\":141,\"spe\":156},\"moves\":[\"firepunch\",\"headsmash\",\"earthquake\",\"rockslide\"],\"baseAbility\":\"sheerforce\",\"item\":\"choicescarf\",\"pokeball\":\"pokeball\",\"ability\":\"sheerforce\",\"commanding\":false,\"reviving\":false,\"teraType\":\"Rock\",\"terastallized\":\"\"}]},\"rqid\":211}\n|inactive|Time left: 300 sec this turn | 300 sec total\n|\n|t:|1783392080\n|switch|p1a: Blissey|Blissey, L85, F|100/100\n|move|p2a: Weezing|Fire Blast|p1a: Blissey\n|-damage|p1a: Blissey|91/100\n|\n|-heal|p2a: Weezing|219/258|[from] item: Leftovers\n|-heal|p1a: Blissey|97/100|[from] item: Leftovers\n|upkeep\n|turn|100\n|request|{\"active\":[{\"moves\":[{\"move\":\"Fire Blast\",\"id\":\"fireblast\",\"pp\":4,\"maxpp\":8,\"target\":\"normal\",\"disabled\":false},{\"move\":\"Pain Split\",\"id\":\"painsplit\",\"pp\":30,\"maxpp\":32,\"target\":\"normal\",\"disabled\":false},{\"move\":\"Sludge Bomb\",\"id\":\"sludgebomb\",\"pp\":13,\"maxpp\":16,\"target\":\"normal\",\"disabled\":false},{\"move\":\"Will-O-Wisp\",\"id\":\"willowisp\",\"pp\":24,\"maxpp\":24,\"target\":\"normal\",\"disabled\":false}],\"canTerastallize\":\"Steel\"}],\"side\":{\"name\":\"p0y0722144\",\"id\":\"p2\",\"pokemon\":[{\"ident\":\"p2: Weezing\",\"details\":\"Weezing, L88, F\",\"condition\":\"219/258\",\"active\":true,\"stats\":{\"atk\":163,\"def\":261,\"spa\":200,\"spd\":173,\"spe\":156},\"moves\":[\"fireblast\",\"painsplit\",\"sludgebomb\",\"willowisp\"],\"baseAbility\":\"levitate\",\"item\":\"leftovers\",\"pokeball\":\"pokeball\",\"ability\":\"levitate\",\"commanding\":false,\"reviving\":false,\"teraType\":\"Steel\",\"terastallized\":\"\"},{\"ident\":\"p2: Jirachi\",\"details\":\"Jirachi, L80\",\"condition\":\"0 fnt\",\"active\":false,\"stats\":{\"atk\":206,\"def\":206,\"spa\":206,\"spd\":206,\"spe\":206},\"moves\":[\"bodyslam\",\"wish\",\"ironhead\",\"protect\"],\"baseAbility\":\"serenegrace\",\"item\":\"leftovers\",\"pokeball\":\"pokeball\",\"ability\":\"serenegrace\",\"commanding\":false,\"reviving\":false,\"teraType\":\"Water\",\"terastallized\":\"\"},{\"ident\":\"p2: Venusaur\",\"details\":\"Venusaur, L84, M\",\"condition\":\"272/272\",\"active\":false,\"stats\":{\"atk\":142,\"def\":188,\"spa\":216,\"spd\":216,\"spe\":183},\"moves\":[\"synthesis\",\"earthpower\",\"sludgebomb\",\"sleeppowder\"],\"baseAbility\":\"chlorophyll\",\"item\":\"\",\"pokeball\":\"pokeball\",\"ability\":\"chlorophyll\",\"commanding\":false,\"reviving\":false,\"teraType\":\"Steel\",\"terastallized\":\"\"},{\"ident\":\"p2: Chesnaught\",\"details\":\"Chesnaught, L84, M\",\"condition\":\"165/285\",\"active\":false,\"stats\":{\"atk\":228,\"def\":253,\"spa\":173,\"spd\":174,\"spe\":156},\"moves\":[\"knockoff\",\"bodypress\",\"woodhammer\",\"synthesis\"],\"baseAbility\":\"bulletproof\",\"item\":\"rockyhelmet\",\"pokeball\":\"pokeball\",\"ability\":\"bulletproof\",\"commanding\":false,\"reviving\":false,\"teraType\":\"Steel\",\"terastallized\":\"\"},{\"ident\":\"p2: Dudunsparce\",\"details\":\"Dudunsparce-Three-Segment, L83, M\",\"condition\":\"153/343\",\"active\":false,\"stats\":{\"atk\":214,\"def\":180,\"spa\":189,\"spd\":172,\"spe\":139},\"moves\":[\"toxic\",\"boomburst\",\"earthquake\",\"roost\"],\"baseAbility\":\"rattled\",\"item\":\"leftovers\",\"pokeball\":\"pokeball\",\"ability\":\"rattled\",\"commanding\":false,\"reviving\":false,\"teraType\":\"Ground\",\"terastallized\":\"\"},{\"ident\":\"p2: Rampardos\",\"details\":\"Rampardos, L90, F\",\"condition\":\"0 fnt\",\"active\":false,\"stats\":{\"atk\":348,\"def\":159,\"spa\":168,\"spd\":141,\"spe\":156},\"moves\":[\"firepunch\",\"headsmash\",\"earthquake\",\"rockslide\"],\"baseAbility\":\"sheerforce\",\"item\":\"choicescarf\",\"pokeball\":\"pokeball\",\"ability\":\"sheerforce\",\"commanding\":false,\"reviving\":false,\"teraType\":\"Rock\",\"terastallized\":\"\"}]},\"rqid\":213}\n|inactive|Time left: 300 sec this turn | 300 sec total\n|\n|t:|1783392080\n|switch|p1a: Corviknight|Corviknight, L80, M|65/100\n|move|p2a: Weezing|Pain Split|p1a: Corviknight\n|-sethp|p1a: Corviknight|71/100|[from] move: Pain Split|[silent]\n|-sethp|p2a: Weezing|203/258|[from] move: Pain Split\n|\n|-heal|p2a: Weezing|219/258|[from] item: Leftovers\n|upkeep\n|turn|101\n|request|{\"active\":[{\"moves\":[{\"move\":\"Fire Blast\",\"id\":\"fireblast\",\"pp\":4,\"maxpp\":8,\"target\":\"normal\",\"disabled\":false},{\"move\":\"Pain Split\",\"id\":\"painsplit\",\"pp\":29,\"maxpp\":32,\"target\":\"normal\",\"disabled\":false},{\"move\":\"Sludge Bomb\",\"id\":\"sludgebomb\",\"pp\":13,\"maxpp\":16,\"target\":\"normal\",\"disabled\":false},{\"move\":\"Will-O-Wisp\",\"id\":\"willowisp\",\"pp\":24,\"maxpp\":24,\"target\":\"normal\",\"disabled\":false}],\"canTerastallize\":\"Steel\"}],\"side\":{\"name\":\"p0y0722144\",\"id\":\"p2\",\"pokemon\":[{\"ident\":\"p2: Weezing\",\"details\":\"Weezing, L88, F\",\"condition\":\"219/258\",\"active\":true,\"stats\":{\"atk\":163,\"def\":261,\"spa\":200,\"spd\":173,\"spe\":156},\"moves\":[\"fireblast\",\"painsplit\",\"sludgebomb\",\"willowisp\"],\"baseAbility\":\"levitate\",\"item\":\"leftovers\",\"pokeball\":\"pokeball\",\"ability\":\"levitate\",\"commanding\":false,\"reviving\":false,\"teraType\":\"Steel\",\"terastallized\":\"\"},{\"ident\":\"p2: Jirachi\",\"details\":\"Jirachi, L80\",\"condition\":\"0 fnt\",\"active\":false,\"stats\":{\"atk\":206,\"def\":206,\"spa\":206,\"spd\":206,\"spe\":206},\"moves\":[\"bodyslam\",\"wish\",\"ironhead\",\"protect\"],\"baseAbility\":\"serenegrace\",\"item\":\"leftovers\",\"pokeball\":\"pokeball\",\"ability\":\"serenegrace\",\"commanding\":false,\"reviving\":false,\"teraType\":\"Water\",\"terastallized\":\"\"},{\"ident\":\"p2: Venusaur\",\"details\":\"Venusaur, L84, M\",\"condition\":\"272/272\",\"active\":false,\"stats\":{\"atk\":142,\"def\":188,\"spa\":216,\"spd\":216,\"spe\":183},\"moves\":[\"synthesis\",\"earthpower\",\"sludgebomb\",\"sleeppowder\"],\"baseAbility\":\"chlorophyll\",\"item\":\"\",\"pokeball\":\"pokeball\",\"ability\":\"chlorophyll\",\"commanding\":false,\"reviving\":false,\"teraType\":\"Steel\",\"terastallized\":\"\"},{\"ident\":\"p2: Chesnaught\",\"details\":\"Chesnaught, L84, M\",\"condition\":\"165/285\",\"active\":false,\"stats\":{\"atk\":228,\"def\":253,\"spa\":173,\"spd\":174,\"spe\":156},\"moves\":[\"knockoff\",\"bodypress\",\"woodhammer\",\"synthesis\"],\"baseAbility\":\"bulletproof\",\"item\":\"rockyhelmet\",\"pokeball\":\"pokeball\",\"ability\":\"bulletproof\",\"commanding\":false,\"reviving\":false,\"teraType\":\"Steel\",\"terastallized\":\"\"},{\"ident\":\"p2: Dudunsparce\",\"details\":\"Dudunsparce-Three-Segment, L83, M\",\"condition\":\"153/343\",\"active\":false,\"stats\":{\"atk\":214,\"def\":180,\"spa\":189,\"spd\":172,\"spe\":139},\"moves\":[\"toxic\",\"boomburst\",\"earthquake\",\"roost\"],\"baseAbility\":\"rattled\",\"item\":\"leftovers\",\"pokeball\":\"pokeball\",\"ability\":\"rattled\",\"commanding\":false,\"reviving\":false,\"teraType\":\"Ground\",\"terastallized\":\"\"},{\"ident\":\"p2: Rampardos\",\"details\":\"Rampardos, L90, F\",\"condition\":\"0 fnt\",\"active\":false,\"stats\":{\"atk\":348,\"def\":159,\"spa\":168,\"spd\":141,\"spe\":156},\"moves\":[\"firepunch\",\"headsmash\",\"earthquake\",\"rockslide\"],\"baseAbility\":\"sheerforce\",\"item\":\"choicescarf\",\"pokeball\":\"pokeball\",\"ability\":\"sheerforce\",\"commanding\":false,\"reviving\":false,\"teraType\":\"Rock\",\"terastallized\":\"\"}]},\"rqid\":215}\n|inactive|Time left: 300 sec this turn | 300 sec total\n|\n|t:|1783392080\n|switch|p1a: Blissey|Blissey, L85, F|97/100\n|move|p2a: Weezing|Will-O-Wisp|p1a: Blissey|[miss]\n|-miss|p2a: Weezing|p1a: Blissey\n|\n|-heal|p2a: Weezing|235/258|[from] item: Leftovers\n|-heal|p1a: Blissey|100/100|[from] item: Leftovers\n|upkeep\n|turn|102\n|request|{\"active\":[{\"moves\":[{\"move\":\"Fire Blast\",\"id\":\"fireblast\",\"pp\":4,\"maxpp\":8,\"target\":\"normal\",\"disabled\":false},{\"move\":\"Pain Split\",\"id\":\"painsplit\",\"pp\":29,\"maxpp\":32,\"target\":\"normal\",\"disabled\":false},{\"move\":\"Sludge Bomb\",\"id\":\"sludgebomb\",\"pp\":13,\"maxpp\":16,\"target\":\"normal\",\"disabled\":false},{\"move\":\"Will-O-Wisp\",\"id\":\"willowisp\",\"pp\":23,\"maxpp\":24,\"target\":\"normal\",\"disabled\":false}],\"canTerastallize\":\"Steel\"}],\"side\":{\"name\":\"p0y0722144\",\"id\":\"p2\",\"pokemon\":[{\"ident\":\"p2: Weezing\",\"details\":\"Weezing, L88, F\",\"condition\":\"235/258\",\"active\":true,\"stats\":{\"atk\":163,\"def\":261,\"spa\":200,\"spd\":173,\"spe\":156},\"moves\":[\"fireblast\",\"painsplit\",\"sludgebomb\",\"willowisp\"],\"baseAbility\":\"levitate\",\"item\":\"leftovers\",\"pokeball\":\"pokeball\",\"ability\":\"levitate\",\"commanding\":false,\"reviving\":false,\"teraType\":\"Steel\",\"terastallized\":\"\"},{\"ident\":\"p2: Jirachi\",\"details\":\"Jirachi, L80\",\"condition\":\"0 fnt\",\"active\":false,\"stats\":{\"atk\":206,\"def\":206,\"spa\":206,\"spd\":206,\"spe\":206},\"moves\":[\"bodyslam\",\"wish\",\"ironhead\",\"protect\"],\"baseAbility\":\"serenegrace\",\"item\":\"leftovers\",\"pokeball\":\"pokeball\",\"ability\":\"serenegrace\",\"commanding\":false,\"reviving\":false,\"teraType\":\"Water\",\"terastallized\":\"\"},{\"ident\":\"p2: Venusaur\",\"details\":\"Venusaur, L84, M\",\"condition\":\"272/272\",\"active\":false,\"stats\":{\"atk\":142,\"def\":188,\"spa\":216,\"spd\":216,\"spe\":183},\"moves\":[\"synthesis\",\"earthpower\",\"sludgebomb\",\"sleeppowder\"],\"baseAbility\":\"chlorophyll\",\"item\":\"\",\"pokeball\":\"pokeball\",\"ability\":\"chlorophyll\",\"commanding\":false,\"reviving\":false,\"teraType\":\"Steel\",\"terastallized\":\"\"},{\"ident\":\"p2: Chesnaught\",\"details\":\"Chesnaught, L84, M\",\"condition\":\"165/285\",\"active\":false,\"stats\":{\"atk\":228,\"def\":253,\"spa\":173,\"spd\":174,\"spe\":156},\"moves\":[\"knockoff\",\"bodypress\",\"woodhammer\",\"synthesis\"],\"baseAbility\":\"bulletproof\",\"item\":\"rockyhelmet\",\"pokeball\":\"pokeball\",\"ability\":\"bulletproof\",\"commanding\":false,\"reviving\":false,\"teraType\":\"Steel\",\"terastallized\":\"\"},{\"ident\":\"p2: Dudunsparce\",\"details\":\"Dudunsparce-Three-Segment, L83, M\",\"condition\":\"153/343\",\"active\":false,\"stats\":{\"atk\":214,\"def\":180,\"spa\":189,\"spd\":172,\"spe\":139},\"moves\":[\"toxic\",\"boomburst\",\"earthquake\",\"roost\"],\"baseAbility\":\"rattled\",\"item\":\"leftovers\",\"pokeball\":\"pokeball\",\"ability\":\"rattled\",\"commanding\":false,\"reviving\":false,\"teraType\":\"Ground\",\"terastallized\":\"\"},{\"ident\":\"p2: Rampardos\",\"details\":\"Rampardos, L90, F\",\"condition\":\"0 fnt\",\"active\":false,\"stats\":{\"atk\":348,\"def\":159,\"spa\":168,\"spd\":141,\"spe\":156},\"moves\":[\"firepunch\",\"headsmash\",\"earthquake\",\"rockslide\"],\"baseAbility\":\"sheerforce\",\"item\":\"choicescarf\",\"pokeball\":\"pokeball\",\"ability\":\"sheerforce\",\"commanding\":false,\"reviving\":false,\"teraType\":\"Rock\",\"terastallized\":\"\"}]},\"rqid\":217}\n|inactive|Time left: 300 sec this turn | 300 sec total\n|\n|t:|1783392080\n|switch|p1a: Corviknight|Corviknight, L80, M|71/100\n|move|p2a: Weezing|Pain Split|p1a: Corviknight\n|-sethp|p1a: Corviknight|77/100|[from] move: Pain Split|[silent]\n|-sethp|p2a: Weezing|219/258|[from] move: Pain Split\n|\n|-heal|p2a: Weezing|235/258|[from] item: Leftovers\n|upkeep\n|turn|103\n|request|{\"active\":[{\"moves\":[{\"move\":\"Fire Blast\",\"id\":\"fireblast\",\"pp\":4,\"maxpp\":8,\"target\":\"normal\",\"disabled\":false},{\"move\":\"Pain Split\",\"id\":\"painsplit\",\"pp\":28,\"maxpp\":32,\"target\":\"normal\",\"disabled\":false},{\"move\":\"Sludge Bomb\",\"id\":\"sludgebomb\",\"pp\":13,\"maxpp\":16,\"target\":\"normal\",\"disabled\":false},{\"move\":\"Will-O-Wisp\",\"id\":\"willowisp\",\"pp\":23,\"maxpp\":24,\"target\":\"normal\",\"disabled\":false}],\"canTerastallize\":\"Steel\"}],\"side\":{\"name\":\"p0y0722144\",\"id\":\"p2\",\"pokemon\":[{\"ident\":\"p2: Weezing\",\"details\":\"Weezing, L88, F\",\"condition\":\"235/258\",\"active\":true,\"stats\":{\"atk\":163,\"def\":261,\"spa\":200,\"spd\":173,\"spe\":156},\"moves\":[\"fireblast\",\"painsplit\",\"sludgebomb\",\"willowisp\"],\"baseAbility\":\"levitate\",\"item\":\"leftovers\",\"pokeball\":\"pokeball\",\"ability\":\"levitate\",\"commanding\":false,\"reviving\":false,\"teraType\":\"Steel\",\"terastallized\":\"\"},{\"ident\":\"p2: Jirachi\",\"details\":\"Jirachi, L80\",\"condition\":\"0 fnt\",\"active\":false,\"stats\":{\"atk\":206,\"def\":206,\"spa\":206,\"spd\":206,\"spe\":206},\"moves\":[\"bodyslam\",\"wish\",\"ironhead\",\"protect\"],\"baseAbility\":\"serenegrace\",\"item\":\"leftovers\",\"pokeball\":\"pokeball\",\"ability\":\"serenegrace\",\"commanding\":false,\"reviving\":false,\"teraType\":\"Water\",\"terastallized\":\"\"},{\"ident\":\"p2: Venusaur\",\"details\":\"Venusaur, L84, M\",\"condition\":\"272/272\",\"active\":false,\"stats\":{\"atk\":142,\"def\":188,\"spa\":216,\"spd\":216,\"spe\":183},\"moves\":[\"synthesis\",\"earthpower\",\"sludgebomb\",\"sleeppowder\"],\"baseAbility\":\"chlorophyll\",\"item\":\"\",\"pokeball\":\"pokeball\",\"ability\":\"chlorophyll\",\"commanding\":false,\"reviving\":false,\"teraType\":\"Steel\",\"terastallized\":\"\"},{\"ident\":\"p2: Chesnaught\",\"details\":\"Chesnaught, L84, M\",\"condition\":\"165/285\",\"active\":false,\"stats\":{\"atk\":228,\"def\":253,\"spa\":173,\"spd\":174,\"spe\":156},\"moves\":[\"knockoff\",\"bodypress\",\"woodhammer\",\"synthesis\"],\"baseAbility\":\"bulletproof\",\"item\":\"rockyhelmet\",\"pokeball\":\"pokeball\",\"ability\":\"bulletproof\",\"commanding\":false,\"reviving\":false,\"teraType\":\"Steel\",\"terastallized\":\"\"},{\"ident\":\"p2: Dudunsparce\",\"details\":\"Dudunsparce-Three-Segment, L83, M\",\"condition\":\"153/343\",\"active\":false,\"stats\":{\"atk\":214,\"def\":180,\"spa\":189,\"spd\":172,\"spe\":139},\"moves\":[\"toxic\",\"boomburst\",\"earthquake\",\"roost\"],\"baseAbility\":\"rattled\",\"item\":\"leftovers\",\"pokeball\":\"pokeball\",\"ability\":\"rattled\",\"commanding\":false,\"reviving\":false,\"teraType\":\"Ground\",\"terastallized\":\"\"},{\"ident\":\"p2: Rampardos\",\"details\":\"Rampardos, L90, F\",\"condition\":\"0 fnt\",\"active\":false,\"stats\":{\"atk\":348,\"def\":159,\"spa\":168,\"spd\":141,\"spe\":156},\"moves\":[\"firepunch\",\"headsmash\",\"earthquake\",\"rockslide\"],\"baseAbility\":\"sheerforce\",\"item\":\"choicescarf\",\"pokeball\":\"pokeball\",\"ability\":\"sheerforce\",\"commanding\":false,\"reviving\":false,\"teraType\":\"Rock\",\"terastallized\":\"\"}]},\"rqid\":219}\n|inactive|Time left: 300 sec this turn | 300 sec total\n|\n|t:|1783392081\n|switch|p1a: Blissey|Blissey, L85, F|100/100\n|move|p2a: Weezing|Will-O-Wisp|p1a: Blissey\n|-status|p1a: Blissey|brn\n|\n|-heal|p2a: Weezing|251/258|[from] item: Leftovers\n|-damage|p1a: Blissey|94/100 brn|[from] brn\n|upkeep\n|turn|104\n|request|{\"active\":[{\"moves\":[{\"move\":\"Fire Blast\",\"id\":\"fireblast\",\"pp\":4,\"maxpp\":8,\"target\":\"normal\",\"disabled\":false},{\"move\":\"Pain Split\",\"id\":\"painsplit\",\"pp\":28,\"maxpp\":32,\"target\":\"normal\",\"disabled\":false},{\"move\":\"Sludge Bomb\",\"id\":\"sludgebomb\",\"pp\":13,\"maxpp\":16,\"target\":\"normal\",\"disabled\":false},{\"move\":\"Will-O-Wisp\",\"id\":\"willowisp\",\"pp\":22,\"maxpp\":24,\"target\":\"normal\",\"disabled\":false}],\"canTerastallize\":\"Steel\"}],\"side\":{\"name\":\"p0y0722144\",\"id\":\"p2\",\"pokemon\":[{\"ident\":\"p2: Weezing\",\"details\":\"Weezing, L88, F\",\"condition\":\"251/258\",\"active\":true,\"stats\":{\"atk\":163,\"def\":261,\"spa\":200,\"spd\":173,\"spe\":156},\"moves\":[\"fireblast\",\"painsplit\",\"sludgebomb\",\"willowisp\"],\"baseAbility\":\"levitate\",\"item\":\"leftovers\",\"pokeball\":\"pokeball\",\"ability\":\"levitate\",\"commanding\":false,\"reviving\":false,\"teraType\":\"Steel\",\"terastallized\":\"\"},{\"ident\":\"p2: Jirachi\",\"details\":\"Jirachi, L80\",\"condition\":\"0 fnt\",\"active\":false,\"stats\":{\"atk\":206,\"def\":206,\"spa\":206,\"spd\":206,\"spe\":206},\"moves\":[\"bodyslam\",\"wish\",\"ironhead\",\"protect\"],\"baseAbility\":\"serenegrace\",\"item\":\"leftovers\",\"pokeball\":\"pokeball\",\"ability\":\"serenegrace\",\"commanding\":false,\"reviving\":false,\"teraType\":\"Water\",\"terastallized\":\"\"},{\"ident\":\"p2: Venusaur\",\"details\":\"Venusaur, L84, M\",\"condition\":\"272/272\",\"active\":false,\"stats\":{\"atk\":142,\"def\":188,\"spa\":216,\"spd\":216,\"spe\":183},\"moves\":[\"synthesis\",\"earthpower\",\"sludgebomb\",\"sleeppowder\"],\"baseAbility\":\"chlorophyll\",\"item\":\"\",\"pokeball\":\"pokeball\",\"ability\":\"chlorophyll\",\"commanding\":false,\"reviving\":false,\"teraType\":\"Steel\",\"terastallized\":\"\"},{\"ident\":\"p2: Chesnaught\",\"details\":\"Chesnaught, L84, M\",\"condition\":\"165/285\",\"active\":false,\"stats\":{\"atk\":228,\"def\":253,\"spa\":173,\"spd\":174,\"spe\":156},\"moves\":[\"knockoff\",\"bodypress\",\"woodhammer\",\"synthesis\"],\"baseAbility\":\"bulletproof\",\"item\":\"rockyhelmet\",\"pokeball\":\"pokeball\",\"ability\":\"bulletproof\",\"commanding\":false,\"reviving\":false,\"teraType\":\"Steel\",\"terastallized\":\"\"},{\"ident\":\"p2: Dudunsparce\",\"details\":\"Dudunsparce-Three-Segment, L83, M\",\"condition\":\"153/343\",\"active\":false,\"stats\":{\"atk\":214,\"def\":180,\"spa\":189,\"spd\":172,\"spe\":139},\"moves\":[\"toxic\",\"boomburst\",\"earthquake\",\"roost\"],\"baseAbility\":\"rattled\",\"item\":\"leftovers\",\"pokeball\":\"pokeball\",\"ability\":\"rattled\",\"commanding\":false,\"reviving\":false,\"teraType\":\"Ground\",\"terastallized\":\"\"},{\"ident\":\"p2: Rampardos\",\"details\":\"Rampardos, L90, F\",\"condition\":\"0 fnt\",\"active\":false,\"stats\":{\"atk\":348,\"def\":159,\"spa\":168,\"spd\":141,\"spe\":156},\"moves\":[\"firepunch\",\"headsmash\",\"earthquake\",\"rockslide\"],\"baseAbility\":\"sheerforce\",\"item\":\"choicescarf\",\"pokeball\":\"pokeball\",\"ability\":\"sheerforce\",\"commanding\":false,\"reviving\":false,\"teraType\":\"Rock\",\"terastallized\":\"\"}]},\"rqid\":221}\n|inactive|Time left: 300 sec this turn | 300 sec total\n|\n|t:|1783392081\n|-curestatus|p1a: Blissey|brn|[from] ability: Natural Cure|[silent]\n|switch|p1a: Corviknight|Corviknight, L80, M|77/100\n|move|p2a: Weezing|Pain Split|p1a: Corviknight\n|-sethp|p1a: Corviknight|82/100|[from] move: Pain Split|[silent]\n|-sethp|p2a: Weezing|235/258|[from] move: Pain Split\n|\n|-heal|p2a: Weezing|251/258|[from] item: Leftovers\n|upkeep\n|turn|105\n|request|{\"active\":[{\"moves\":[{\"move\":\"Fire Blast\",\"id\":\"fireblast\",\"pp\":4,\"maxpp\":8,\"target\":\"normal\",\"disabled\":false},{\"move\":\"Pain Split\",\"id\":\"painsplit\",\"pp\":27,\"maxpp\":32,\"target\":\"normal\",\"disabled\":false},{\"move\":\"Sludge Bomb\",\"id\":\"sludgebomb\",\"pp\":13,\"maxpp\":16,\"target\":\"normal\",\"disabled\":false},{\"move\":\"Will-O-Wisp\",\"id\":\"willowisp\",\"pp\":22,\"maxpp\":24,\"target\":\"normal\",\"disabled\":false}],\"canTerastallize\":\"Steel\"}],\"side\":{\"name\":\"p0y0722144\",\"id\":\"p2\",\"pokemon\":[{\"ident\":\"p2: Weezing\",\"details\":\"Weezing, L88, F\",\"condition\":\"251/258\",\"active\":true,\"stats\":{\"atk\":163,\"def\":261,\"spa\":200,\"spd\":173,\"spe\":156},\"moves\":[\"fireblast\",\"painsplit\",\"sludgebomb\",\"willowisp\"],\"baseAbility\":\"levitate\",\"item\":\"leftovers\",\"pokeball\":\"pokeball\",\"ability\":\"levitate\",\"commanding\":false,\"reviving\":false,\"teraType\":\"Steel\",\"terastallized\":\"\"},{\"ident\":\"p2: Jirachi\",\"details\":\"Jirachi, L80\",\"condition\":\"0 fnt\",\"active\":false,\"stats\":{\"atk\":206,\"def\":206,\"spa\":206,\"spd\":206,\"spe\":206},\"moves\":[\"bodyslam\",\"wish\",\"ironhead\",\"protect\"],\"baseAbility\":\"serenegrace\",\"item\":\"leftovers\",\"pokeball\":\"pokeball\",\"ability\":\"serenegrace\",\"commanding\":false,\"reviving\":false,\"teraType\":\"Water\",\"terastallized\":\"\"},{\"ident\":\"p2: Venusaur\",\"details\":\"Venusaur, L84, M\",\"condition\":\"272/272\",\"active\":false,\"stats\":{\"atk\":142,\"def\":188,\"spa\":216,\"spd\":216,\"spe\":183},\"moves\":[\"synthesis\",\"earthpower\",\"sludgebomb\",\"sleeppowder\"],\"baseAbility\":\"chlorophyll\",\"item\":\"\",\"pokeball\":\"pokeball\",\"ability\":\"chlorophyll\",\"commanding\":false,\"reviving\":false,\"teraType\":\"Steel\",\"terastallized\":\"\"},{\"ident\":\"p2: Chesnaught\",\"details\":\"Chesnaught, L84, M\",\"condition\":\"165/285\",\"active\":false,\"stats\":{\"atk\":228,\"def\":253,\"spa\":173,\"spd\":174,\"spe\":156},\"moves\":[\"knockoff\",\"bodypress\",\"woodhammer\",\"synthesis\"],\"baseAbility\":\"bulletproof\",\"item\":\"rockyhelmet\",\"pokeball\":\"pokeball\",\"ability\":\"bulletproof\",\"commanding\":false,\"reviving\":false,\"teraType\":\"Steel\",\"terastallized\":\"\"},{\"ident\":\"p2: Dudunsparce\",\"details\":\"Dudunsparce-Three-Segment, L83, M\",\"condition\":\"153/343\",\"active\":false,\"stats\":{\"atk\":214,\"def\":180,\"spa\":189,\"spd\":172,\"spe\":139},\"moves\":[\"toxic\",\"boomburst\",\"earthquake\",\"roost\"],\"baseAbility\":\"rattled\",\"item\":\"leftovers\",\"pokeball\":\"pokeball\",\"ability\":\"rattled\",\"commanding\":false,\"reviving\":false,\"teraType\":\"Ground\",\"terastallized\":\"\"},{\"ident\":\"p2: Rampardos\",\"details\":\"Rampardos, L90, F\",\"condition\":\"0 fnt\",\"active\":false,\"stats\":{\"atk\":348,\"def\":159,\"spa\":168,\"spd\":141,\"spe\":156},\"moves\":[\"firepunch\",\"headsmash\",\"earthquake\",\"rockslide\"],\"baseAbility\":\"sheerforce\",\"item\":\"choicescarf\",\"pokeball\":\"pokeball\",\"ability\":\"sheerforce\",\"commanding\":false,\"reviving\":false,\"teraType\":\"Rock\",\"terastallized\":\"\"}]},\"rqid\":223}\n|inactive|Time left: 300 sec this turn | 300 sec total\n|\n|t:|1783392081\n|switch|p1a: Blissey|Blissey, L85, F|94/100\n|move|p2a: Weezing|Will-O-Wisp|p1a: Blissey\n|-status|p1a: Blissey|brn\n|\n|-heal|p2a: Weezing|258/258|[from] item: Leftovers\n|-heal|p1a: Blissey|100/100 brn|[from] item: Leftovers\n|-damage|p1a: Blissey|94/100 brn|[from] brn\n|upkeep\n|turn|106\n|request|{\"active\":[{\"moves\":[{\"move\":\"Fire Blast\",\"id\":\"fireblast\",\"pp\":4,\"maxpp\":8,\"target\":\"normal\",\"disabled\":false},{\"move\":\"Pain Split\",\"id\":\"painsplit\",\"pp\":27,\"maxpp\":32,\"target\":\"normal\",\"disabled\":false},{\"move\":\"Sludge Bomb\",\"id\":\"sludgebomb\",\"pp\":13,\"maxpp\":16,\"target\":\"normal\",\"disabled\":false},{\"move\":\"Will-O-Wisp\",\"id\":\"willowisp\",\"pp\":21,\"maxpp\":24,\"target\":\"normal\",\"disabled\":false}],\"canTerastallize\":\"Steel\"}],\"side\":{\"name\":\"p0y0722144\",\"id\":\"p2\",\"pokemon\":[{\"ident\":\"p2: Weezing\",\"details\":\"Weezing, L88, F\",\"condition\":\"258/258\",\"active\":true,\"stats\":{\"atk\":163,\"def\":261,\"spa\":200,\"spd\":173,\"spe\":156},\"moves\":[\"fireblast\",\"painsplit\",\"sludgebomb\",\"willowisp\"],\"baseAbility\":\"levitate\",\"item\":\"leftovers\",\"pokeball\":\"pokeball\",\"ability\":\"levitate\",\"commanding\":false,\"reviving\":false,\"teraType\":\"Steel\",\"terastallized\":\"\"},{\"ident\":\"p2: Jirachi\",\"details\":\"Jirachi, L80\",\"condition\":\"0 fnt\",\"active\":false,\"stats\":{\"atk\":206,\"def\":206,\"spa\":206,\"spd\":206,\"spe\":206},\"moves\":[\"bodyslam\",\"wish\",\"ironhead\",\"protect\"],\"baseAbility\":\"serenegrace\",\"item\":\"leftovers\",\"pokeball\":\"pokeball\",\"ability\":\"serenegrace\",\"commanding\":false,\"reviving\":false,\"teraType\":\"Water\",\"terastallized\":\"\"},{\"ident\":\"p2: Venusaur\",\"details\":\"Venusaur, L84, M\",\"condition\":\"272/272\",\"active\":false,\"stats\":{\"atk\":142,\"def\":188,\"spa\":216,\"spd\":216,\"spe\":183},\"moves\":[\"synthesis\",\"earthpower\",\"sludgebomb\",\"sleeppowder\"],\"baseAbility\":\"chlorophyll\",\"item\":\"\",\"pokeball\":\"pokeball\",\"ability\":\"chlorophyll\",\"commanding\":false,\"reviving\":false,\"teraType\":\"Steel\",\"terastallized\":\"\"},{\"ident\":\"p2: Chesnaught\",\"details\":\"Chesnaught, L84, M\",\"condition\":\"165/285\",\"active\":false,\"stats\":{\"atk\":228,\"def\":253,\"spa\":173,\"spd\":174,\"spe\":156},\"moves\":[\"knockoff\",\"bodypress\",\"woodhammer\",\"synthesis\"],\"baseAbility\":\"bulletproof\",\"item\":\"rockyhelmet\",\"pokeball\":\"pokeball\",\"ability\":\"bulletproof\",\"commanding\":false,\"reviving\":false,\"teraType\":\"Steel\",\"terastallized\":\"\"},{\"ident\":\"p2: Dudunsparce\",\"details\":\"Dudunsparce-Three-Segment, L83, M\",\"condition\":\"153/343\",\"active\":false,\"stats\":{\"atk\":214,\"def\":180,\"spa\":189,\"spd\":172,\"spe\":139},\"moves\":[\"toxic\",\"boomburst\",\"earthquake\",\"roost\"],\"baseAbility\":\"rattled\",\"item\":\"leftovers\",\"pokeball\":\"pokeball\",\"ability\":\"rattled\",\"commanding\":false,\"reviving\":false,\"teraType\":\"Ground\",\"terastallized\":\"\"},{\"ident\":\"p2: Rampardos\",\"details\":\"Rampardos, L90, F\",\"condition\":\"0 fnt\",\"active\":false,\"stats\":{\"atk\":348,\"def\":159,\"spa\":168,\"spd\":141,\"spe\":156},\"moves\":[\"firepunch\",\"headsmash\",\"earthquake\",\"rockslide\"],\"baseAbility\":\"sheerforce\",\"item\":\"choicescarf\",\"pokeball\":\"pokeball\",\"ability\":\"sheerforce\",\"commanding\":false,\"reviving\":false,\"teraType\":\"Rock\",\"terastallized\":\"\"}]},\"rqid\":225}\n|inactive|Time left: 300 sec this turn | 300 sec total\n|\n|t:|1783392081\n|-curestatus|p1a: Blissey|brn|[from] ability: Natural Cure|[silent]\n|switch|p1a: Corviknight|Corviknight, L80, M|82/100\n|move|p2a: Weezing|Pain Split|p1a: Corviknight\n|-sethp|p1a: Corviknight|86/100|[from] move: Pain Split|[silent]\n|-sethp|p2a: Weezing|246/258|[from] move: Pain Split\n|\n|-heal|p2a: Weezing|258/258|[from] item: Leftovers\n|upkeep\n|turn|107\n|request|{\"active\":[{\"moves\":[{\"move\":\"Fire Blast\",\"id\":\"fireblast\",\"pp\":4,\"maxpp\":8,\"target\":\"normal\",\"disabled\":false},{\"move\":\"Pain Split\",\"id\":\"painsplit\",\"pp\":26,\"maxpp\":32,\"target\":\"normal\",\"disabled\":false},{\"move\":\"Sludge Bomb\",\"id\":\"sludgebomb\",\"pp\":13,\"maxpp\":16,\"target\":\"normal\",\"disabled\":false},{\"move\":\"Will-O-Wisp\",\"id\":\"willowisp\",\"pp\":21,\"maxpp\":24,\"target\":\"normal\",\"disabled\":false}],\"canTerastallize\":\"Steel\"}],\"side\":{\"name\":\"p0y0722144\",\"id\":\"p2\",\"pokemon\":[{\"ident\":\"p2: Weezing\",\"details\":\"Weezing, L88, F\",\"condition\":\"258/258\",\"active\":true,\"stats\":{\"atk\":163,\"def\":261,\"spa\":200,\"spd\":173,\"spe\":156},\"moves\":[\"fireblast\",\"painsplit\",\"sludgebomb\",\"willowisp\"],\"baseAbility\":\"levitate\",\"item\":\"leftovers\",\"pokeball\":\"pokeball\",\"ability\":\"levitate\",\"commanding\":false,\"reviving\":false,\"teraType\":\"Steel\",\"terastallized\":\"\"},{\"ident\":\"p2: Jirachi\",\"details\":\"Jirachi, L80\",\"condition\":\"0 fnt\",\"active\":false,\"stats\":{\"atk\":206,\"def\":206,\"spa\":206,\"spd\":206,\"spe\":206},\"moves\":[\"bodyslam\",\"wish\",\"ironhead\",\"protect\"],\"baseAbility\":\"serenegrace\",\"item\":\"leftovers\",\"pokeball\":\"pokeball\",\"ability\":\"serenegrace\",\"commanding\":false,\"reviving\":false,\"teraType\":\"Water\",\"terastallized\":\"\"},{\"ident\":\"p2: Venusaur\",\"details\":\"Venusaur, L84, M\",\"condition\":\"272/272\",\"active\":false,\"stats\":{\"atk\":142,\"def\":188,\"spa\":216,\"spd\":216,\"spe\":183},\"moves\":[\"synthesis\",\"earthpower\",\"sludgebomb\",\"sleeppowder\"],\"baseAbility\":\"chlorophyll\",\"item\":\"\",\"pokeball\":\"pokeball\",\"ability\":\"chlorophyll\",\"commanding\":false,\"reviving\":false,\"teraType\":\"Steel\",\"terastallized\":\"\"},{\"ident\":\"p2: Chesnaught\",\"details\":\"Chesnaught, L84, M\",\"condition\":\"165/285\",\"active\":false,\"stats\":{\"atk\":228,\"def\":253,\"spa\":173,\"spd\":174,\"spe\":156},\"moves\":[\"knockoff\",\"bodypress\",\"woodhammer\",\"synthesis\"],\"baseAbility\":\"bulletproof\",\"item\":\"rockyhelmet\",\"pokeball\":\"pokeball\",\"ability\":\"bulletproof\",\"commanding\":false,\"reviving\":false,\"teraType\":\"Steel\",\"terastallized\":\"\"},{\"ident\":\"p2: Dudunsparce\",\"details\":\"Dudunsparce-Three-Segment, L83, M\",\"condition\":\"153/343\",\"active\":false,\"stats\":{\"atk\":214,\"def\":180,\"spa\":189,\"spd\":172,\"spe\":139},\"moves\":[\"toxic\",\"boomburst\",\"earthquake\",\"roost\"],\"baseAbility\":\"rattled\",\"item\":\"leftovers\",\"pokeball\":\"pokeball\",\"ability\":\"rattled\",\"commanding\":false,\"reviving\":false,\"teraType\":\"Ground\",\"terastallized\":\"\"},{\"ident\":\"p2: Rampardos\",\"details\":\"Rampardos, L90, F\",\"condition\":\"0 fnt\",\"active\":false,\"stats\":{\"atk\":348,\"def\":159,\"spa\":168,\"spd\":141,\"spe\":156},\"moves\":[\"firepunch\",\"headsmash\",\"earthquake\",\"rockslide\"],\"baseAbility\":\"sheerforce\",\"item\":\"choicescarf\",\"pokeball\":\"pokeball\",\"ability\":\"sheerforce\",\"commanding\":false,\"reviving\":false,\"teraType\":\"Rock\",\"terastallized\":\"\"}]},\"rqid\":227}\n|inactive|Time left: 300 sec this turn | 300 sec total\n|\n|t:|1783392082\n|switch|p1a: Blissey|Blissey, L85, F|94/100\n|move|p2a: Weezing|Will-O-Wisp|p1a: Blissey\n|-status|p1a: Blissey|brn\n|\n|-heal|p1a: Blissey|100/100 brn|[from] item: Leftovers\n|-damage|p1a: Blissey|94/100 brn|[from] brn\n|upkeep\n|turn|108\n|request|{\"active\":[{\"moves\":[{\"move\":\"Fire Blast\",\"id\":\"fireblast\",\"pp\":4,\"maxpp\":8,\"target\":\"normal\",\"disabled\":false},{\"move\":\"Pain Split\",\"id\":\"painsplit\",\"pp\":26,\"maxpp\":32,\"target\":\"normal\",\"disabled\":false},{\"move\":\"Sludge Bomb\",\"id\":\"sludgebomb\",\"pp\":13,\"maxpp\":16,\"target\":\"normal\",\"disabled\":false},{\"move\":\"Will-O-Wisp\",\"id\":\"willowisp\",\"pp\":20,\"maxpp\":24,\"target\":\"normal\",\"disabled\":false}],\"canTerastallize\":\"Steel\"}],\"side\":{\"name\":\"p0y0722144\",\"id\":\"p2\",\"pokemon\":[{\"ident\":\"p2: Weezing\",\"details\":\"Weezing, L88, F\",\"condition\":\"258/258\",\"active\":true,\"stats\":{\"atk\":163,\"def\":261,\"spa\":200,\"spd\":173,\"spe\":156},\"moves\":[\"fireblast\",\"painsplit\",\"sludgebomb\",\"willowisp\"],\"baseAbility\":\"levitate\",\"item\":\"leftovers\",\"pokeball\":\"pokeball\",\"ability\":\"levitate\",\"commanding\":false,\"reviving\":false,\"teraType\":\"Steel\",\"terastallized\":\"\"},{\"ident\":\"p2: Jirachi\",\"details\":\"Jirachi, L80\",\"condition\":\"0 fnt\",\"active\":false,\"stats\":{\"atk\":206,\"def\":206,\"spa\":206,\"spd\":206,\"spe\":206},\"moves\":[\"bodyslam\",\"wish\",\"ironhead\",\"protect\"],\"baseAbility\":\"serenegrace\",\"item\":\"leftovers\",\"pokeball\":\"pokeball\",\"ability\":\"serenegrace\",\"commanding\":false,\"reviving\":false,\"teraType\":\"Water\",\"terastallized\":\"\"},{\"ident\":\"p2: Venusaur\",\"details\":\"Venusaur, L84, M\",\"condition\":\"272/272\",\"active\":false,\"stats\":{\"atk\":142,\"def\":188,\"spa\":216,\"spd\":216,\"spe\":183},\"moves\":[\"synthesis\",\"earthpower\",\"sludgebomb\",\"sleeppowder\"],\"baseAbility\":\"chlorophyll\",\"item\":\"\",\"pokeball\":\"pokeball\",\"ability\":\"chlorophyll\",\"commanding\":false,\"reviving\":false,\"teraType\":\"Steel\",\"terastallized\":\"\"},{\"ident\":\"p2: Chesnaught\",\"details\":\"Chesnaught, L84, M\",\"condition\":\"165/285\",\"active\":false,\"stats\":{\"atk\":228,\"def\":253,\"spa\":173,\"spd\":174,\"spe\":156},\"moves\":[\"knockoff\",\"bodypress\",\"woodhammer\",\"synthesis\"],\"baseAbility\":\"bulletproof\",\"item\":\"rockyhelmet\",\"pokeball\":\"pokeball\",\"ability\":\"bulletproof\",\"commanding\":false,\"reviving\":false,\"teraType\":\"Steel\",\"terastallized\":\"\"},{\"ident\":\"p2: Dudunsparce\",\"details\":\"Dudunsparce-Three-Segment, L83, M\",\"condition\":\"153/343\",\"active\":false,\"stats\":{\"atk\":214,\"def\":180,\"spa\":189,\"spd\":172,\"spe\":139},\"moves\":[\"toxic\",\"boomburst\",\"earthquake\",\"roost\"],\"baseAbility\":\"rattled\",\"item\":\"leftovers\",\"pokeball\":\"pokeball\",\"ability\":\"rattled\",\"commanding\":false,\"reviving\":false,\"teraType\":\"Ground\",\"terastallized\":\"\"},{\"ident\":\"p2: Rampardos\",\"details\":\"Rampardos, L90, F\",\"condition\":\"0 fnt\",\"active\":false,\"stats\":{\"atk\":348,\"def\":159,\"spa\":168,\"spd\":141,\"spe\":156},\"moves\":[\"firepunch\",\"headsmash\",\"earthquake\",\"rockslide\"],\"baseAbility\":\"sheerforce\",\"item\":\"choicescarf\",\"pokeball\":\"pokeball\",\"ability\":\"sheerforce\",\"commanding\":false,\"reviving\":false,\"teraType\":\"Rock\",\"terastallized\":\"\"}]},\"rqid\":229}\n|inactive|Time left: 300 sec this turn | 300 sec total\n|\n|t:|1783392082\n|-curestatus|p1a: Blissey|brn|[from] ability: Natural Cure|[silent]\n|switch|p1a: Corviknight|Corviknight, L80, M|86/100\n|move|p2a: Weezing|Pain Split|p1a: Corviknight\n|-sethp|p1a: Corviknight|88/100|[from] move: Pain Split|[silent]\n|-sethp|p2a: Weezing|252/258|[from] move: Pain Split\n|\n|-heal|p2a: Weezing|258/258|[from] item: Leftovers\n|upkeep\n|turn|109\n|request|{\"active\":[{\"moves\":[{\"move\":\"Fire Blast\",\"id\":\"fireblast\",\"pp\":4,\"maxpp\":8,\"target\":\"normal\",\"disabled\":false},{\"move\":\"Pain Split\",\"id\":\"painsplit\",\"pp\":25,\"maxpp\":32,\"target\":\"normal\",\"disabled\":false},{\"move\":\"Sludge Bomb\",\"id\":\"sludgebomb\",\"pp\":13,\"maxpp\":16,\"target\":\"normal\",\"disabled\":false},{\"move\":\"Will-O-Wisp\",\"id\":\"willowisp\",\"pp\":20,\"maxpp\":24,\"target\":\"normal\",\"disabled\":false}],\"canTerastallize\":\"Steel\"}],\"side\":{\"name\":\"p0y0722144\",\"id\":\"p2\",\"pokemon\":[{\"ident\":\"p2: Weezing\",\"details\":\"Weezing, L88, F\",\"condition\":\"258/258\",\"active\":true,\"stats\":{\"atk\":163,\"def\":261,\"spa\":200,\"spd\":173,\"spe\":156},\"moves\":[\"fireblast\",\"painsplit\",\"sludgebomb\",\"willowisp\"],\"baseAbility\":\"levitate\",\"item\":\"leftovers\",\"pokeball\":\"pokeball\",\"ability\":\"levitate\",\"commanding\":false,\"reviving\":false,\"teraType\":\"Steel\",\"terastallized\":\"\"},{\"ident\":\"p2: Jirachi\",\"details\":\"Jirachi, L80\",\"condition\":\"0 fnt\",\"active\":false,\"stats\":{\"atk\":206,\"def\":206,\"spa\":206,\"spd\":206,\"spe\":206},\"moves\":[\"bodyslam\",\"wish\",\"ironhead\",\"protect\"],\"baseAbility\":\"serenegrace\",\"item\":\"leftovers\",\"pokeball\":\"pokeball\",\"ability\":\"serenegrace\",\"commanding\":false,\"reviving\":false,\"teraType\":\"Water\",\"terastallized\":\"\"},{\"ident\":\"p2: Venusaur\",\"details\":\"Venusaur, L84, M\",\"condition\":\"272/272\",\"active\":false,\"stats\":{\"atk\":142,\"def\":188,\"spa\":216,\"spd\":216,\"spe\":183},\"moves\":[\"synthesis\",\"earthpower\",\"sludgebomb\",\"sleeppowder\"],\"baseAbility\":\"chlorophyll\",\"item\":\"\",\"pokeball\":\"pokeball\",\"ability\":\"chlorophyll\",\"commanding\":false,\"reviving\":false,\"teraType\":\"Steel\",\"terastallized\":\"\"},{\"ident\":\"p2: Chesnaught\",\"details\":\"Chesnaught, L84, M\",\"condition\":\"165/285\",\"active\":false,\"stats\":{\"atk\":228,\"def\":253,\"spa\":173,\"spd\":174,\"spe\":156},\"moves\":[\"knockoff\",\"bodypress\",\"woodhammer\",\"synthesis\"],\"baseAbility\":\"bulletproof\",\"item\":\"rockyhelmet\",\"pokeball\":\"pokeball\",\"ability\":\"bulletproof\",\"commanding\":false,\"reviving\":false,\"teraType\":\"Steel\",\"terastallized\":\"\"},{\"ident\":\"p2: Dudunsparce\",\"details\":\"Dudunsparce-Three-Segment, L83, M\",\"condition\":\"153/343\",\"active\":false,\"stats\":{\"atk\":214,\"def\":180,\"spa\":189,\"spd\":172,\"spe\":139},\"moves\":[\"toxic\",\"boomburst\",\"earthquake\",\"roost\"],\"baseAbility\":\"rattled\",\"item\":\"leftovers\",\"pokeball\":\"pokeball\",\"ability\":\"rattled\",\"commanding\":false,\"reviving\":false,\"teraType\":\"Ground\",\"terastallized\":\"\"},{\"ident\":\"p2: Rampardos\",\"details\":\"Rampardos, L90, F\",\"condition\":\"0 fnt\",\"active\":false,\"stats\":{\"atk\":348,\"def\":159,\"spa\":168,\"spd\":141,\"spe\":156},\"moves\":[\"firepunch\",\"headsmash\",\"earthquake\",\"rockslide\"],\"baseAbility\":\"sheerforce\",\"item\":\"choicescarf\",\"pokeball\":\"pokeball\",\"ability\":\"sheerforce\",\"commanding\":false,\"reviving\":false,\"teraType\":\"Rock\",\"terastallized\":\"\"}]},\"rqid\":231}\n|inactive|Time left: 300 sec this turn | 300 sec total\n|\n|t:|1783392082\n|switch|p1a: Blissey|Blissey, L85, F|94/100\n|move|p2a: Weezing|Will-O-Wisp|p1a: Blissey\n|-status|p1a: Blissey|brn\n|\n|-heal|p1a: Blissey|100/100 brn|[from] item: Leftovers\n|-damage|p1a: Blissey|94/100 brn|[from] brn\n|upkeep\n|turn|110\n|request|{\"active\":[{\"moves\":[{\"move\":\"Fire Blast\",\"id\":\"fireblast\",\"pp\":4,\"maxpp\":8,\"target\":\"normal\",\"disabled\":false},{\"move\":\"Pain Split\",\"id\":\"painsplit\",\"pp\":25,\"maxpp\":32,\"target\":\"normal\",\"disabled\":false},{\"move\":\"Sludge Bomb\",\"id\":\"sludgebomb\",\"pp\":13,\"maxpp\":16,\"target\":\"normal\",\"disabled\":false},{\"move\":\"Will-O-Wisp\",\"id\":\"willowisp\",\"pp\":19,\"maxpp\":24,\"target\":\"normal\",\"disabled\":false}],\"canTerastallize\":\"Steel\"}],\"side\":{\"name\":\"p0y0722144\",\"id\":\"p2\",\"pokemon\":[{\"ident\":\"p2: Weezing\",\"details\":\"Weezing, L88, F\",\"condition\":\"258/258\",\"active\":true,\"stats\":{\"atk\":163,\"def\":261,\"spa\":200,\"spd\":173,\"spe\":156},\"moves\":[\"fireblast\",\"painsplit\",\"sludgebomb\",\"willowisp\"],\"baseAbility\":\"levitate\",\"item\":\"leftovers\",\"pokeball\":\"pokeball\",\"ability\":\"levitate\",\"commanding\":false,\"reviving\":false,\"teraType\":\"Steel\",\"terastallized\":\"\"},{\"ident\":\"p2: Jirachi\",\"details\":\"Jirachi, L80\",\"condition\":\"0 fnt\",\"active\":false,\"stats\":{\"atk\":206,\"def\":206,\"spa\":206,\"spd\":206,\"spe\":206},\"moves\":[\"bodyslam\",\"wish\",\"ironhead\",\"protect\"],\"baseAbility\":\"serenegrace\",\"item\":\"leftovers\",\"pokeball\":\"pokeball\",\"ability\":\"serenegrace\",\"commanding\":false,\"reviving\":false,\"teraType\":\"Water\",\"terastallized\":\"\"},{\"ident\":\"p2: Venusaur\",\"details\":\"Venusaur, L84, M\",\"condition\":\"272/272\",\"active\":false,\"stats\":{\"atk\":142,\"def\":188,\"spa\":216,\"spd\":216,\"spe\":183},\"moves\":[\"synthesis\",\"earthpower\",\"sludgebomb\",\"sleeppowder\"],\"baseAbility\":\"chlorophyll\",\"item\":\"\",\"pokeball\":\"pokeball\",\"ability\":\"chlorophyll\",\"commanding\":false,\"reviving\":false,\"teraType\":\"Steel\",\"terastallized\":\"\"},{\"ident\":\"p2: Chesnaught\",\"details\":\"Chesnaught, L84, M\",\"condition\":\"165/285\",\"active\":false,\"stats\":{\"atk\":228,\"def\":253,\"spa\":173,\"spd\":174,\"spe\":156},\"moves\":[\"knockoff\",\"bodypress\",\"woodhammer\",\"synthesis\"],\"baseAbility\":\"bulletproof\",\"item\":\"rockyhelmet\",\"pokeball\":\"pokeball\",\"ability\":\"bulletproof\",\"commanding\":false,\"reviving\":false,\"teraType\":\"Steel\",\"terastallized\":\"\"},{\"ident\":\"p2: Dudunsparce\",\"details\":\"Dudunsparce-Three-Segment, L83, M\",\"condition\":\"153/343\",\"active\":false,\"stats\":{\"atk\":214,\"def\":180,\"spa\":189,\"spd\":172,\"spe\":139},\"moves\":[\"toxic\",\"boomburst\",\"earthquake\",\"roost\"],\"baseAbility\":\"rattled\",\"item\":\"leftovers\",\"pokeball\":\"pokeball\",\"ability\":\"rattled\",\"commanding\":false,\"reviving\":false,\"teraType\":\"Ground\",\"terastallized\":\"\"},{\"ident\":\"p2: Rampardos\",\"details\":\"Rampardos, L90, F\",\"condition\":\"0 fnt\",\"active\":false,\"stats\":{\"atk\":348,\"def\":159,\"spa\":168,\"spd\":141,\"spe\":156},\"moves\":[\"firepunch\",\"headsmash\",\"earthquake\",\"rockslide\"],\"baseAbility\":\"sheerforce\",\"item\":\"choicescarf\",\"pokeball\":\"pokeball\",\"ability\":\"sheerforce\",\"commanding\":false,\"reviving\":false,\"teraType\":\"Rock\",\"terastallized\":\"\"}]},\"rqid\":233}\n|inactive|Time left: 300 sec this turn | 300 sec total\n|\n|t:|1783392082\n|-curestatus|p1a: Blissey|brn|[from] ability: Natural Cure|[silent]\n|switch|p1a: Corviknight|Corviknight, L80, M|88/100\n|move|p2a: Weezing|Pain Split|p1a: Corviknight\n|-sethp|p1a: Corviknight|89/100|[from] move: Pain Split|[silent]\n|-sethp|p2a: Weezing|255/258|[from] move: Pain Split\n|\n|-heal|p2a: Weezing|258/258|[from] item: Leftovers\n|upkeep\n|turn|111\n|request|{\"active\":[{\"moves\":[{\"move\":\"Fire Blast\",\"id\":\"fireblast\",\"pp\":4,\"maxpp\":8,\"target\":\"normal\",\"disabled\":false},{\"move\":\"Pain Split\",\"id\":\"painsplit\",\"pp\":24,\"maxpp\":32,\"target\":\"normal\",\"disabled\":false},{\"move\":\"Sludge Bomb\",\"id\":\"sludgebomb\",\"pp\":13,\"maxpp\":16,\"target\":\"normal\",\"disabled\":false},{\"move\":\"Will-O-Wisp\",\"id\":\"willowisp\",\"pp\":19,\"maxpp\":24,\"target\":\"normal\",\"disabled\":false}],\"canTerastallize\":\"Steel\"}],\"side\":{\"name\":\"p0y0722144\",\"id\":\"p2\",\"pokemon\":[{\"ident\":\"p2: Weezing\",\"details\":\"Weezing, L88, F\",\"condition\":\"258/258\",\"active\":true,\"stats\":{\"atk\":163,\"def\":261,\"spa\":200,\"spd\":173,\"spe\":156},\"moves\":[\"fireblast\",\"painsplit\",\"sludgebomb\",\"willowisp\"],\"baseAbility\":\"levitate\",\"item\":\"leftovers\",\"pokeball\":\"pokeball\",\"ability\":\"levitate\",\"commanding\":false,\"reviving\":false,\"teraType\":\"Steel\",\"terastallized\":\"\"},{\"ident\":\"p2: Jirachi\",\"details\":\"Jirachi, L80\",\"condition\":\"0 fnt\",\"active\":false,\"stats\":{\"atk\":206,\"def\":206,\"spa\":206,\"spd\":206,\"spe\":206},\"moves\":[\"bodyslam\",\"wish\",\"ironhead\",\"protect\"],\"baseAbility\":\"serenegrace\",\"item\":\"leftovers\",\"pokeball\":\"pokeball\",\"ability\":\"serenegrace\",\"commanding\":false,\"reviving\":false,\"teraType\":\"Water\",\"terastallized\":\"\"},{\"ident\":\"p2: Venusaur\",\"details\":\"Venusaur, L84, M\",\"condition\":\"272/272\",\"active\":false,\"stats\":{\"atk\":142,\"def\":188,\"spa\":216,\"spd\":216,\"spe\":183},\"moves\":[\"synthesis\",\"earthpower\",\"sludgebomb\",\"sleeppowder\"],\"baseAbility\":\"chlorophyll\",\"item\":\"\",\"pokeball\":\"pokeball\",\"ability\":\"chlorophyll\",\"commanding\":false,\"reviving\":false,\"teraType\":\"Steel\",\"terastallized\":\"\"},{\"ident\":\"p2: Chesnaught\",\"details\":\"Chesnaught, L84, M\",\"condition\":\"165/285\",\"active\":false,\"stats\":{\"atk\":228,\"def\":253,\"spa\":173,\"spd\":174,\"spe\":156},\"moves\":[\"knockoff\",\"bodypress\",\"woodhammer\",\"synthesis\"],\"baseAbility\":\"bulletproof\",\"item\":\"rockyhelmet\",\"pokeball\":\"pokeball\",\"ability\":\"bulletproof\",\"commanding\":false,\"reviving\":false,\"teraType\":\"Steel\",\"terastallized\":\"\"},{\"ident\":\"p2: Dudunsparce\",\"details\":\"Dudunsparce-Three-Segment, L83, M\",\"condition\":\"153/343\",\"active\":false,\"stats\":{\"atk\":214,\"def\":180,\"spa\":189,\"spd\":172,\"spe\":139},\"moves\":[\"toxic\",\"boomburst\",\"earthquake\",\"roost\"],\"baseAbility\":\"rattled\",\"item\":\"leftovers\",\"pokeball\":\"pokeball\",\"ability\":\"rattled\",\"commanding\":false,\"reviving\":false,\"teraType\":\"Ground\",\"terastallized\":\"\"},{\"ident\":\"p2: Rampardos\",\"details\":\"Rampardos, L90, F\",\"condition\":\"0 fnt\",\"active\":false,\"stats\":{\"atk\":348,\"def\":159,\"spa\":168,\"spd\":141,\"spe\":156},\"moves\":[\"firepunch\",\"headsmash\",\"earthquake\",\"rockslide\"],\"baseAbility\":\"sheerforce\",\"item\":\"choicescarf\",\"pokeball\":\"pokeball\",\"ability\":\"sheerforce\",\"commanding\":false,\"reviving\":false,\"teraType\":\"Rock\",\"terastallized\":\"\"}]},\"rqid\":235}\n|inactive|Time left: 300 sec this turn | 300 sec total\n|\n|t:|1783392083\n|switch|p1a: Blissey|Blissey, L85, F|94/100\n|move|p2a: Weezing|Will-O-Wisp|p1a: Blissey\n|-status|p1a: Blissey|brn\n|\n|-heal|p1a: Blissey|100/100 brn|[from] item: Leftovers\n|-damage|p1a: Blissey|94/100 brn|[from] brn\n|upkeep\n|turn|112\n|request|{\"active\":[{\"moves\":[{\"move\":\"Fire Blast\",\"id\":\"fireblast\",\"pp\":4,\"maxpp\":8,\"target\":\"normal\",\"disabled\":false},{\"move\":\"Pain Split\",\"id\":\"painsplit\",\"pp\":24,\"maxpp\":32,\"target\":\"normal\",\"disabled\":false},{\"move\":\"Sludge Bomb\",\"id\":\"sludgebomb\",\"pp\":13,\"maxpp\":16,\"target\":\"normal\",\"disabled\":false},{\"move\":\"Will-O-Wisp\",\"id\":\"willowisp\",\"pp\":18,\"maxpp\":24,\"target\":\"normal\",\"disabled\":false}],\"canTerastallize\":\"Steel\"}],\"side\":{\"name\":\"p0y0722144\",\"id\":\"p2\",\"pokemon\":[{\"ident\":\"p2: Weezing\",\"details\":\"Weezing, L88, F\",\"condition\":\"258/258\",\"active\":true,\"stats\":{\"atk\":163,\"def\":261,\"spa\":200,\"spd\":173,\"spe\":156},\"moves\":[\"fireblast\",\"painsplit\",\"sludgebomb\",\"willowisp\"],\"baseAbility\":\"levitate\",\"item\":\"leftovers\",\"pokeball\":\"pokeball\",\"ability\":\"levitate\",\"commanding\":false,\"reviving\":false,\"teraType\":\"Steel\",\"terastallized\":\"\"},{\"ident\":\"p2: Jirachi\",\"details\":\"Jirachi, L80\",\"condition\":\"0 fnt\",\"active\":false,\"stats\":{\"atk\":206,\"def\":206,\"spa\":206,\"spd\":206,\"spe\":206},\"moves\":[\"bodyslam\",\"wish\",\"ironhead\",\"protect\"],\"baseAbility\":\"serenegrace\",\"item\":\"leftovers\",\"pokeball\":\"pokeball\",\"ability\":\"serenegrace\",\"commanding\":false,\"reviving\":false,\"teraType\":\"Water\",\"terastallized\":\"\"},{\"ident\":\"p2: Venusaur\",\"details\":\"Venusaur, L84, M\",\"condition\":\"272/272\",\"active\":false,\"stats\":{\"atk\":142,\"def\":188,\"spa\":216,\"spd\":216,\"spe\":183},\"moves\":[\"synthesis\",\"earthpower\",\"sludgebomb\",\"sleeppowder\"],\"baseAbility\":\"chlorophyll\",\"item\":\"\",\"pokeball\":\"pokeball\",\"ability\":\"chlorophyll\",\"commanding\":false,\"reviving\":false,\"teraType\":\"Steel\",\"terastallized\":\"\"},{\"ident\":\"p2: Chesnaught\",\"details\":\"Chesnaught, L84, M\",\"condition\":\"165/285\",\"active\":false,\"stats\":{\"atk\":228,\"def\":253,\"spa\":173,\"spd\":174,\"spe\":156},\"moves\":[\"knockoff\",\"bodypress\",\"woodhammer\",\"synthesis\"],\"baseAbility\":\"bulletproof\",\"item\":\"rockyhelmet\",\"pokeball\":\"pokeball\",\"ability\":\"bulletproof\",\"commanding\":false,\"reviving\":false,\"teraType\":\"Steel\",\"terastallized\":\"\"},{\"ident\":\"p2: Dudunsparce\",\"details\":\"Dudunsparce-Three-Segment, L83, M\",\"condition\":\"153/343\",\"active\":false,\"stats\":{\"atk\":214,\"def\":180,\"spa\":189,\"spd\":172,\"spe\":139},\"moves\":[\"toxic\",\"boomburst\",\"earthquake\",\"roost\"],\"baseAbility\":\"rattled\",\"item\":\"leftovers\",\"pokeball\":\"pokeball\",\"ability\":\"rattled\",\"commanding\":false,\"reviving\":false,\"teraType\":\"Ground\",\"terastallized\":\"\"},{\"ident\":\"p2: Rampardos\",\"details\":\"Rampardos, L90, F\",\"condition\":\"0 fnt\",\"active\":false,\"stats\":{\"atk\":348,\"def\":159,\"spa\":168,\"spd\":141,\"spe\":156},\"moves\":[\"firepunch\",\"headsmash\",\"earthquake\",\"rockslide\"],\"baseAbility\":\"sheerforce\",\"item\":\"choicescarf\",\"pokeball\":\"pokeball\",\"ability\":\"sheerforce\",\"commanding\":false,\"reviving\":false,\"teraType\":\"Rock\",\"terastallized\":\"\"}]},\"rqid\":237}\n|inactive|Time left: 300 sec this turn | 300 sec total\n|\n|t:|1783392083\n|-curestatus|p1a: Blissey|brn|[from] ability: Natural Cure|[silent]\n|switch|p1a: Corviknight|Corviknight, L80, M|89/100\n|move|p2a: Weezing|Pain Split|p1a: Corviknight\n|-sethp|p1a: Corviknight|89/100|[from] move: Pain Split|[silent]\n|-sethp|p2a: Weezing|256/258|[from] move: Pain Split\n|\n|-heal|p2a: Weezing|258/258|[from] item: Leftovers\n|upkeep\n|turn|113\n|request|{\"active\":[{\"moves\":[{\"move\":\"Fire Blast\",\"id\":\"fireblast\",\"pp\":4,\"maxpp\":8,\"target\":\"normal\",\"disabled\":false},{\"move\":\"Pain Split\",\"id\":\"painsplit\",\"pp\":23,\"maxpp\":32,\"target\":\"normal\",\"disabled\":false},{\"move\":\"Sludge Bomb\",\"id\":\"sludgebomb\",\"pp\":13,\"maxpp\":16,\"target\":\"normal\",\"disabled\":false},{\"move\":\"Will-O-Wisp\",\"id\":\"willowisp\",\"pp\":18,\"maxpp\":24,\"target\":\"normal\",\"disabled\":false}],\"canTerastallize\":\"Steel\"}],\"side\":{\"name\":\"p0y0722144\",\"id\":\"p2\",\"pokemon\":[{\"ident\":\"p2: Weezing\",\"details\":\"Weezing, L88, F\",\"condition\":\"258/258\",\"active\":true,\"stats\":{\"atk\":163,\"def\":261,\"spa\":200,\"spd\":173,\"spe\":156},\"moves\":[\"fireblast\",\"painsplit\",\"sludgebomb\",\"willowisp\"],\"baseAbility\":\"levitate\",\"item\":\"leftovers\",\"pokeball\":\"pokeball\",\"ability\":\"levitate\",\"commanding\":false,\"reviving\":false,\"teraType\":\"Steel\",\"terastallized\":\"\"},{\"ident\":\"p2: Jirachi\",\"details\":\"Jirachi, L80\",\"condition\":\"0 fnt\",\"active\":false,\"stats\":{\"atk\":206,\"def\":206,\"spa\":206,\"spd\":206,\"spe\":206},\"moves\":[\"bodyslam\",\"wish\",\"ironhead\",\"protect\"],\"baseAbility\":\"serenegrace\",\"item\":\"leftovers\",\"pokeball\":\"pokeball\",\"ability\":\"serenegrace\",\"commanding\":false,\"reviving\":false,\"teraType\":\"Water\",\"terastallized\":\"\"},{\"ident\":\"p2: Venusaur\",\"details\":\"Venusaur, L84, M\",\"condition\":\"272/272\",\"active\":false,\"stats\":{\"atk\":142,\"def\":188,\"spa\":216,\"spd\":216,\"spe\":183},\"moves\":[\"synthesis\",\"earthpower\",\"sludgebomb\",\"sleeppowder\"],\"baseAbility\":\"chlorophyll\",\"item\":\"\",\"pokeball\":\"pokeball\",\"ability\":\"chlorophyll\",\"commanding\":false,\"reviving\":false,\"teraType\":\"Steel\",\"terastallized\":\"\"},{\"ident\":\"p2: Chesnaught\",\"details\":\"Chesnaught, L84, M\",\"condition\":\"165/285\",\"active\":false,\"stats\":{\"atk\":228,\"def\":253,\"spa\":173,\"spd\":174,\"spe\":156},\"moves\":[\"knockoff\",\"bodypress\",\"woodhammer\",\"synthesis\"],\"baseAbility\":\"bulletproof\",\"item\":\"rockyhelmet\",\"pokeball\":\"pokeball\",\"ability\":\"bulletproof\",\"commanding\":false,\"reviving\":false,\"teraType\":\"Steel\",\"terastallized\":\"\"},{\"ident\":\"p2: Dudunsparce\",\"details\":\"Dudunsparce-Three-Segment, L83, M\",\"condition\":\"153/343\",\"active\":false,\"stats\":{\"atk\":214,\"def\":180,\"spa\":189,\"spd\":172,\"spe\":139},\"moves\":[\"toxic\",\"boomburst\",\"earthquake\",\"roost\"],\"baseAbility\":\"rattled\",\"item\":\"leftovers\",\"pokeball\":\"pokeball\",\"ability\":\"rattled\",\"commanding\":false,\"reviving\":false,\"teraType\":\"Ground\",\"terastallized\":\"\"},{\"ident\":\"p2: Rampardos\",\"details\":\"Rampardos, L90, F\",\"condition\":\"0 fnt\",\"active\":false,\"stats\":{\"atk\":348,\"def\":159,\"spa\":168,\"spd\":141,\"spe\":156},\"moves\":[\"firepunch\",\"headsmash\",\"earthquake\",\"rockslide\"],\"baseAbility\":\"sheerforce\",\"item\":\"choicescarf\",\"pokeball\":\"pokeball\",\"ability\":\"sheerforce\",\"commanding\":false,\"reviving\":false,\"teraType\":\"Rock\",\"terastallized\":\"\"}]},\"rqid\":239}\n|inactive|Time left: 300 sec this turn | 300 sec total\n|\n|t:|1783392083\n|switch|p1a: Blissey|Blissey, L85, F|94/100\n|move|p2a: Weezing|Will-O-Wisp|p1a: Blissey\n|-status|p1a: Blissey|brn\n|\n|-heal|p1a: Blissey|100/100 brn|[from] item: Leftovers\n|-damage|p1a: Blissey|94/100 brn|[from] brn\n|upkeep\n|turn|114\n|request|{\"active\":[{\"moves\":[{\"move\":\"Fire Blast\",\"id\":\"fireblast\",\"pp\":4,\"maxpp\":8,\"target\":\"normal\",\"disabled\":false},{\"move\":\"Pain Split\",\"id\":\"painsplit\",\"pp\":23,\"maxpp\":32,\"target\":\"normal\",\"disabled\":false},{\"move\":\"Sludge Bomb\",\"id\":\"sludgebomb\",\"pp\":13,\"maxpp\":16,\"target\":\"normal\",\"disabled\":false},{\"move\":\"Will-O-Wisp\",\"id\":\"willowisp\",\"pp\":17,\"maxpp\":24,\"target\":\"normal\",\"disabled\":false}],\"canTerastallize\":\"Steel\"}],\"side\":{\"name\":\"p0y0722144\",\"id\":\"p2\",\"pokemon\":[{\"ident\":\"p2: Weezing\",\"details\":\"Weezing, L88, F\",\"condition\":\"258/258\",\"active\":true,\"stats\":{\"atk\":163,\"def\":261,\"spa\":200,\"spd\":173,\"spe\":156},\"moves\":[\"fireblast\",\"painsplit\",\"sludgebomb\",\"willowisp\"],\"baseAbility\":\"levitate\",\"item\":\"leftovers\",\"pokeball\":\"pokeball\",\"ability\":\"levitate\",\"commanding\":false,\"reviving\":false,\"teraType\":\"Steel\",\"terastallized\":\"\"},{\"ident\":\"p2: Jirachi\",\"details\":\"Jirachi, L80\",\"condition\":\"0 fnt\",\"active\":false,\"stats\":{\"atk\":206,\"def\":206,\"spa\":206,\"spd\":206,\"spe\":206},\"moves\":[\"bodyslam\",\"wish\",\"ironhead\",\"protect\"],\"baseAbility\":\"serenegrace\",\"item\":\"leftovers\",\"pokeball\":\"pokeball\",\"ability\":\"serenegrace\",\"commanding\":false,\"reviving\":false,\"teraType\":\"Water\",\"terastallized\":\"\"},{\"ident\":\"p2: Venusaur\",\"details\":\"Venusaur, L84, M\",\"condition\":\"272/272\",\"active\":false,\"stats\":{\"atk\":142,\"def\":188,\"spa\":216,\"spd\":216,\"spe\":183},\"moves\":[\"synthesis\",\"earthpower\",\"sludgebomb\",\"sleeppowder\"],\"baseAbility\":\"chlorophyll\",\"item\":\"\",\"pokeball\":\"pokeball\",\"ability\":\"chlorophyll\",\"commanding\":false,\"reviving\":false,\"teraType\":\"Steel\",\"terastallized\":\"\"},{\"ident\":\"p2: Chesnaught\",\"details\":\"Chesnaught, L84, M\",\"condition\":\"165/285\",\"active\":false,\"stats\":{\"atk\":228,\"def\":253,\"spa\":173,\"spd\":174,\"spe\":156},\"moves\":[\"knockoff\",\"bodypress\",\"woodhammer\",\"synthesis\"],\"baseAbility\":\"bulletproof\",\"item\":\"rockyhelmet\",\"pokeball\":\"pokeball\",\"ability\":\"bulletproof\",\"commanding\":false,\"reviving\":false,\"teraType\":\"Steel\",\"terastallized\":\"\"},{\"ident\":\"p2: Dudunsparce\",\"details\":\"Dudunsparce-Three-Segment, L83, M\",\"condition\":\"153/343\",\"active\":false,\"stats\":{\"atk\":214,\"def\":180,\"spa\":189,\"spd\":172,\"spe\":139},\"moves\":[\"toxic\",\"boomburst\",\"earthquake\",\"roost\"],\"baseAbility\":\"rattled\",\"item\":\"leftovers\",\"pokeball\":\"pokeball\",\"ability\":\"rattled\",\"commanding\":false,\"reviving\":false,\"teraType\":\"Ground\",\"terastallized\":\"\"},{\"ident\":\"p2: Rampardos\",\"details\":\"Rampardos, L90, F\",\"condition\":\"0 fnt\",\"active\":false,\"stats\":{\"atk\":348,\"def\":159,\"spa\":168,\"spd\":141,\"spe\":156},\"moves\":[\"firepunch\",\"headsmash\",\"earthquake\",\"rockslide\"],\"baseAbility\":\"sheerforce\",\"item\":\"choicescarf\",\"pokeball\":\"pokeball\",\"ability\":\"sheerforce\",\"commanding\":false,\"reviving\":false,\"teraType\":\"Rock\",\"terastallized\":\"\"}]},\"rqid\":241}\n|inactive|Time left: 300 sec this turn | 300 sec total\n|\n|t:|1783392083\n|-curestatus|p1a: Blissey|brn|[from] ability: Natural Cure|[silent]\n|switch|p1a: Corviknight|Corviknight, L80, M|89/100\n|move|p2a: Weezing|Pain Split|p1a: Corviknight\n|-sethp|p1a: Corviknight|90/100|[from] move: Pain Split|[silent]\n|-sethp|p2a: Weezing|257/258|[from] move: Pain Split\n|\n|-heal|p2a: Weezing|258/258|[from] item: Leftovers\n|upkeep\n|turn|115\n|request|{\"active\":[{\"moves\":[{\"move\":\"Fire Blast\",\"id\":\"fireblast\",\"pp\":4,\"maxpp\":8,\"target\":\"normal\",\"disabled\":false},{\"move\":\"Pain Split\",\"id\":\"painsplit\",\"pp\":22,\"maxpp\":32,\"target\":\"normal\",\"disabled\":false},{\"move\":\"Sludge Bomb\",\"id\":\"sludgebomb\",\"pp\":13,\"maxpp\":16,\"target\":\"normal\",\"disabled\":false},{\"move\":\"Will-O-Wisp\",\"id\":\"willowisp\",\"pp\":17,\"maxpp\":24,\"target\":\"normal\",\"disabled\":false}],\"canTerastallize\":\"Steel\"}],\"side\":{\"name\":\"p0y0722144\",\"id\":\"p2\",\"pokemon\":[{\"ident\":\"p2: Weezing\",\"details\":\"Weezing, L88, F\",\"condition\":\"258/258\",\"active\":true,\"stats\":{\"atk\":163,\"def\":261,\"spa\":200,\"spd\":173,\"spe\":156},\"moves\":[\"fireblast\",\"painsplit\",\"sludgebomb\",\"willowisp\"],\"baseAbility\":\"levitate\",\"item\":\"leftovers\",\"pokeball\":\"pokeball\",\"ability\":\"levitate\",\"commanding\":false,\"reviving\":false,\"teraType\":\"Steel\",\"terastallized\":\"\"},{\"ident\":\"p2: Jirachi\",\"details\":\"Jirachi, L80\",\"condition\":\"0 fnt\",\"active\":false,\"stats\":{\"atk\":206,\"def\":206,\"spa\":206,\"spd\":206,\"spe\":206},\"moves\":[\"bodyslam\",\"wish\",\"ironhead\",\"protect\"],\"baseAbility\":\"serenegrace\",\"item\":\"leftovers\",\"pokeball\":\"pokeball\",\"ability\":\"serenegrace\",\"commanding\":false,\"reviving\":false,\"teraType\":\"Water\",\"terastallized\":\"\"},{\"ident\":\"p2: Venusaur\",\"details\":\"Venusaur, L84, M\",\"condition\":\"272/272\",\"active\":false,\"stats\":{\"atk\":142,\"def\":188,\"spa\":216,\"spd\":216,\"spe\":183},\"moves\":[\"synthesis\",\"earthpower\",\"sludgebomb\",\"sleeppowder\"],\"baseAbility\":\"chlorophyll\",\"item\":\"\",\"pokeball\":\"pokeball\",\"ability\":\"chlorophyll\",\"commanding\":false,\"reviving\":false,\"teraType\":\"Steel\",\"terastallized\":\"\"},{\"ident\":\"p2: Chesnaught\",\"details\":\"Chesnaught, L84, M\",\"condition\":\"165/285\",\"active\":false,\"stats\":{\"atk\":228,\"def\":253,\"spa\":173,\"spd\":174,\"spe\":156},\"moves\":[\"knockoff\",\"bodypress\",\"woodhammer\",\"synthesis\"],\"baseAbility\":\"bulletproof\",\"item\":\"rockyhelmet\",\"pokeball\":\"pokeball\",\"ability\":\"bulletproof\",\"commanding\":false,\"reviving\":false,\"teraType\":\"Steel\",\"terastallized\":\"\"},{\"ident\":\"p2: Dudunsparce\",\"details\":\"Dudunsparce-Three-Segment, L83, M\",\"condition\":\"153/343\",\"active\":false,\"stats\":{\"atk\":214,\"def\":180,\"spa\":189,\"spd\":172,\"spe\":139},\"moves\":[\"toxic\",\"boomburst\",\"earthquake\",\"roost\"],\"baseAbility\":\"rattled\",\"item\":\"leftovers\",\"pokeball\":\"pokeball\",\"ability\":\"rattled\",\"commanding\":false,\"reviving\":false,\"teraType\":\"Ground\",\"terastallized\":\"\"},{\"ident\":\"p2: Rampardos\",\"details\":\"Rampardos, L90, F\",\"condition\":\"0 fnt\",\"active\":false,\"stats\":{\"atk\":348,\"def\":159,\"spa\":168,\"spd\":141,\"spe\":156},\"moves\":[\"firepunch\",\"headsmash\",\"earthquake\",\"rockslide\"],\"baseAbility\":\"sheerforce\",\"item\":\"choicescarf\",\"pokeball\":\"pokeball\",\"ability\":\"sheerforce\",\"commanding\":false,\"reviving\":false,\"teraType\":\"Rock\",\"terastallized\":\"\"}]},\"rqid\":243}\n|inactive|Time left: 300 sec this turn | 300 sec total\n|\n|t:|1783392084\n|switch|p1a: Blissey|Blissey, L85, F|94/100\n|move|p2a: Weezing|Will-O-Wisp|p1a: Blissey\n|-status|p1a: Blissey|brn\n|\n|-heal|p1a: Blissey|100/100 brn|[from] item: Leftovers\n|-damage|p1a: Blissey|94/100 brn|[from] brn\n|upkeep\n|turn|116\n|request|{\"active\":[{\"moves\":[{\"move\":\"Fire Blast\",\"id\":\"fireblast\",\"pp\":4,\"maxpp\":8,\"target\":\"normal\",\"disabled\":false},{\"move\":\"Pain Split\",\"id\":\"painsplit\",\"pp\":22,\"maxpp\":32,\"target\":\"normal\",\"disabled\":false},{\"move\":\"Sludge Bomb\",\"id\":\"sludgebomb\",\"pp\":13,\"maxpp\":16,\"target\":\"normal\",\"disabled\":false},{\"move\":\"Will-O-Wisp\",\"id\":\"willowisp\",\"pp\":16,\"maxpp\":24,\"target\":\"normal\",\"disabled\":false}],\"canTerastallize\":\"Steel\"}],\"side\":{\"name\":\"p0y0722144\",\"id\":\"p2\",\"pokemon\":[{\"ident\":\"p2: Weezing\",\"details\":\"Weezing, L88, F\",\"condition\":\"258/258\",\"active\":true,\"stats\":{\"atk\":163,\"def\":261,\"spa\":200,\"spd\":173,\"spe\":156},\"moves\":[\"fireblast\",\"painsplit\",\"sludgebomb\",\"willowisp\"],\"baseAbility\":\"levitate\",\"item\":\"leftovers\",\"pokeball\":\"pokeball\",\"ability\":\"levitate\",\"commanding\":false,\"reviving\":false,\"teraType\":\"Steel\",\"terastallized\":\"\"},{\"ident\":\"p2: Jirachi\",\"details\":\"Jirachi, L80\",\"condition\":\"0 fnt\",\"active\":false,\"stats\":{\"atk\":206,\"def\":206,\"spa\":206,\"spd\":206,\"spe\":206},\"moves\":[\"bodyslam\",\"wish\",\"ironhead\",\"protect\"],\"baseAbility\":\"serenegrace\",\"item\":\"leftovers\",\"pokeball\":\"pokeball\",\"ability\":\"serenegrace\",\"commanding\":false,\"reviving\":false,\"teraType\":\"Water\",\"terastallized\":\"\"},{\"ident\":\"p2: Venusaur\",\"details\":\"Venusaur, L84, M\",\"condition\":\"272/272\",\"active\":false,\"stats\":{\"atk\":142,\"def\":188,\"spa\":216,\"spd\":216,\"spe\":183},\"moves\":[\"synthesis\",\"earthpower\",\"sludgebomb\",\"sleeppowder\"],\"baseAbility\":\"chlorophyll\",\"item\":\"\",\"pokeball\":\"pokeball\",\"ability\":\"chlorophyll\",\"commanding\":false,\"reviving\":false,\"teraType\":\"Steel\",\"terastallized\":\"\"},{\"ident\":\"p2: Chesnaught\",\"details\":\"Chesnaught, L84, M\",\"condition\":\"165/285\",\"active\":false,\"stats\":{\"atk\":228,\"def\":253,\"spa\":173,\"spd\":174,\"spe\":156},\"moves\":[\"knockoff\",\"bodypress\",\"woodhammer\",\"synthesis\"],\"baseAbility\":\"bulletproof\",\"item\":\"rockyhelmet\",\"pokeball\":\"pokeball\",\"ability\":\"bulletproof\",\"commanding\":false,\"reviving\":false,\"teraType\":\"Steel\",\"terastallized\":\"\"},{\"ident\":\"p2: Dudunsparce\",\"details\":\"Dudunsparce-Three-Segment, L83, M\",\"condition\":\"153/343\",\"active\":false,\"stats\":{\"atk\":214,\"def\":180,\"spa\":189,\"spd\":172,\"spe\":139},\"moves\":[\"toxic\",\"boomburst\",\"earthquake\",\"roost\"],\"baseAbility\":\"rattled\",\"item\":\"leftovers\",\"pokeball\":\"pokeball\",\"ability\":\"rattled\",\"commanding\":false,\"reviving\":false,\"teraType\":\"Ground\",\"terastallized\":\"\"},{\"ident\":\"p2: Rampardos\",\"details\":\"Rampardos, L90, F\",\"condition\":\"0 fnt\",\"active\":false,\"stats\":{\"atk\":348,\"def\":159,\"spa\":168,\"spd\":141,\"spe\":156},\"moves\":[\"firepunch\",\"headsmash\",\"earthquake\",\"rockslide\"],\"baseAbility\":\"sheerforce\",\"item\":\"choicescarf\",\"pokeball\":\"pokeball\",\"ability\":\"sheerforce\",\"commanding\":false,\"reviving\":false,\"teraType\":\"Rock\",\"terastallized\":\"\"}]},\"rqid\":245}\n|inactive|Time left: 300 sec this turn | 300 sec total\n|\n|t:|1783392084\n|-curestatus|p1a: Blissey|brn|[from] ability: Natural Cure|[silent]\n|switch|p1a: Corviknight|Corviknight, L80, M|90/100\n|move|p2a: Weezing|Pain Split|p1a: Corviknight\n|-sethp|p1a: Corviknight|90/100|[from] move: Pain Split|[silent]\n|-sethp|p2a: Weezing|257/258|[from] move: Pain Split\n|\n|-heal|p2a: Weezing|258/258|[from] item: Leftovers\n|upkeep\n|turn|117\n|request|{\"active\":[{\"moves\":[{\"move\":\"Fire Blast\",\"id\":\"fireblast\",\"pp\":4,\"maxpp\":8,\"target\":\"normal\",\"disabled\":false},{\"move\":\"Pain Split\",\"id\":\"painsplit\",\"pp\":21,\"maxpp\":32,\"target\":\"normal\",\"disabled\":false},{\"move\":\"Sludge Bomb\",\"id\":\"sludgebomb\",\"pp\":13,\"maxpp\":16,\"target\":\"normal\",\"disabled\":false},{\"move\":\"Will-O-Wisp\",\"id\":\"willowisp\",\"pp\":16,\"maxpp\":24,\"target\":\"normal\",\"disabled\":false}],\"canTerastallize\":\"Steel\"}],\"side\":{\"name\":\"p0y0722144\",\"id\":\"p2\",\"pokemon\":[{\"ident\":\"p2: Weezing\",\"details\":\"Weezing, L88, F\",\"condition\":\"258/258\",\"active\":true,\"stats\":{\"atk\":163,\"def\":261,\"spa\":200,\"spd\":173,\"spe\":156},\"moves\":[\"fireblast\",\"painsplit\",\"sludgebomb\",\"willowisp\"],\"baseAbility\":\"levitate\",\"item\":\"leftovers\",\"pokeball\":\"pokeball\",\"ability\":\"levitate\",\"commanding\":false,\"reviving\":false,\"teraType\":\"Steel\",\"terastallized\":\"\"},{\"ident\":\"p2: Jirachi\",\"details\":\"Jirachi, L80\",\"condition\":\"0 fnt\",\"active\":false,\"stats\":{\"atk\":206,\"def\":206,\"spa\":206,\"spd\":206,\"spe\":206},\"moves\":[\"bodyslam\",\"wish\",\"ironhead\",\"protect\"],\"baseAbility\":\"serenegrace\",\"item\":\"leftovers\",\"pokeball\":\"pokeball\",\"ability\":\"serenegrace\",\"commanding\":false,\"reviving\":false,\"teraType\":\"Water\",\"terastallized\":\"\"},{\"ident\":\"p2: Venusaur\",\"details\":\"Venusaur, L84, M\",\"condition\":\"272/272\",\"active\":false,\"stats\":{\"atk\":142,\"def\":188,\"spa\":216,\"spd\":216,\"spe\":183},\"moves\":[\"synthesis\",\"earthpower\",\"sludgebomb\",\"sleeppowder\"],\"baseAbility\":\"chlorophyll\",\"item\":\"\",\"pokeball\":\"pokeball\",\"ability\":\"chlorophyll\",\"commanding\":false,\"reviving\":false,\"teraType\":\"Steel\",\"terastallized\":\"\"},{\"ident\":\"p2: Chesnaught\",\"details\":\"Chesnaught, L84, M\",\"condition\":\"165/285\",\"active\":false,\"stats\":{\"atk\":228,\"def\":253,\"spa\":173,\"spd\":174,\"spe\":156},\"moves\":[\"knockoff\",\"bodypress\",\"woodhammer\",\"synthesis\"],\"baseAbility\":\"bulletproof\",\"item\":\"rockyhelmet\",\"pokeball\":\"pokeball\",\"ability\":\"bulletproof\",\"commanding\":false,\"reviving\":false,\"teraType\":\"Steel\",\"terastallized\":\"\"},{\"ident\":\"p2: Dudunsparce\",\"details\":\"Dudunsparce-Three-Segment, L83, M\",\"condition\":\"153/343\",\"active\":false,\"stats\":{\"atk\":214,\"def\":180,\"spa\":189,\"spd\":172,\"spe\":139},\"moves\":[\"toxic\",\"boomburst\",\"earthquake\",\"roost\"],\"baseAbility\":\"rattled\",\"item\":\"leftovers\",\"pokeball\":\"pokeball\",\"ability\":\"rattled\",\"commanding\":false,\"reviving\":false,\"teraType\":\"Ground\",\"terastallized\":\"\"},{\"ident\":\"p2: Rampardos\",\"details\":\"Rampardos, L90, F\",\"condition\":\"0 fnt\",\"active\":false,\"stats\":{\"atk\":348,\"def\":159,\"spa\":168,\"spd\":141,\"spe\":156},\"moves\":[\"firepunch\",\"headsmash\",\"earthquake\",\"rockslide\"],\"baseAbility\":\"sheerforce\",\"item\":\"choicescarf\",\"pokeball\":\"pokeball\",\"ability\":\"sheerforce\",\"commanding\":false,\"reviving\":false,\"teraType\":\"Rock\",\"terastallized\":\"\"}]},\"rqid\":247}\n|inactive|Time left: 300 sec this turn | 300 sec total\n|\n|t:|1783392084\n|switch|p1a: Blissey|Blissey, L85, F|94/100\n|move|p2a: Weezing|Will-O-Wisp|p1a: Blissey\n|-status|p1a: Blissey|brn\n|\n|-heal|p1a: Blissey|100/100 brn|[from] item: Leftovers\n|-damage|p1a: Blissey|94/100 brn|[from] brn\n|upkeep\n|turn|118\n|request|{\"active\":[{\"moves\":[{\"move\":\"Fire Blast\",\"id\":\"fireblast\",\"pp\":4,\"maxpp\":8,\"target\":\"normal\",\"disabled\":false},{\"move\":\"Pain Split\",\"id\":\"painsplit\",\"pp\":21,\"maxpp\":32,\"target\":\"normal\",\"disabled\":false},{\"move\":\"Sludge Bomb\",\"id\":\"sludgebomb\",\"pp\":13,\"maxpp\":16,\"target\":\"normal\",\"disabled\":false},{\"move\":\"Will-O-Wisp\",\"id\":\"willowisp\",\"pp\":15,\"maxpp\":24,\"target\":\"normal\",\"disabled\":false}],\"canTerastallize\":\"Steel\"}],\"side\":{\"name\":\"p0y0722144\",\"id\":\"p2\",\"pokemon\":[{\"ident\":\"p2: Weezing\",\"details\":\"Weezing, L88, F\",\"condition\":\"258/258\",\"active\":true,\"stats\":{\"atk\":163,\"def\":261,\"spa\":200,\"spd\":173,\"spe\":156},\"moves\":[\"fireblast\",\"painsplit\",\"sludgebomb\",\"willowisp\"],\"baseAbility\":\"levitate\",\"item\":\"leftovers\",\"pokeball\":\"pokeball\",\"ability\":\"levitate\",\"commanding\":false,\"reviving\":false,\"teraType\":\"Steel\",\"terastallized\":\"\"},{\"ident\":\"p2: Jirachi\",\"details\":\"Jirachi, L80\",\"condition\":\"0 fnt\",\"active\":false,\"stats\":{\"atk\":206,\"def\":206,\"spa\":206,\"spd\":206,\"spe\":206},\"moves\":[\"bodyslam\",\"wish\",\"ironhead\",\"protect\"],\"baseAbility\":\"serenegrace\",\"item\":\"leftovers\",\"pokeball\":\"pokeball\",\"ability\":\"serenegrace\",\"commanding\":false,\"reviving\":false,\"teraType\":\"Water\",\"terastallized\":\"\"},{\"ident\":\"p2: Venusaur\",\"details\":\"Venusaur, L84, M\",\"condition\":\"272/272\",\"active\":false,\"stats\":{\"atk\":142,\"def\":188,\"spa\":216,\"spd\":216,\"spe\":183},\"moves\":[\"synthesis\",\"earthpower\",\"sludgebomb\",\"sleeppowder\"],\"baseAbility\":\"chlorophyll\",\"item\":\"\",\"pokeball\":\"pokeball\",\"ability\":\"chlorophyll\",\"commanding\":false,\"reviving\":false,\"teraType\":\"Steel\",\"terastallized\":\"\"},{\"ident\":\"p2: Chesnaught\",\"details\":\"Chesnaught, L84, M\",\"condition\":\"165/285\",\"active\":false,\"stats\":{\"atk\":228,\"def\":253,\"spa\":173,\"spd\":174,\"spe\":156},\"moves\":[\"knockoff\",\"bodypress\",\"woodhammer\",\"synthesis\"],\"baseAbility\":\"bulletproof\",\"item\":\"rockyhelmet\",\"pokeball\":\"pokeball\",\"ability\":\"bulletproof\",\"commanding\":false,\"reviving\":false,\"teraType\":\"Steel\",\"terastallized\":\"\"},{\"ident\":\"p2: Dudunsparce\",\"details\":\"Dudunsparce-Three-Segment, L83, M\",\"condition\":\"153/343\",\"active\":false,\"stats\":{\"atk\":214,\"def\":180,\"spa\":189,\"spd\":172,\"spe\":139},\"moves\":[\"toxic\",\"boomburst\",\"earthquake\",\"roost\"],\"baseAbility\":\"rattled\",\"item\":\"leftovers\",\"pokeball\":\"pokeball\",\"ability\":\"rattled\",\"commanding\":false,\"reviving\":false,\"teraType\":\"Ground\",\"terastallized\":\"\"},{\"ident\":\"p2: Rampardos\",\"details\":\"Rampardos, L90, F\",\"condition\":\"0 fnt\",\"active\":false,\"stats\":{\"atk\":348,\"def\":159,\"spa\":168,\"spd\":141,\"spe\":156},\"moves\":[\"firepunch\",\"headsmash\",\"earthquake\",\"rockslide\"],\"baseAbility\":\"sheerforce\",\"item\":\"choicescarf\",\"pokeball\":\"pokeball\",\"ability\":\"sheerforce\",\"commanding\":false,\"reviving\":false,\"teraType\":\"Rock\",\"terastallized\":\"\"}]},\"rqid\":249}\n|inactive|Time left: 300 sec this turn | 300 sec total\n|\n|t:|1783392084\n|-curestatus|p1a: Blissey|brn|[from] ability: Natural Cure|[silent]\n|switch|p1a: Corviknight|Corviknight, L80, M|90/100\n|move|p2a: Weezing|Pain Split|p1a: Corviknight\n|-sethp|p1a: Corviknight|90/100|[from] move: Pain Split|[silent]\n|-sethp|p2a: Weezing|257/258|[from] move: Pain Split\n|\n|-heal|p2a: Weezing|258/258|[from] item: Leftovers\n|upkeep\n|turn|119\n|request|{\"active\":[{\"moves\":[{\"move\":\"Fire Blast\",\"id\":\"fireblast\",\"pp\":4,\"maxpp\":8,\"target\":\"normal\",\"disabled\":false},{\"move\":\"Pain Split\",\"id\":\"painsplit\",\"pp\":20,\"maxpp\":32,\"target\":\"normal\",\"disabled\":false},{\"move\":\"Sludge Bomb\",\"id\":\"sludgebomb\",\"pp\":13,\"maxpp\":16,\"target\":\"normal\",\"disabled\":false},{\"move\":\"Will-O-Wisp\",\"id\":\"willowisp\",\"pp\":15,\"maxpp\":24,\"target\":\"normal\",\"disabled\":false}],\"canTerastallize\":\"Steel\"}],\"side\":{\"name\":\"p0y0722144\",\"id\":\"p2\",\"pokemon\":[{\"ident\":\"p2: Weezing\",\"details\":\"Weezing, L88, F\",\"condition\":\"258/258\",\"active\":true,\"stats\":{\"atk\":163,\"def\":261,\"spa\":200,\"spd\":173,\"spe\":156},\"moves\":[\"fireblast\",\"painsplit\",\"sludgebomb\",\"willowisp\"],\"baseAbility\":\"levitate\",\"item\":\"leftovers\",\"pokeball\":\"pokeball\",\"ability\":\"levitate\",\"commanding\":false,\"reviving\":false,\"teraType\":\"Steel\",\"terastallized\":\"\"},{\"ident\":\"p2: Jirachi\",\"details\":\"Jirachi, L80\",\"condition\":\"0 fnt\",\"active\":false,\"stats\":{\"atk\":206,\"def\":206,\"spa\":206,\"spd\":206,\"spe\":206},\"moves\":[\"bodyslam\",\"wish\",\"ironhead\",\"protect\"],\"baseAbility\":\"serenegrace\",\"item\":\"leftovers\",\"pokeball\":\"pokeball\",\"ability\":\"serenegrace\",\"commanding\":false,\"reviving\":false,\"teraType\":\"Water\",\"terastallized\":\"\"},{\"ident\":\"p2: Venusaur\",\"details\":\"Venusaur, L84, M\",\"condition\":\"272/272\",\"active\":false,\"stats\":{\"atk\":142,\"def\":188,\"spa\":216,\"spd\":216,\"spe\":183},\"moves\":[\"synthesis\",\"earthpower\",\"sludgebomb\",\"sleeppowder\"],\"baseAbility\":\"chlorophyll\",\"item\":\"\",\"pokeball\":\"pokeball\",\"ability\":\"chlorophyll\",\"commanding\":false,\"reviving\":false,\"teraType\":\"Steel\",\"terastallized\":\"\"},{\"ident\":\"p2: Chesnaught\",\"details\":\"Chesnaught, L84, M\",\"condition\":\"165/285\",\"active\":false,\"stats\":{\"atk\":228,\"def\":253,\"spa\":173,\"spd\":174,\"spe\":156},\"moves\":[\"knockoff\",\"bodypress\",\"woodhammer\",\"synthesis\"],\"baseAbility\":\"bulletproof\",\"item\":\"rockyhelmet\",\"pokeball\":\"pokeball\",\"ability\":\"bulletproof\",\"commanding\":false,\"reviving\":false,\"teraType\":\"Steel\",\"terastallized\":\"\"},{\"ident\":\"p2: Dudunsparce\",\"details\":\"Dudunsparce-Three-Segment, L83, M\",\"condition\":\"153/343\",\"active\":false,\"stats\":{\"atk\":214,\"def\":180,\"spa\":189,\"spd\":172,\"spe\":139},\"moves\":[\"toxic\",\"boomburst\",\"earthquake\",\"roost\"],\"baseAbility\":\"rattled\",\"item\":\"leftovers\",\"pokeball\":\"pokeball\",\"ability\":\"rattled\",\"commanding\":false,\"reviving\":false,\"teraType\":\"Ground\",\"terastallized\":\"\"},{\"ident\":\"p2: Rampardos\",\"details\":\"Rampardos, L90, F\",\"condition\":\"0 fnt\",\"active\":false,\"stats\":{\"atk\":348,\"def\":159,\"spa\":168,\"spd\":141,\"spe\":156},\"moves\":[\"firepunch\",\"headsmash\",\"earthquake\",\"rockslide\"],\"baseAbility\":\"sheerforce\",\"item\":\"choicescarf\",\"pokeball\":\"pokeball\",\"ability\":\"sheerforce\",\"commanding\":false,\"reviving\":false,\"teraType\":\"Rock\",\"terastallized\":\"\"}]},\"rqid\":251}\n|inactive|Time left: 300 sec this turn | 300 sec total\n|\n|t:|1783392085\n|switch|p1a: Blissey|Blissey, L85, F|94/100\n|move|p2a: Weezing|Will-O-Wisp|p1a: Blissey\n|-status|p1a: Blissey|brn\n|\n|-heal|p1a: Blissey|100/100 brn|[from] item: Leftovers\n|-damage|p1a: Blissey|94/100 brn|[from] brn\n|upkeep\n|turn|120\n|request|{\"active\":[{\"moves\":[{\"move\":\"Fire Blast\",\"id\":\"fireblast\",\"pp\":4,\"maxpp\":8,\"target\":\"normal\",\"disabled\":false},{\"move\":\"Pain Split\",\"id\":\"painsplit\",\"pp\":20,\"maxpp\":32,\"target\":\"normal\",\"disabled\":false},{\"move\":\"Sludge Bomb\",\"id\":\"sludgebomb\",\"pp\":13,\"maxpp\":16,\"target\":\"normal\",\"disabled\":false},{\"move\":\"Will-O-Wisp\",\"id\":\"willowisp\",\"pp\":14,\"maxpp\":24,\"target\":\"normal\",\"disabled\":false}],\"canTerastallize\":\"Steel\"}],\"side\":{\"name\":\"p0y0722144\",\"id\":\"p2\",\"pokemon\":[{\"ident\":\"p2: Weezing\",\"details\":\"Weezing, L88, F\",\"condition\":\"258/258\",\"active\":true,\"stats\":{\"atk\":163,\"def\":261,\"spa\":200,\"spd\":173,\"spe\":156},\"moves\":[\"fireblast\",\"painsplit\",\"sludgebomb\",\"willowisp\"],\"baseAbility\":\"levitate\",\"item\":\"leftovers\",\"pokeball\":\"pokeball\",\"ability\":\"levitate\",\"commanding\":false,\"reviving\":false,\"teraType\":\"Steel\",\"terastallized\":\"\"},{\"ident\":\"p2: Jirachi\",\"details\":\"Jirachi, L80\",\"condition\":\"0 fnt\",\"active\":false,\"stats\":{\"atk\":206,\"def\":206,\"spa\":206,\"spd\":206,\"spe\":206},\"moves\":[\"bodyslam\",\"wish\",\"ironhead\",\"protect\"],\"baseAbility\":\"serenegrace\",\"item\":\"leftovers\",\"pokeball\":\"pokeball\",\"ability\":\"serenegrace\",\"commanding\":false,\"reviving\":false,\"teraType\":\"Water\",\"terastallized\":\"\"},{\"ident\":\"p2: Venusaur\",\"details\":\"Venusaur, L84, M\",\"condition\":\"272/272\",\"active\":false,\"stats\":{\"atk\":142,\"def\":188,\"spa\":216,\"spd\":216,\"spe\":183},\"moves\":[\"synthesis\",\"earthpower\",\"sludgebomb\",\"sleeppowder\"],\"baseAbility\":\"chlorophyll\",\"item\":\"\",\"pokeball\":\"pokeball\",\"ability\":\"chlorophyll\",\"commanding\":false,\"reviving\":false,\"teraType\":\"Steel\",\"terastallized\":\"\"},{\"ident\":\"p2: Chesnaught\",\"details\":\"Chesnaught, L84, M\",\"condition\":\"165/285\",\"active\":false,\"stats\":{\"atk\":228,\"def\":253,\"spa\":173,\"spd\":174,\"spe\":156},\"moves\":[\"knockoff\",\"bodypress\",\"woodhammer\",\"synthesis\"],\"baseAbility\":\"bulletproof\",\"item\":\"rockyhelmet\",\"pokeball\":\"pokeball\",\"ability\":\"bulletproof\",\"commanding\":false,\"reviving\":false,\"teraType\":\"Steel\",\"terastallized\":\"\"},{\"ident\":\"p2: Dudunsparce\",\"details\":\"Dudunsparce-Three-Segment, L83, M\",\"condition\":\"153/343\",\"active\":false,\"stats\":{\"atk\":214,\"def\":180,\"spa\":189,\"spd\":172,\"spe\":139},\"moves\":[\"toxic\",\"boomburst\",\"earthquake\",\"roost\"],\"baseAbility\":\"rattled\",\"item\":\"leftovers\",\"pokeball\":\"pokeball\",\"ability\":\"rattled\",\"commanding\":false,\"reviving\":false,\"teraType\":\"Ground\",\"terastallized\":\"\"},{\"ident\":\"p2: Rampardos\",\"details\":\"Rampardos, L90, F\",\"condition\":\"0 fnt\",\"active\":false,\"stats\":{\"atk\":348,\"def\":159,\"spa\":168,\"spd\":141,\"spe\":156},\"moves\":[\"firepunch\",\"headsmash\",\"earthquake\",\"rockslide\"],\"baseAbility\":\"sheerforce\",\"item\":\"choicescarf\",\"pokeball\":\"pokeball\",\"ability\":\"sheerforce\",\"commanding\":false,\"reviving\":false,\"teraType\":\"Rock\",\"terastallized\":\"\"}]},\"rqid\":253}\n|inactive|Time left: 300 sec this turn | 300 sec total\n|\n|t:|1783392085\n|-curestatus|p1a: Blissey|brn|[from] ability: Natural Cure|[silent]\n|switch|p1a: Corviknight|Corviknight, L80, M|90/100\n|move|p2a: Weezing|Pain Split|p1a: Corviknight\n|-sethp|p1a: Corviknight|90/100|[from] move: Pain Split|[silent]\n|-sethp|p2a: Weezing|257/258|[from] move: Pain Split\n|\n|-heal|p2a: Weezing|258/258|[from] item: Leftovers\n|upkeep\n|turn|121\n|request|{\"active\":[{\"moves\":[{\"move\":\"Fire Blast\",\"id\":\"fireblast\",\"pp\":4,\"maxpp\":8,\"target\":\"normal\",\"disabled\":false},{\"move\":\"Pain Split\",\"id\":\"painsplit\",\"pp\":19,\"maxpp\":32,\"target\":\"normal\",\"disabled\":false},{\"move\":\"Sludge Bomb\",\"id\":\"sludgebomb\",\"pp\":13,\"maxpp\":16,\"target\":\"normal\",\"disabled\":false},{\"move\":\"Will-O-Wisp\",\"id\":\"willowisp\",\"pp\":14,\"maxpp\":24,\"target\":\"normal\",\"disabled\":false}],\"canTerastallize\":\"Steel\"}],\"side\":{\"name\":\"p0y0722144\",\"id\":\"p2\",\"pokemon\":[{\"ident\":\"p2: Weezing\",\"details\":\"Weezing, L88, F\",\"condition\":\"258/258\",\"active\":true,\"stats\":{\"atk\":163,\"def\":261,\"spa\":200,\"spd\":173,\"spe\":156},\"moves\":[\"fireblast\",\"painsplit\",\"sludgebomb\",\"willowisp\"],\"baseAbility\":\"levitate\",\"item\":\"leftovers\",\"pokeball\":\"pokeball\",\"ability\":\"levitate\",\"commanding\":false,\"reviving\":false,\"teraType\":\"Steel\",\"terastallized\":\"\"},{\"ident\":\"p2: Jirachi\",\"details\":\"Jirachi, L80\",\"condition\":\"0 fnt\",\"active\":false,\"stats\":{\"atk\":206,\"def\":206,\"spa\":206,\"spd\":206,\"spe\":206},\"moves\":[\"bodyslam\",\"wish\",\"ironhead\",\"protect\"],\"baseAbility\":\"serenegrace\",\"item\":\"leftovers\",\"pokeball\":\"pokeball\",\"ability\":\"serenegrace\",\"commanding\":false,\"reviving\":false,\"teraType\":\"Water\",\"terastallized\":\"\"},{\"ident\":\"p2: Venusaur\",\"details\":\"Venusaur, L84, M\",\"condition\":\"272/272\",\"active\":false,\"stats\":{\"atk\":142,\"def\":188,\"spa\":216,\"spd\":216,\"spe\":183},\"moves\":[\"synthesis\",\"earthpower\",\"sludgebomb\",\"sleeppowder\"],\"baseAbility\":\"chlorophyll\",\"item\":\"\",\"pokeball\":\"pokeball\",\"ability\":\"chlorophyll\",\"commanding\":false,\"reviving\":false,\"teraType\":\"Steel\",\"terastallized\":\"\"},{\"ident\":\"p2: Chesnaught\",\"details\":\"Chesnaught, L84, M\",\"condition\":\"165/285\",\"active\":false,\"stats\":{\"atk\":228,\"def\":253,\"spa\":173,\"spd\":174,\"spe\":156},\"moves\":[\"knockoff\",\"bodypress\",\"woodhammer\",\"synthesis\"],\"baseAbility\":\"bulletproof\",\"item\":\"rockyhelmet\",\"pokeball\":\"pokeball\",\"ability\":\"bulletproof\",\"commanding\":false,\"reviving\":false,\"teraType\":\"Steel\",\"terastallized\":\"\"},{\"ident\":\"p2: Dudunsparce\",\"details\":\"Dudunsparce-Three-Segment, L83, M\",\"condition\":\"153/343\",\"active\":false,\"stats\":{\"atk\":214,\"def\":180,\"spa\":189,\"spd\":172,\"spe\":139},\"moves\":[\"toxic\",\"boomburst\",\"earthquake\",\"roost\"],\"baseAbility\":\"rattled\",\"item\":\"leftovers\",\"pokeball\":\"pokeball\",\"ability\":\"rattled\",\"commanding\":false,\"reviving\":false,\"teraType\":\"Ground\",\"terastallized\":\"\"},{\"ident\":\"p2: Rampardos\",\"details\":\"Rampardos, L90, F\",\"condition\":\"0 fnt\",\"active\":false,\"stats\":{\"atk\":348,\"def\":159,\"spa\":168,\"spd\":141,\"spe\":156},\"moves\":[\"firepunch\",\"headsmash\",\"earthquake\",\"rockslide\"],\"baseAbility\":\"sheerforce\",\"item\":\"choicescarf\",\"pokeball\":\"pokeball\",\"ability\":\"sheerforce\",\"commanding\":false,\"reviving\":false,\"teraType\":\"Rock\",\"terastallized\":\"\"}]},\"rqid\":255}\n|inactive|Time left: 300 sec this turn | 300 sec total\n|\n|t:|1783392085\n|switch|p1a: Blissey|Blissey, L85, F|94/100\n|move|p2a: Weezing|Will-O-Wisp|p1a: Blissey\n|-status|p1a: Blissey|brn\n|\n|-heal|p1a: Blissey|100/100 brn|[from] item: Leftovers\n|-damage|p1a: Blissey|94/100 brn|[from] brn\n|upkeep\n|turn|122\n|request|{\"active\":[{\"moves\":[{\"move\":\"Fire Blast\",\"id\":\"fireblast\",\"pp\":4,\"maxpp\":8,\"target\":\"normal\",\"disabled\":false},{\"move\":\"Pain Split\",\"id\":\"painsplit\",\"pp\":19,\"maxpp\":32,\"target\":\"normal\",\"disabled\":false},{\"move\":\"Sludge Bomb\",\"id\":\"sludgebomb\",\"pp\":13,\"maxpp\":16,\"target\":\"normal\",\"disabled\":false},{\"move\":\"Will-O-Wisp\",\"id\":\"willowisp\",\"pp\":13,\"maxpp\":24,\"target\":\"normal\",\"disabled\":false}],\"canTerastallize\":\"Steel\"}],\"side\":{\"name\":\"p0y0722144\",\"id\":\"p2\",\"pokemon\":[{\"ident\":\"p2: Weezing\",\"details\":\"Weezing, L88, F\",\"condition\":\"258/258\",\"active\":true,\"stats\":{\"atk\":163,\"def\":261,\"spa\":200,\"spd\":173,\"spe\":156},\"moves\":[\"fireblast\",\"painsplit\",\"sludgebomb\",\"willowisp\"],\"baseAbility\":\"levitate\",\"item\":\"leftovers\",\"pokeball\":\"pokeball\",\"ability\":\"levitate\",\"commanding\":false,\"reviving\":false,\"teraType\":\"Steel\",\"terastallized\":\"\"},{\"ident\":\"p2: Jirachi\",\"details\":\"Jirachi, L80\",\"condition\":\"0 fnt\",\"active\":false,\"stats\":{\"atk\":206,\"def\":206,\"spa\":206,\"spd\":206,\"spe\":206},\"moves\":[\"bodyslam\",\"wish\",\"ironhead\",\"protect\"],\"baseAbility\":\"serenegrace\",\"item\":\"leftovers\",\"pokeball\":\"pokeball\",\"ability\":\"serenegrace\",\"commanding\":false,\"reviving\":false,\"teraType\":\"Water\",\"terastallized\":\"\"},{\"ident\":\"p2: Venusaur\",\"details\":\"Venusaur, L84, M\",\"condition\":\"272/272\",\"active\":false,\"stats\":{\"atk\":142,\"def\":188,\"spa\":216,\"spd\":216,\"spe\":183},\"moves\":[\"synthesis\",\"earthpower\",\"sludgebomb\",\"sleeppowder\"],\"baseAbility\":\"chlorophyll\",\"item\":\"\",\"pokeball\":\"pokeball\",\"ability\":\"chlorophyll\",\"commanding\":false,\"reviving\":false,\"teraType\":\"Steel\",\"terastallized\":\"\"},{\"ident\":\"p2: Chesnaught\",\"details\":\"Chesnaught, L84, M\",\"condition\":\"165/285\",\"active\":false,\"stats\":{\"atk\":228,\"def\":253,\"spa\":173,\"spd\":174,\"spe\":156},\"moves\":[\"knockoff\",\"bodypress\",\"woodhammer\",\"synthesis\"],\"baseAbility\":\"bulletproof\",\"item\":\"rockyhelmet\",\"pokeball\":\"pokeball\",\"ability\":\"bulletproof\",\"commanding\":false,\"reviving\":false,\"teraType\":\"Steel\",\"terastallized\":\"\"},{\"ident\":\"p2: Dudunsparce\",\"details\":\"Dudunsparce-Three-Segment, L83, M\",\"condition\":\"153/343\",\"active\":false,\"stats\":{\"atk\":214,\"def\":180,\"spa\":189,\"spd\":172,\"spe\":139},\"moves\":[\"toxic\",\"boomburst\",\"earthquake\",\"roost\"],\"baseAbility\":\"rattled\",\"item\":\"leftovers\",\"pokeball\":\"pokeball\",\"ability\":\"rattled\",\"commanding\":false,\"reviving\":false,\"teraType\":\"Ground\",\"terastallized\":\"\"},{\"ident\":\"p2: Rampardos\",\"details\":\"Rampardos, L90, F\",\"condition\":\"0 fnt\",\"active\":false,\"stats\":{\"atk\":348,\"def\":159,\"spa\":168,\"spd\":141,\"spe\":156},\"moves\":[\"firepunch\",\"headsmash\",\"earthquake\",\"rockslide\"],\"baseAbility\":\"sheerforce\",\"item\":\"choicescarf\",\"pokeball\":\"pokeball\",\"ability\":\"sheerforce\",\"commanding\":false,\"reviving\":false,\"teraType\":\"Rock\",\"terastallized\":\"\"}]},\"rqid\":257}\n|inactive|Time left: 300 sec this turn | 300 sec total\n|\n|t:|1783392085\n|-curestatus|p1a: Blissey|brn|[from] ability: Natural Cure|[silent]\n|switch|p1a: Corviknight|Corviknight, L80, M|90/100\n|move|p2a: Weezing|Pain Split|p1a: Corviknight\n|-sethp|p1a: Corviknight|90/100|[from] move: Pain Split|[silent]\n|-sethp|p2a: Weezing|257/258|[from] move: Pain Split\n|\n|-heal|p2a: Weezing|258/258|[from] item: Leftovers\n|upkeep\n|turn|123\n|request|{\"active\":[{\"moves\":[{\"move\":\"Fire Blast\",\"id\":\"fireblast\",\"pp\":4,\"maxpp\":8,\"target\":\"normal\",\"disabled\":false},{\"move\":\"Pain Split\",\"id\":\"painsplit\",\"pp\":18,\"maxpp\":32,\"target\":\"normal\",\"disabled\":false},{\"move\":\"Sludge Bomb\",\"id\":\"sludgebomb\",\"pp\":13,\"maxpp\":16,\"target\":\"normal\",\"disabled\":false},{\"move\":\"Will-O-Wisp\",\"id\":\"willowisp\",\"pp\":13,\"maxpp\":24,\"target\":\"normal\",\"disabled\":false}],\"canTerastallize\":\"Steel\"}],\"side\":{\"name\":\"p0y0722144\",\"id\":\"p2\",\"pokemon\":[{\"ident\":\"p2: Weezing\",\"details\":\"Weezing, L88, F\",\"condition\":\"258/258\",\"active\":true,\"stats\":{\"atk\":163,\"def\":261,\"spa\":200,\"spd\":173,\"spe\":156},\"moves\":[\"fireblast\",\"painsplit\",\"sludgebomb\",\"willowisp\"],\"baseAbility\":\"levitate\",\"item\":\"leftovers\",\"pokeball\":\"pokeball\",\"ability\":\"levitate\",\"commanding\":false,\"reviving\":false,\"teraType\":\"Steel\",\"terastallized\":\"\"},{\"ident\":\"p2: Jirachi\",\"details\":\"Jirachi, L80\",\"condition\":\"0 fnt\",\"active\":false,\"stats\":{\"atk\":206,\"def\":206,\"spa\":206,\"spd\":206,\"spe\":206},\"moves\":[\"bodyslam\",\"wish\",\"ironhead\",\"protect\"],\"baseAbility\":\"serenegrace\",\"item\":\"leftovers\",\"pokeball\":\"pokeball\",\"ability\":\"serenegrace\",\"commanding\":false,\"reviving\":false,\"teraType\":\"Water\",\"terastallized\":\"\"},{\"ident\":\"p2: Venusaur\",\"details\":\"Venusaur, L84, M\",\"condition\":\"272/272\",\"active\":false,\"stats\":{\"atk\":142,\"def\":188,\"spa\":216,\"spd\":216,\"spe\":183},\"moves\":[\"synthesis\",\"earthpower\",\"sludgebomb\",\"sleeppowder\"],\"baseAbility\":\"chlorophyll\",\"item\":\"\",\"pokeball\":\"pokeball\",\"ability\":\"chlorophyll\",\"commanding\":false,\"reviving\":false,\"teraType\":\"Steel\",\"terastallized\":\"\"},{\"ident\":\"p2: Chesnaught\",\"details\":\"Chesnaught, L84, M\",\"condition\":\"165/285\",\"active\":false,\"stats\":{\"atk\":228,\"def\":253,\"spa\":173,\"spd\":174,\"spe\":156},\"moves\":[\"knockoff\",\"bodypress\",\"woodhammer\",\"synthesis\"],\"baseAbility\":\"bulletproof\",\"item\":\"rockyhelmet\",\"pokeball\":\"pokeball\",\"ability\":\"bulletproof\",\"commanding\":false,\"reviving\":false,\"teraType\":\"Steel\",\"terastallized\":\"\"},{\"ident\":\"p2: Dudunsparce\",\"details\":\"Dudunsparce-Three-Segment, L83, M\",\"condition\":\"153/343\",\"active\":false,\"stats\":{\"atk\":214,\"def\":180,\"spa\":189,\"spd\":172,\"spe\":139},\"moves\":[\"toxic\",\"boomburst\",\"earthquake\",\"roost\"],\"baseAbility\":\"rattled\",\"item\":\"leftovers\",\"pokeball\":\"pokeball\",\"ability\":\"rattled\",\"commanding\":false,\"reviving\":false,\"teraType\":\"Ground\",\"terastallized\":\"\"},{\"ident\":\"p2: Rampardos\",\"details\":\"Rampardos, L90, F\",\"condition\":\"0 fnt\",\"active\":false,\"stats\":{\"atk\":348,\"def\":159,\"spa\":168,\"spd\":141,\"spe\":156},\"moves\":[\"firepunch\",\"headsmash\",\"earthquake\",\"rockslide\"],\"baseAbility\":\"sheerforce\",\"item\":\"choicescarf\",\"pokeball\":\"pokeball\",\"ability\":\"sheerforce\",\"commanding\":false,\"reviving\":false,\"teraType\":\"Rock\",\"terastallized\":\"\"}]},\"rqid\":259}\n|inactive|Time left: 300 sec this turn | 300 sec total\n|\n|t:|1783392086\n|switch|p1a: Blissey|Blissey, L85, F|94/100\n|move|p2a: Weezing|Will-O-Wisp|p1a: Blissey\n|-status|p1a: Blissey|brn\n|\n|-heal|p1a: Blissey|100/100 brn|[from] item: Leftovers\n|-damage|p1a: Blissey|94/100 brn|[from] brn\n|upkeep\n|turn|124\n|request|{\"active\":[{\"moves\":[{\"move\":\"Fire Blast\",\"id\":\"fireblast\",\"pp\":4,\"maxpp\":8,\"target\":\"normal\",\"disabled\":false},{\"move\":\"Pain Split\",\"id\":\"painsplit\",\"pp\":18,\"maxpp\":32,\"target\":\"normal\",\"disabled\":false},{\"move\":\"Sludge Bomb\",\"id\":\"sludgebomb\",\"pp\":13,\"maxpp\":16,\"target\":\"normal\",\"disabled\":false},{\"move\":\"Will-O-Wisp\",\"id\":\"willowisp\",\"pp\":12,\"maxpp\":24,\"target\":\"normal\",\"disabled\":false}],\"canTerastallize\":\"Steel\"}],\"side\":{\"name\":\"p0y0722144\",\"id\":\"p2\",\"pokemon\":[{\"ident\":\"p2: Weezing\",\"details\":\"Weezing, L88, F\",\"condition\":\"258/258\",\"active\":true,\"stats\":{\"atk\":163,\"def\":261,\"spa\":200,\"spd\":173,\"spe\":156},\"moves\":[\"fireblast\",\"painsplit\",\"sludgebomb\",\"willowisp\"],\"baseAbility\":\"levitate\",\"item\":\"leftovers\",\"pokeball\":\"pokeball\",\"ability\":\"levitate\",\"commanding\":false,\"reviving\":false,\"teraType\":\"Steel\",\"terastallized\":\"\"},{\"ident\":\"p2: Jirachi\",\"details\":\"Jirachi, L80\",\"condition\":\"0 fnt\",\"active\":false,\"stats\":{\"atk\":206,\"def\":206,\"spa\":206,\"spd\":206,\"spe\":206},\"moves\":[\"bodyslam\",\"wish\",\"ironhead\",\"protect\"],\"baseAbility\":\"serenegrace\",\"item\":\"leftovers\",\"pokeball\":\"pokeball\",\"ability\":\"serenegrace\",\"commanding\":false,\"reviving\":false,\"teraType\":\"Water\",\"terastallized\":\"\"},{\"ident\":\"p2: Venusaur\",\"details\":\"Venusaur, L84, M\",\"condition\":\"272/272\",\"active\":false,\"stats\":{\"atk\":142,\"def\":188,\"spa\":216,\"spd\":216,\"spe\":183},\"moves\":[\"synthesis\",\"earthpower\",\"sludgebomb\",\"sleeppowder\"],\"baseAbility\":\"chlorophyll\",\"item\":\"\",\"pokeball\":\"pokeball\",\"ability\":\"chlorophyll\",\"commanding\":false,\"reviving\":false,\"teraType\":\"Steel\",\"terastallized\":\"\"},{\"ident\":\"p2: Chesnaught\",\"details\":\"Chesnaught, L84, M\",\"condition\":\"165/285\",\"active\":false,\"stats\":{\"atk\":228,\"def\":253,\"spa\":173,\"spd\":174,\"spe\":156},\"moves\":[\"knockoff\",\"bodypress\",\"woodhammer\",\"synthesis\"],\"baseAbility\":\"bulletproof\",\"item\":\"rockyhelmet\",\"pokeball\":\"pokeball\",\"ability\":\"bulletproof\",\"commanding\":false,\"reviving\":false,\"teraType\":\"Steel\",\"terastallized\":\"\"},{\"ident\":\"p2: Dudunsparce\",\"details\":\"Dudunsparce-Three-Segment, L83, M\",\"condition\":\"153/343\",\"active\":false,\"stats\":{\"atk\":214,\"def\":180,\"spa\":189,\"spd\":172,\"spe\":139},\"moves\":[\"toxic\",\"boomburst\",\"earthquake\",\"roost\"],\"baseAbility\":\"rattled\",\"item\":\"leftovers\",\"pokeball\":\"pokeball\",\"ability\":\"rattled\",\"commanding\":false,\"reviving\":false,\"teraType\":\"Ground\",\"terastallized\":\"\"},{\"ident\":\"p2: Rampardos\",\"details\":\"Rampardos, L90, F\",\"condition\":\"0 fnt\",\"active\":false,\"stats\":{\"atk\":348,\"def\":159,\"spa\":168,\"spd\":141,\"spe\":156},\"moves\":[\"firepunch\",\"headsmash\",\"earthquake\",\"rockslide\"],\"baseAbility\":\"sheerforce\",\"item\":\"choicescarf\",\"pokeball\":\"pokeball\",\"ability\":\"sheerforce\",\"commanding\":false,\"reviving\":false,\"teraType\":\"Rock\",\"terastallized\":\"\"}]},\"rqid\":261}\n|inactive|Time left: 300 sec this turn | 300 sec total\n|\n|t:|1783392086\n|-curestatus|p1a: Blissey|brn|[from] ability: Natural Cure|[silent]\n|switch|p1a: Corviknight|Corviknight, L80, M|90/100\n|move|p2a: Weezing|Pain Split|p1a: Corviknight\n|-sethp|p1a: Corviknight|90/100|[from] move: Pain Split|[silent]\n|-sethp|p2a: Weezing|257/258|[from] move: Pain Split\n|\n|-heal|p2a: Weezing|258/258|[from] item: Leftovers\n|upkeep\n|turn|125\n|request|{\"active\":[{\"moves\":[{\"move\":\"Fire Blast\",\"id\":\"fireblast\",\"pp\":4,\"maxpp\":8,\"target\":\"normal\",\"disabled\":false},{\"move\":\"Pain Split\",\"id\":\"painsplit\",\"pp\":17,\"maxpp\":32,\"target\":\"normal\",\"disabled\":false},{\"move\":\"Sludge Bomb\",\"id\":\"sludgebomb\",\"pp\":13,\"maxpp\":16,\"target\":\"normal\",\"disabled\":false},{\"move\":\"Will-O-Wisp\",\"id\":\"willowisp\",\"pp\":12,\"maxpp\":24,\"target\":\"normal\",\"disabled\":false}],\"canTerastallize\":\"Steel\"}],\"side\":{\"name\":\"p0y0722144\",\"id\":\"p2\",\"pokemon\":[{\"ident\":\"p2: Weezing\",\"details\":\"Weezing, L88, F\",\"condition\":\"258/258\",\"active\":true,\"stats\":{\"atk\":163,\"def\":261,\"spa\":200,\"spd\":173,\"spe\":156},\"moves\":[\"fireblast\",\"painsplit\",\"sludgebomb\",\"willowisp\"],\"baseAbility\":\"levitate\",\"item\":\"leftovers\",\"pokeball\":\"pokeball\",\"ability\":\"levitate\",\"commanding\":false,\"reviving\":false,\"teraType\":\"Steel\",\"terastallized\":\"\"},{\"ident\":\"p2: Jirachi\",\"details\":\"Jirachi, L80\",\"condition\":\"0 fnt\",\"active\":false,\"stats\":{\"atk\":206,\"def\":206,\"spa\":206,\"spd\":206,\"spe\":206},\"moves\":[\"bodyslam\",\"wish\",\"ironhead\",\"protect\"],\"baseAbility\":\"serenegrace\",\"item\":\"leftovers\",\"pokeball\":\"pokeball\",\"ability\":\"serenegrace\",\"commanding\":false,\"reviving\":false,\"teraType\":\"Water\",\"terastallized\":\"\"},{\"ident\":\"p2: Venusaur\",\"details\":\"Venusaur, L84, M\",\"condition\":\"272/272\",\"active\":false,\"stats\":{\"atk\":142,\"def\":188,\"spa\":216,\"spd\":216,\"spe\":183},\"moves\":[\"synthesis\",\"earthpower\",\"sludgebomb\",\"sleeppowder\"],\"baseAbility\":\"chlorophyll\",\"item\":\"\",\"pokeball\":\"pokeball\",\"ability\":\"chlorophyll\",\"commanding\":false,\"reviving\":false,\"teraType\":\"Steel\",\"terastallized\":\"\"},{\"ident\":\"p2: Chesnaught\",\"details\":\"Chesnaught, L84, M\",\"condition\":\"165/285\",\"active\":false,\"stats\":{\"atk\":228,\"def\":253,\"spa\":173,\"spd\":174,\"spe\":156},\"moves\":[\"knockoff\",\"bodypress\",\"woodhammer\",\"synthesis\"],\"baseAbility\":\"bulletproof\",\"item\":\"rockyhelmet\",\"pokeball\":\"pokeball\",\"ability\":\"bulletproof\",\"commanding\":false,\"reviving\":false,\"teraType\":\"Steel\",\"terastallized\":\"\"},{\"ident\":\"p2: Dudunsparce\",\"details\":\"Dudunsparce-Three-Segment, L83, M\",\"condition\":\"153/343\",\"active\":false,\"stats\":{\"atk\":214,\"def\":180,\"spa\":189,\"spd\":172,\"spe\":139},\"moves\":[\"toxic\",\"boomburst\",\"earthquake\",\"roost\"],\"baseAbility\":\"rattled\",\"item\":\"leftovers\",\"pokeball\":\"pokeball\",\"ability\":\"rattled\",\"commanding\":false,\"reviving\":false,\"teraType\":\"Ground\",\"terastallized\":\"\"},{\"ident\":\"p2: Rampardos\",\"details\":\"Rampardos, L90, F\",\"condition\":\"0 fnt\",\"active\":false,\"stats\":{\"atk\":348,\"def\":159,\"spa\":168,\"spd\":141,\"spe\":156},\"moves\":[\"firepunch\",\"headsmash\",\"earthquake\",\"rockslide\"],\"baseAbility\":\"sheerforce\",\"item\":\"choicescarf\",\"pokeball\":\"pokeball\",\"ability\":\"sheerforce\",\"commanding\":false,\"reviving\":false,\"teraType\":\"Rock\",\"terastallized\":\"\"}]},\"rqid\":263}\n|inactive|Time left: 300 sec this turn | 300 sec total\n|\n|t:|1783392086\n|switch|p1a: Blissey|Blissey, L85, F|94/100\n|move|p2a: Weezing|Will-O-Wisp|p1a: Blissey|[miss]\n|-miss|p2a: Weezing|p1a: Blissey\n|\n|-heal|p1a: Blissey|100/100|[from] item: Leftovers\n|upkeep\n|turn|126\n|request|{\"active\":[{\"moves\":[{\"move\":\"Fire Blast\",\"id\":\"fireblast\",\"pp\":4,\"maxpp\":8,\"target\":\"normal\",\"disabled\":false},{\"move\":\"Pain Split\",\"id\":\"painsplit\",\"pp\":17,\"maxpp\":32,\"target\":\"normal\",\"disabled\":false},{\"move\":\"Sludge Bomb\",\"id\":\"sludgebomb\",\"pp\":13,\"maxpp\":16,\"target\":\"normal\",\"disabled\":false},{\"move\":\"Will-O-Wisp\",\"id\":\"willowisp\",\"pp\":11,\"maxpp\":24,\"target\":\"normal\",\"disabled\":false}],\"canTerastallize\":\"Steel\"}],\"side\":{\"name\":\"p0y0722144\",\"id\":\"p2\",\"pokemon\":[{\"ident\":\"p2: Weezing\",\"details\":\"Weezing, L88, F\",\"condition\":\"258/258\",\"active\":true,\"stats\":{\"atk\":163,\"def\":261,\"spa\":200,\"spd\":173,\"spe\":156},\"moves\":[\"fireblast\",\"painsplit\",\"sludgebomb\",\"willowisp\"],\"baseAbility\":\"levitate\",\"item\":\"leftovers\",\"pokeball\":\"pokeball\",\"ability\":\"levitate\",\"commanding\":false,\"reviving\":false,\"teraType\":\"Steel\",\"terastallized\":\"\"},{\"ident\":\"p2: Jirachi\",\"details\":\"Jirachi, L80\",\"condition\":\"0 fnt\",\"active\":false,\"stats\":{\"atk\":206,\"def\":206,\"spa\":206,\"spd\":206,\"spe\":206},\"moves\":[\"bodyslam\",\"wish\",\"ironhead\",\"protect\"],\"baseAbility\":\"serenegrace\",\"item\":\"leftovers\",\"pokeball\":\"pokeball\",\"ability\":\"serenegrace\",\"commanding\":false,\"reviving\":false,\"teraType\":\"Water\",\"terastallized\":\"\"},{\"ident\":\"p2: Venusaur\",\"details\":\"Venusaur, L84, M\",\"condition\":\"272/272\",\"active\":false,\"stats\":{\"atk\":142,\"def\":188,\"spa\":216,\"spd\":216,\"spe\":183},\"moves\":[\"synthesis\",\"earthpower\",\"sludgebomb\",\"sleeppowder\"],\"baseAbility\":\"chlorophyll\",\"item\":\"\",\"pokeball\":\"pokeball\",\"ability\":\"chlorophyll\",\"commanding\":false,\"reviving\":false,\"teraType\":\"Steel\",\"terastallized\":\"\"},{\"ident\":\"p2: Chesnaught\",\"details\":\"Chesnaught, L84, M\",\"condition\":\"165/285\",\"active\":false,\"stats\":{\"atk\":228,\"def\":253,\"spa\":173,\"spd\":174,\"spe\":156},\"moves\":[\"knockoff\",\"bodypress\",\"woodhammer\",\"synthesis\"],\"baseAbility\":\"bulletproof\",\"item\":\"rockyhelmet\",\"pokeball\":\"pokeball\",\"ability\":\"bulletproof\",\"commanding\":false,\"reviving\":false,\"teraType\":\"Steel\",\"terastallized\":\"\"},{\"ident\":\"p2: Dudunsparce\",\"details\":\"Dudunsparce-Three-Segment, L83, M\",\"condition\":\"153/343\",\"active\":false,\"stats\":{\"atk\":214,\"def\":180,\"spa\":189,\"spd\":172,\"spe\":139},\"moves\":[\"toxic\",\"boomburst\",\"earthquake\",\"roost\"],\"baseAbility\":\"rattled\",\"item\":\"leftovers\",\"pokeball\":\"pokeball\",\"ability\":\"rattled\",\"commanding\":false,\"reviving\":false,\"teraType\":\"Ground\",\"terastallized\":\"\"},{\"ident\":\"p2: Rampardos\",\"details\":\"Rampardos, L90, F\",\"condition\":\"0 fnt\",\"active\":false,\"stats\":{\"atk\":348,\"def\":159,\"spa\":168,\"spd\":141,\"spe\":156},\"moves\":[\"firepunch\",\"headsmash\",\"earthquake\",\"rockslide\"],\"baseAbility\":\"sheerforce\",\"item\":\"choicescarf\",\"pokeball\":\"pokeball\",\"ability\":\"sheerforce\",\"commanding\":false,\"reviving\":false,\"teraType\":\"Rock\",\"terastallized\":\"\"}]},\"rqid\":265}\n|inactive|Time left: 300 sec this turn | 300 sec total\n|\n|t:|1783392086\n|move|p2a: Weezing|Pain Split|p1a: Blissey\n|-sethp|p1a: Blissey|73/100|[from] move: Pain Split|[silent]\n|-sethp|p2a: Weezing|258/258|[from] move: Pain Split\n|move|p1a: Blissey|Seismic Toss|p2a: Weezing\n|-damage|p2a: Weezing|173/258\n|\n|-heal|p2a: Weezing|189/258|[from] item: Leftovers\n|-heal|p1a: Blissey|79/100|[from] item: Leftovers\n|upkeep\n|turn|127\n|request|{\"active\":[{\"moves\":[{\"move\":\"Fire Blast\",\"id\":\"fireblast\",\"pp\":4,\"maxpp\":8,\"target\":\"normal\",\"disabled\":false},{\"move\":\"Pain Split\",\"id\":\"painsplit\",\"pp\":16,\"maxpp\":32,\"target\":\"normal\",\"disabled\":false},{\"move\":\"Sludge Bomb\",\"id\":\"sludgebomb\",\"pp\":13,\"maxpp\":16,\"target\":\"normal\",\"disabled\":false},{\"move\":\"Will-O-Wisp\",\"id\":\"willowisp\",\"pp\":11,\"maxpp\":24,\"target\":\"normal\",\"disabled\":false}],\"canTerastallize\":\"Steel\"}],\"side\":{\"name\":\"p0y0722144\",\"id\":\"p2\",\"pokemon\":[{\"ident\":\"p2: Weezing\",\"details\":\"Weezing, L88, F\",\"condition\":\"189/258\",\"active\":true,\"stats\":{\"atk\":163,\"def\":261,\"spa\":200,\"spd\":173,\"spe\":156},\"moves\":[\"fireblast\",\"painsplit\",\"sludgebomb\",\"willowisp\"],\"baseAbility\":\"levitate\",\"item\":\"leftovers\",\"pokeball\":\"pokeball\",\"ability\":\"levitate\",\"commanding\":false,\"reviving\":false,\"teraType\":\"Steel\",\"terastallized\":\"\"},{\"ident\":\"p2: Jirachi\",\"details\":\"Jirachi, L80\",\"condition\":\"0 fnt\",\"active\":false,\"stats\":{\"atk\":206,\"def\":206,\"spa\":206,\"spd\":206,\"spe\":206},\"moves\":[\"bodyslam\",\"wish\",\"ironhead\",\"protect\"],\"baseAbility\":\"serenegrace\",\"item\":\"leftovers\",\"pokeball\":\"pokeball\",\"ability\":\"serenegrace\",\"commanding\":false,\"reviving\":false,\"teraType\":\"Water\",\"terastallized\":\"\"},{\"ident\":\"p2: Venusaur\",\"details\":\"Venusaur, L84, M\",\"condition\":\"272/272\",\"active\":false,\"stats\":{\"atk\":142,\"def\":188,\"spa\":216,\"spd\":216,\"spe\":183},\"moves\":[\"synthesis\",\"earthpower\",\"sludgebomb\",\"sleeppowder\"],\"baseAbility\":\"chlorophyll\",\"item\":\"\",\"pokeball\":\"pokeball\",\"ability\":\"chlorophyll\",\"commanding\":false,\"reviving\":false,\"teraType\":\"Steel\",\"terastallized\":\"\"},{\"ident\":\"p2: Chesnaught\",\"details\":\"Chesnaught, L84, M\",\"condition\":\"165/285\",\"active\":false,\"stats\":{\"atk\":228,\"def\":253,\"spa\":173,\"spd\":174,\"spe\":156},\"moves\":[\"knockoff\",\"bodypress\",\"woodhammer\",\"synthesis\"],\"baseAbility\":\"bulletproof\",\"item\":\"rockyhelmet\",\"pokeball\":\"pokeball\",\"ability\":\"bulletproof\",\"commanding\":false,\"reviving\":false,\"teraType\":\"Steel\",\"terastallized\":\"\"},{\"ident\":\"p2: Dudunsparce\",\"details\":\"Dudunsparce-Three-Segment, L83, M\",\"condition\":\"153/343\",\"active\":false,\"stats\":{\"atk\":214,\"def\":180,\"spa\":189,\"spd\":172,\"spe\":139},\"moves\":[\"toxic\",\"boomburst\",\"earthquake\",\"roost\"],\"baseAbility\":\"rattled\",\"item\":\"leftovers\",\"pokeball\":\"pokeball\",\"ability\":\"rattled\",\"commanding\":false,\"reviving\":false,\"teraType\":\"Ground\",\"terastallized\":\"\"},{\"ident\":\"p2: Rampardos\",\"details\":\"Rampardos, L90, F\",\"condition\":\"0 fnt\",\"active\":false,\"stats\":{\"atk\":348,\"def\":159,\"spa\":168,\"spd\":141,\"spe\":156},\"moves\":[\"firepunch\",\"headsmash\",\"earthquake\",\"rockslide\"],\"baseAbility\":\"sheerforce\",\"item\":\"choicescarf\",\"pokeball\":\"pokeball\",\"ability\":\"sheerforce\",\"commanding\":false,\"reviving\":false,\"teraType\":\"Rock\",\"terastallized\":\"\"}]},\"rqid\":267}\n|inactive|Time left: 300 sec this turn | 300 sec total\n|\n|t:|1783392087\n|move|p2a: Weezing|Pain Split|p1a: Blissey\n|-sethp|p1a: Blissey|56/100|[from] move: Pain Split|[silent]\n|-sethp|p2a: Weezing|258/258|[from] move: Pain Split\n|move|p1a: Blissey|Seismic Toss|p2a: Weezing\n|-damage|p2a: Weezing|173/258\n|\n|-heal|p2a: Weezing|189/258|[from] item: Leftovers\n|-heal|p1a: Blissey|62/100|[from] item: Leftovers\n|upkeep\n|turn|128\n|request|{\"active\":[{\"moves\":[{\"move\":\"Fire Blast\",\"id\":\"fireblast\",\"pp\":4,\"maxpp\":8,\"target\":\"normal\",\"disabled\":false},{\"move\":\"Pain Split\",\"id\":\"painsplit\",\"pp\":15,\"maxpp\":32,\"target\":\"normal\",\"disabled\":false},{\"move\":\"Sludge Bomb\",\"id\":\"sludgebomb\",\"pp\":13,\"maxpp\":16,\"target\":\"normal\",\"disabled\":false},{\"move\":\"Will-O-Wisp\",\"id\":\"willowisp\",\"pp\":11,\"maxpp\":24,\"target\":\"normal\",\"disabled\":false}],\"canTerastallize\":\"Steel\"}],\"side\":{\"name\":\"p0y0722144\",\"id\":\"p2\",\"pokemon\":[{\"ident\":\"p2: Weezing\",\"details\":\"Weezing, L88, F\",\"condition\":\"189/258\",\"active\":true,\"stats\":{\"atk\":163,\"def\":261,\"spa\":200,\"spd\":173,\"spe\":156},\"moves\":[\"fireblast\",\"painsplit\",\"sludgebomb\",\"willowisp\"],\"baseAbility\":\"levitate\",\"item\":\"leftovers\",\"pokeball\":\"pokeball\",\"ability\":\"levitate\",\"commanding\":false,\"reviving\":false,\"teraType\":\"Steel\",\"terastallized\":\"\"},{\"ident\":\"p2: Jirachi\",\"details\":\"Jirachi, L80\",\"condition\":\"0 fnt\",\"active\":false,\"stats\":{\"atk\":206,\"def\":206,\"spa\":206,\"spd\":206,\"spe\":206},\"moves\":[\"bodyslam\",\"wish\",\"ironhead\",\"protect\"],\"baseAbility\":\"serenegrace\",\"item\":\"leftovers\",\"pokeball\":\"pokeball\",\"ability\":\"serenegrace\",\"commanding\":false,\"reviving\":false,\"teraType\":\"Water\",\"terastallized\":\"\"},{\"ident\":\"p2: Venusaur\",\"details\":\"Venusaur, L84, M\",\"condition\":\"272/272\",\"active\":false,\"stats\":{\"atk\":142,\"def\":188,\"spa\":216,\"spd\":216,\"spe\":183},\"moves\":[\"synthesis\",\"earthpower\",\"sludgebomb\",\"sleeppowder\"],\"baseAbility\":\"chlorophyll\",\"item\":\"\",\"pokeball\":\"pokeball\",\"ability\":\"chlorophyll\",\"commanding\":false,\"reviving\":false,\"teraType\":\"Steel\",\"terastallized\":\"\"},{\"ident\":\"p2: Chesnaught\",\"details\":\"Chesnaught, L84, M\",\"condition\":\"165/285\",\"active\":false,\"stats\":{\"atk\":228,\"def\":253,\"spa\":173,\"spd\":174,\"spe\":156},\"moves\":[\"knockoff\",\"bodypress\",\"woodhammer\",\"synthesis\"],\"baseAbility\":\"bulletproof\",\"item\":\"rockyhelmet\",\"pokeball\":\"pokeball\",\"ability\":\"bulletproof\",\"commanding\":false,\"reviving\":false,\"teraType\":\"Steel\",\"terastallized\":\"\"},{\"ident\":\"p2: Dudunsparce\",\"details\":\"Dudunsparce-Three-Segment, L83, M\",\"condition\":\"153/343\",\"active\":false,\"stats\":{\"atk\":214,\"def\":180,\"spa\":189,\"spd\":172,\"spe\":139},\"moves\":[\"toxic\",\"boomburst\",\"earthquake\",\"roost\"],\"baseAbility\":\"rattled\",\"item\":\"leftovers\",\"pokeball\":\"pokeball\",\"ability\":\"rattled\",\"commanding\":false,\"reviving\":false,\"teraType\":\"Ground\",\"terastallized\":\"\"},{\"ident\":\"p2: Rampardos\",\"details\":\"Rampardos, L90, F\",\"condition\":\"0 fnt\",\"active\":false,\"stats\":{\"atk\":348,\"def\":159,\"spa\":168,\"spd\":141,\"spe\":156},\"moves\":[\"firepunch\",\"headsmash\",\"earthquake\",\"rockslide\"],\"baseAbility\":\"sheerforce\",\"item\":\"choicescarf\",\"pokeball\":\"pokeball\",\"ability\":\"sheerforce\",\"commanding\":false,\"reviving\":false,\"teraType\":\"Rock\",\"terastallized\":\"\"}]},\"rqid\":269}\n|inactive|Time left: 300 sec this turn | 300 sec total\n|\n|t:|1783392087\n|move|p2a: Weezing|Pain Split|p1a: Blissey\n|-sethp|p1a: Blissey|48/100|[from] move: Pain Split|[silent]\n|-sethp|p2a: Weezing|258/258|[from] move: Pain Split\n|move|p1a: Blissey|Thunder Wave|p2a: Weezing\n|-status|p2a: Weezing|par\n|\n|-heal|p1a: Blissey|54/100|[from] item: Leftovers\n|upkeep\n|turn|129\n|request|{\"active\":[{\"moves\":[{\"move\":\"Fire Blast\",\"id\":\"fireblast\",\"pp\":4,\"maxpp\":8,\"target\":\"normal\",\"disabled\":false},{\"move\":\"Pain Split\",\"id\":\"painsplit\",\"pp\":14,\"maxpp\":32,\"target\":\"normal\",\"disabled\":false},{\"move\":\"Sludge Bomb\",\"id\":\"sludgebomb\",\"pp\":13,\"maxpp\":16,\"target\":\"normal\",\"disabled\":false},{\"move\":\"Will-O-Wisp\",\"id\":\"willowisp\",\"pp\":11,\"maxpp\":24,\"target\":\"normal\",\"disabled\":false}],\"canTerastallize\":\"Steel\"}],\"side\":{\"name\":\"p0y0722144\",\"id\":\"p2\",\"pokemon\":[{\"ident\":\"p2: Weezing\",\"details\":\"Weezing, L88, F\",\"condition\":\"258/258 par\",\"active\":true,\"stats\":{\"atk\":163,\"def\":261,\"spa\":200,\"spd\":173,\"spe\":156},\"moves\":[\"fireblast\",\"painsplit\",\"sludgebomb\",\"willowisp\"],\"baseAbility\":\"levitate\",\"item\":\"leftovers\",\"pokeball\":\"pokeball\",\"ability\":\"levitate\",\"commanding\":false,\"reviving\":false,\"teraType\":\"Steel\",\"terastallized\":\"\"},{\"ident\":\"p2: Jirachi\",\"details\":\"Jirachi, L80\",\"condition\":\"0 fnt\",\"active\":false,\"stats\":{\"atk\":206,\"def\":206,\"spa\":206,\"spd\":206,\"spe\":206},\"moves\":[\"bodyslam\",\"wish\",\"ironhead\",\"protect\"],\"baseAbility\":\"serenegrace\",\"item\":\"leftovers\",\"pokeball\":\"pokeball\",\"ability\":\"serenegrace\",\"commanding\":false,\"reviving\":false,\"teraType\":\"Water\",\"terastallized\":\"\"},{\"ident\":\"p2: Venusaur\",\"details\":\"Venusaur, L84, M\",\"condition\":\"272/272\",\"active\":false,\"stats\":{\"atk\":142,\"def\":188,\"spa\":216,\"spd\":216,\"spe\":183},\"moves\":[\"synthesis\",\"earthpower\",\"sludgebomb\",\"sleeppowder\"],\"baseAbility\":\"chlorophyll\",\"item\":\"\",\"pokeball\":\"pokeball\",\"ability\":\"chlorophyll\",\"commanding\":false,\"reviving\":false,\"teraType\":\"Steel\",\"terastallized\":\"\"},{\"ident\":\"p2: Chesnaught\",\"details\":\"Chesnaught, L84, M\",\"condition\":\"165/285\",\"active\":false,\"stats\":{\"atk\":228,\"def\":253,\"spa\":173,\"spd\":174,\"spe\":156},\"moves\":[\"knockoff\",\"bodypress\",\"woodhammer\",\"synthesis\"],\"baseAbility\":\"bulletproof\",\"item\":\"rockyhelmet\",\"pokeball\":\"pokeball\",\"ability\":\"bulletproof\",\"commanding\":false,\"reviving\":false,\"teraType\":\"Steel\",\"terastallized\":\"\"},{\"ident\":\"p2: Dudunsparce\",\"details\":\"Dudunsparce-Three-Segment, L83, M\",\"condition\":\"153/343\",\"active\":false,\"stats\":{\"atk\":214,\"def\":180,\"spa\":189,\"spd\":172,\"spe\":139},\"moves\":[\"toxic\",\"boomburst\",\"earthquake\",\"roost\"],\"baseAbility\":\"rattled\",\"item\":\"leftovers\",\"pokeball\":\"pokeball\",\"ability\":\"rattled\",\"commanding\":false,\"reviving\":false,\"teraType\":\"Ground\",\"terastallized\":\"\"},{\"ident\":\"p2: Rampardos\",\"details\":\"Rampardos, L90, F\",\"condition\":\"0 fnt\",\"active\":false,\"stats\":{\"atk\":348,\"def\":159,\"spa\":168,\"spd\":141,\"spe\":156},\"moves\":[\"firepunch\",\"headsmash\",\"earthquake\",\"rockslide\"],\"baseAbility\":\"sheerforce\",\"item\":\"choicescarf\",\"pokeball\":\"pokeball\",\"ability\":\"sheerforce\",\"commanding\":false,\"reviving\":false,\"teraType\":\"Rock\",\"terastallized\":\"\"}]},\"rqid\":271}\n|inactive|Time left: 300 sec this turn | 300 sec total\n|\n|t:|1783392087\n|switch|p2a: Chesnaught|Chesnaught, L84, M|165/285\n|move|p1a: Blissey|Thunder Wave|p2a: Chesnaught\n|-status|p2a: Chesnaught|par\n|\n|-heal|p1a: Blissey|60/100|[from] item: Leftovers\n|upkeep\n|turn|130\n|request|{\"active\":[{\"moves\":[{\"move\":\"Knock Off\",\"id\":\"knockoff\",\"pp\":28,\"maxpp\":32,\"target\":\"normal\",\"disabled\":false},{\"move\":\"Body Press\",\"id\":\"bodypress\",\"pp\":15,\"maxpp\":16,\"target\":\"normal\",\"disabled\":false},{\"move\":\"Wood Hammer\",\"id\":\"woodhammer\",\"pp\":23,\"maxpp\":24,\"target\":\"normal\",\"disabled\":false},{\"move\":\"Synthesis\",\"id\":\"synthesis\",\"pp\":6,\"maxpp\":8,\"target\":\"self\",\"disabled\":false}],\"canTerastallize\":\"Steel\"}],\"side\":{\"name\":\"p0y0722144\",\"id\":\"p2\",\"pokemon\":[{\"ident\":\"p2: Chesnaught\",\"details\":\"Chesnaught, L84, M\",\"condition\":\"165/285 par\",\"active\":true,\"stats\":{\"atk\":228,\"def\":253,\"spa\":173,\"spd\":174,\"spe\":156},\"moves\":[\"knockoff\",\"bodypress\",\"woodhammer\",\"synthesis\"],\"baseAbility\":\"bulletproof\",\"item\":\"rockyhelmet\",\"pokeball\":\"pokeball\",\"ability\":\"bulletproof\",\"commanding\":false,\"reviving\":false,\"teraType\":\"Steel\",\"terastallized\":\"\"},{\"ident\":\"p2: Jirachi\",\"details\":\"Jirachi, L80\",\"condition\":\"0 fnt\",\"active\":false,\"stats\":{\"atk\":206,\"def\":206,\"spa\":206,\"spd\":206,\"spe\":206},\"moves\":[\"bodyslam\",\"wish\",\"ironhead\",\"protect\"],\"baseAbility\":\"serenegrace\",\"item\":\"leftovers\",\"pokeball\":\"pokeball\",\"ability\":\"serenegrace\",\"commanding\":false,\"reviving\":false,\"teraType\":\"Water\",\"terastallized\":\"\"},{\"ident\":\"p2: Venusaur\",\"details\":\"Venusaur, L84, M\",\"condition\":\"272/272\",\"active\":false,\"stats\":{\"atk\":142,\"def\":188,\"spa\":216,\"spd\":216,\"spe\":183},\"moves\":[\"synthesis\",\"earthpower\",\"sludgebomb\",\"sleeppowder\"],\"baseAbility\":\"chlorophyll\",\"item\":\"\",\"pokeball\":\"pokeball\",\"ability\":\"chlorophyll\",\"commanding\":false,\"reviving\":false,\"teraType\":\"Steel\",\"terastallized\":\"\"},{\"ident\":\"p2: Weezing\",\"details\":\"Weezing, L88, F\",\"condition\":\"258/258 par\",\"active\":false,\"stats\":{\"atk\":163,\"def\":261,\"spa\":200,\"spd\":173,\"spe\":156},\"moves\":[\"fireblast\",\"painsplit\",\"sludgebomb\",\"willowisp\"],\"baseAbility\":\"levitate\",\"item\":\"leftovers\",\"pokeball\":\"pokeball\",\"ability\":\"levitate\",\"commanding\":false,\"reviving\":false,\"teraType\":\"Steel\",\"terastallized\":\"\"},{\"ident\":\"p2: Dudunsparce\",\"details\":\"Dudunsparce-Three-Segment, L83, M\",\"condition\":\"153/343\",\"active\":false,\"stats\":{\"atk\":214,\"def\":180,\"spa\":189,\"spd\":172,\"spe\":139},\"moves\":[\"toxic\",\"boomburst\",\"earthquake\",\"roost\"],\"baseAbility\":\"rattled\",\"item\":\"leftovers\",\"pokeball\":\"pokeball\",\"ability\":\"rattled\",\"commanding\":false,\"reviving\":false,\"teraType\":\"Ground\",\"terastallized\":\"\"},{\"ident\":\"p2: Rampardos\",\"details\":\"Rampardos, L90, F\",\"condition\":\"0 fnt\",\"active\":false,\"stats\":{\"atk\":348,\"def\":159,\"spa\":168,\"spd\":141,\"spe\":156},\"moves\":[\"firepunch\",\"headsmash\",\"earthquake\",\"rockslide\"],\"baseAbility\":\"sheerforce\",\"item\":\"choicescarf\",\"pokeball\":\"pokeball\",\"ability\":\"sheerforce\",\"commanding\":false,\"reviving\":false,\"teraType\":\"Rock\",\"terastallized\":\"\"}]},\"rqid\":273}\n|inactive|Time left: 300 sec this turn | 300 sec total\n|\n|t:|1783392087\n|switch|p1a: Corviknight|Corviknight, L80, M|90/100\n|move|p2a: Chesnaught|Body Press|p1a: Corviknight\n|-damage|p1a: Corviknight|56/100\n|\n|upkeep\n|turn|131\n|request|{\"active\":[{\"moves\":[{\"move\":\"Knock Off\",\"id\":\"knockoff\",\"pp\":28,\"maxpp\":32,\"target\":\"normal\",\"disabled\":false},{\"move\":\"Body Press\",\"id\":\"bodypress\",\"pp\":14,\"maxpp\":16,\"target\":\"normal\",\"disabled\":false},{\"move\":\"Wood Hammer\",\"id\":\"woodhammer\",\"pp\":23,\"maxpp\":24,\"target\":\"normal\",\"disabled\":false},{\"move\":\"Synthesis\",\"id\":\"synthesis\",\"pp\":6,\"maxpp\":8,\"target\":\"self\",\"disabled\":false}],\"canTerastallize\":\"Steel\"}],\"side\":{\"name\":\"p0y0722144\",\"id\":\"p2\",\"pokemon\":[{\"ident\":\"p2: Chesnaught\",\"details\":\"Chesnaught, L84, M\",\"condition\":\"165/285 par\",\"active\":true,\"stats\":{\"atk\":228,\"def\":253,\"spa\":173,\"spd\":174,\"spe\":156},\"moves\":[\"knockoff\",\"bodypress\",\"woodhammer\",\"synthesis\"],\"baseAbility\":\"bulletproof\",\"item\":\"rockyhelmet\",\"pokeball\":\"pokeball\",\"ability\":\"bulletproof\",\"commanding\":false,\"reviving\":false,\"teraType\":\"Steel\",\"terastallized\":\"\"},{\"ident\":\"p2: Jirachi\",\"details\":\"Jirachi, L80\",\"condition\":\"0 fnt\",\"active\":false,\"stats\":{\"atk\":206,\"def\":206,\"spa\":206,\"spd\":206,\"spe\":206},\"moves\":[\"bodyslam\",\"wish\",\"ironhead\",\"protect\"],\"baseAbility\":\"serenegrace\",\"item\":\"leftovers\",\"pokeball\":\"pokeball\",\"ability\":\"serenegrace\",\"commanding\":false,\"reviving\":false,\"teraType\":\"Water\",\"terastallized\":\"\"},{\"ident\":\"p2: Venusaur\",\"details\":\"Venusaur, L84, M\",\"condition\":\"272/272\",\"active\":false,\"stats\":{\"atk\":142,\"def\":188,\"spa\":216,\"spd\":216,\"spe\":183},\"moves\":[\"synthesis\",\"earthpower\",\"sludgebomb\",\"sleeppowder\"],\"baseAbility\":\"chlorophyll\",\"item\":\"\",\"pokeball\":\"pokeball\",\"ability\":\"chlorophyll\",\"commanding\":false,\"reviving\":false,\"teraType\":\"Steel\",\"terastallized\":\"\"},{\"ident\":\"p2: Weezing\",\"details\":\"Weezing, L88, F\",\"condition\":\"258/258 par\",\"active\":false,\"stats\":{\"atk\":163,\"def\":261,\"spa\":200,\"spd\":173,\"spe\":156},\"moves\":[\"fireblast\",\"painsplit\",\"sludgebomb\",\"willowisp\"],\"baseAbility\":\"levitate\",\"item\":\"leftovers\",\"pokeball\":\"pokeball\",\"ability\":\"levitate\",\"commanding\":false,\"reviving\":false,\"teraType\":\"Steel\",\"terastallized\":\"\"},{\"ident\":\"p2: Dudunsparce\",\"details\":\"Dudunsparce-Three-Segment, L83, M\",\"condition\":\"153/343\",\"active\":false,\"stats\":{\"atk\":214,\"def\":180,\"spa\":189,\"spd\":172,\"spe\":139},\"moves\":[\"toxic\",\"boomburst\",\"earthquake\",\"roost\"],\"baseAbility\":\"rattled\",\"item\":\"leftovers\",\"pokeball\":\"pokeball\",\"ability\":\"rattled\",\"commanding\":false,\"reviving\":false,\"teraType\":\"Ground\",\"terastallized\":\"\"},{\"ident\":\"p2: Rampardos\",\"details\":\"Rampardos, L90, F\",\"condition\":\"0 fnt\",\"active\":false,\"stats\":{\"atk\":348,\"def\":159,\"spa\":168,\"spd\":141,\"spe\":156},\"moves\":[\"firepunch\",\"headsmash\",\"earthquake\",\"rockslide\"],\"baseAbility\":\"sheerforce\",\"item\":\"choicescarf\",\"pokeball\":\"pokeball\",\"ability\":\"sheerforce\",\"commanding\":false,\"reviving\":false,\"teraType\":\"Rock\",\"terastallized\":\"\"}]},\"rqid\":275}\n|inactive|Time left: 300 sec this turn | 300 sec total\n|\n|t:|1783392088\n|-terastallize|p2a: Chesnaught|Steel\n|move|p1a: Corviknight|Brave Bird|p2a: Chesnaught\n|-resisted|p2a: Chesnaught\n|-damage|p2a: Chesnaught|127/285 par\n|-damage|p1a: Corviknight|40/100|[from] item: Rocky Helmet|[of] p2a: Chesnaught\n|-damage|p1a: Corviknight|35/100|[from] Recoil\n|move|p2a: Chesnaught|Synthesis|p2a: Chesnaught\n|-heal|p2a: Chesnaught|269/285 par\n|\n|upkeep\n|turn|132\n|request|{\"active\":[{\"moves\":[{\"move\":\"Knock Off\",\"id\":\"knockoff\",\"pp\":28,\"maxpp\":32,\"target\":\"normal\",\"disabled\":false},{\"move\":\"Body Press\",\"id\":\"bodypress\",\"pp\":14,\"maxpp\":16,\"target\":\"normal\",\"disabled\":false},{\"move\":\"Wood Hammer\",\"id\":\"woodhammer\",\"pp\":23,\"maxpp\":24,\"target\":\"normal\",\"disabled\":false},{\"move\":\"Synthesis\",\"id\":\"synthesis\",\"pp\":5,\"maxpp\":8,\"target\":\"self\",\"disabled\":false}]}],\"side\":{\"name\":\"p0y0722144\",\"id\":\"p2\",\"pokemon\":[{\"ident\":\"p2: Chesnaught\",\"details\":\"Chesnaught, L84, M\",\"condition\":\"269/285 par\",\"active\":true,\"stats\":{\"atk\":228,\"def\":253,\"spa\":173,\"spd\":174,\"spe\":156},\"moves\":[\"knockoff\",\"bodypress\",\"woodhammer\",\"synthesis\"],\"baseAbility\":\"bulletproof\",\"item\":\"rockyhelmet\",\"pokeball\":\"pokeball\",\"ability\":\"bulletproof\",\"commanding\":false,\"reviving\":false,\"teraType\":\"Steel\",\"terastallized\":\"Steel\"},{\"ident\":\"p2: Jirachi\",\"details\":\"Jirachi, L80\",\"condition\":\"0 fnt\",\"active\":false,\"stats\":{\"atk\":206,\"def\":206,\"spa\":206,\"spd\":206,\"spe\":206},\"moves\":[\"bodyslam\",\"wish\",\"ironhead\",\"protect\"],\"baseAbility\":\"serenegrace\",\"item\":\"leftovers\",\"pokeball\":\"pokeball\",\"ability\":\"serenegrace\",\"commanding\":false,\"reviving\":false,\"teraType\":\"Water\",\"terastallized\":\"\"},{\"ident\":\"p2: Venusaur\",\"details\":\"Venusaur, L84, M\",\"condition\":\"272/272\",\"active\":false,\"stats\":{\"atk\":142,\"def\":188,\"spa\":216,\"spd\":216,\"spe\":183},\"moves\":[\"synthesis\",\"earthpower\",\"sludgebomb\",\"sleeppowder\"],\"baseAbility\":\"chlorophyll\",\"item\":\"\",\"pokeball\":\"pokeball\",\"ability\":\"chlorophyll\",\"commanding\":false,\"reviving\":false,\"teraType\":\"Steel\",\"terastallized\":\"\"},{\"ident\":\"p2: Weezing\",\"details\":\"Weezing, L88, F\",\"condition\":\"258/258 par\",\"active\":false,\"stats\":{\"atk\":163,\"def\":261,\"spa\":200,\"spd\":173,\"spe\":156},\"moves\":[\"fireblast\",\"painsplit\",\"sludgebomb\",\"willowisp\"],\"baseAbility\":\"levitate\",\"item\":\"leftovers\",\"pokeball\":\"pokeball\",\"ability\":\"levitate\",\"commanding\":false,\"reviving\":false,\"teraType\":\"Steel\",\"terastallized\":\"\"},{\"ident\":\"p2: Dudunsparce\",\"details\":\"Dudunsparce-Three-Segment, L83, M\",\"condition\":\"153/343\",\"active\":false,\"stats\":{\"atk\":214,\"def\":180,\"spa\":189,\"spd\":172,\"spe\":139},\"moves\":[\"toxic\",\"boomburst\",\"earthquake\",\"roost\"],\"baseAbility\":\"rattled\",\"item\":\"leftovers\",\"pokeball\":\"pokeball\",\"ability\":\"rattled\",\"commanding\":false,\"reviving\":false,\"teraType\":\"Ground\",\"terastallized\":\"\"},{\"ident\":\"p2: Rampardos\",\"details\":\"Rampardos, L90, F\",\"condition\":\"0 fnt\",\"active\":false,\"stats\":{\"atk\":348,\"def\":159,\"spa\":168,\"spd\":141,\"spe\":156},\"moves\":[\"firepunch\",\"headsmash\",\"earthquake\",\"rockslide\"],\"baseAbility\":\"sheerforce\",\"item\":\"choicescarf\",\"pokeball\":\"pokeball\",\"ability\":\"sheerforce\",\"commanding\":false,\"reviving\":false,\"teraType\":\"Rock\",\"terastallized\":\"\"}]},\"rqid\":277}\n|inactive|Time left: 300 sec this turn | 300 sec total\n|\n|t:|1783392088\n|move|p1a: Corviknight|Body Press|p2a: Chesnaught\n|-supereffective|p2a: Chesnaught\n|-damage|p2a: Chesnaught|189/285 par\n|-damage|p1a: Corviknight|19/100|[from] item: Rocky Helmet|[of] p2a: Chesnaught\n|move|p2a: Chesnaught|Body Press|p1a: Corviknight\n|-damage|p1a: Corviknight|0 fnt\n|faint|p1a: Corviknight\n|\n|upkeep\n|request|{\"wait\":true,\"side\":{\"name\":\"p0y0722144\",\"id\":\"p2\",\"pokemon\":[{\"ident\":\"p2: Chesnaught\",\"details\":\"Chesnaught, L84, M\",\"condition\":\"189/285 par\",\"active\":true,\"stats\":{\"atk\":228,\"def\":253,\"spa\":173,\"spd\":174,\"spe\":156},\"moves\":[\"knockoff\",\"bodypress\",\"woodhammer\",\"synthesis\"],\"baseAbility\":\"bulletproof\",\"item\":\"rockyhelmet\",\"pokeball\":\"pokeball\",\"ability\":\"bulletproof\",\"commanding\":false,\"reviving\":false,\"teraType\":\"Steel\",\"terastallized\":\"Steel\"},{\"ident\":\"p2: Jirachi\",\"details\":\"Jirachi, L80\",\"condition\":\"0 fnt\",\"active\":false,\"stats\":{\"atk\":206,\"def\":206,\"spa\":206,\"spd\":206,\"spe\":206},\"moves\":[\"bodyslam\",\"wish\",\"ironhead\",\"protect\"],\"baseAbility\":\"serenegrace\",\"item\":\"leftovers\",\"pokeball\":\"pokeball\",\"ability\":\"serenegrace\",\"commanding\":false,\"reviving\":false,\"teraType\":\"Water\",\"terastallized\":\"\"},{\"ident\":\"p2: Venusaur\",\"details\":\"Venusaur, L84, M\",\"condition\":\"272/272\",\"active\":false,\"stats\":{\"atk\":142,\"def\":188,\"spa\":216,\"spd\":216,\"spe\":183},\"moves\":[\"synthesis\",\"earthpower\",\"sludgebomb\",\"sleeppowder\"],\"baseAbility\":\"chlorophyll\",\"item\":\"\",\"pokeball\":\"pokeball\",\"ability\":\"chlorophyll\",\"commanding\":false,\"reviving\":false,\"teraType\":\"Steel\",\"terastallized\":\"\"},{\"ident\":\"p2: Weezing\",\"details\":\"Weezing, L88, F\",\"condition\":\"258/258 par\",\"active\":false,\"stats\":{\"atk\":163,\"def\":261,\"spa\":200,\"spd\":173,\"spe\":156},\"moves\":[\"fireblast\",\"painsplit\",\"sludgebomb\",\"willowisp\"],\"baseAbility\":\"levitate\",\"item\":\"leftovers\",\"pokeball\":\"pokeball\",\"ability\":\"levitate\",\"commanding\":false,\"reviving\":false,\"teraType\":\"Steel\",\"terastallized\":\"\"},{\"ident\":\"p2: Dudunsparce\",\"details\":\"Dudunsparce-Three-Segment, L83, M\",\"condition\":\"153/343\",\"active\":false,\"stats\":{\"atk\":214,\"def\":180,\"spa\":189,\"spd\":172,\"spe\":139},\"moves\":[\"toxic\",\"boomburst\",\"earthquake\",\"roost\"],\"baseAbility\":\"rattled\",\"item\":\"leftovers\",\"pokeball\":\"pokeball\",\"ability\":\"rattled\",\"commanding\":false,\"reviving\":false,\"teraType\":\"Ground\",\"terastallized\":\"\"},{\"ident\":\"p2: Rampardos\",\"details\":\"Rampardos, L90, F\",\"condition\":\"0 fnt\",\"active\":false,\"stats\":{\"atk\":348,\"def\":159,\"spa\":168,\"spd\":141,\"spe\":156},\"moves\":[\"firepunch\",\"headsmash\",\"earthquake\",\"rockslide\"],\"baseAbility\":\"sheerforce\",\"item\":\"choicescarf\",\"pokeball\":\"pokeball\",\"ability\":\"sheerforce\",\"commanding\":false,\"reviving\":false,\"teraType\":\"Rock\",\"terastallized\":\"\"}]},\"rqid\":279}\n|\n|t:|1783392088\n|switch|p1a: Blissey|Blissey, L85, F|60/100\n|turn|133\n|request|{\"active\":[{\"moves\":[{\"move\":\"Knock Off\",\"id\":\"knockoff\",\"pp\":28,\"maxpp\":32,\"target\":\"normal\",\"disabled\":false},{\"move\":\"Body Press\",\"id\":\"bodypress\",\"pp\":13,\"maxpp\":16,\"target\":\"normal\",\"disabled\":false},{\"move\":\"Wood Hammer\",\"id\":\"woodhammer\",\"pp\":23,\"maxpp\":24,\"target\":\"normal\",\"disabled\":false},{\"move\":\"Synthesis\",\"id\":\"synthesis\",\"pp\":5,\"maxpp\":8,\"target\":\"self\",\"disabled\":false}]}],\"side\":{\"name\":\"p0y0722144\",\"id\":\"p2\",\"pokemon\":[{\"ident\":\"p2: Chesnaught\",\"details\":\"Chesnaught, L84, M\",\"condition\":\"189/285 par\",\"active\":true,\"stats\":{\"atk\":228,\"def\":253,\"spa\":173,\"spd\":174,\"spe\":156},\"moves\":[\"knockoff\",\"bodypress\",\"woodhammer\",\"synthesis\"],\"baseAbility\":\"bulletproof\",\"item\":\"rockyhelmet\",\"pokeball\":\"pokeball\",\"ability\":\"bulletproof\",\"commanding\":false,\"reviving\":false,\"teraType\":\"Steel\",\"terastallized\":\"Steel\"},{\"ident\":\"p2: Jirachi\",\"details\":\"Jirachi, L80\",\"condition\":\"0 fnt\",\"active\":false,\"stats\":{\"atk\":206,\"def\":206,\"spa\":206,\"spd\":206,\"spe\":206},\"moves\":[\"bodyslam\",\"wish\",\"ironhead\",\"protect\"],\"baseAbility\":\"serenegrace\",\"item\":\"leftovers\",\"pokeball\":\"pokeball\",\"ability\":\"serenegrace\",\"commanding\":false,\"reviving\":false,\"teraType\":\"Water\",\"terastallized\":\"\"},{\"ident\":\"p2: Venusaur\",\"details\":\"Venusaur, L84, M\",\"condition\":\"272/272\",\"active\":false,\"stats\":{\"atk\":142,\"def\":188,\"spa\":216,\"spd\":216,\"spe\":183},\"moves\":[\"synthesis\",\"earthpower\",\"sludgebomb\",\"sleeppowder\"],\"baseAbility\":\"chlorophyll\",\"item\":\"\",\"pokeball\":\"pokeball\",\"ability\":\"chlorophyll\",\"commanding\":false,\"reviving\":false,\"teraType\":\"Steel\",\"terastallized\":\"\"},{\"ident\":\"p2: Weezing\",\"details\":\"Weezing, L88, F\",\"condition\":\"258/258 par\",\"active\":false,\"stats\":{\"atk\":163,\"def\":261,\"spa\":200,\"spd\":173,\"spe\":156},\"moves\":[\"fireblast\",\"painsplit\",\"sludgebomb\",\"willowisp\"],\"baseAbility\":\"levitate\",\"item\":\"leftovers\",\"pokeball\":\"pokeball\",\"ability\":\"levitate\",\"commanding\":false,\"reviving\":false,\"teraType\":\"Steel\",\"terastallized\":\"\"},{\"ident\":\"p2: Dudunsparce\",\"details\":\"Dudunsparce-Three-Segment, L83, M\",\"condition\":\"153/343\",\"active\":false,\"stats\":{\"atk\":214,\"def\":180,\"spa\":189,\"spd\":172,\"spe\":139},\"moves\":[\"toxic\",\"boomburst\",\"earthquake\",\"roost\"],\"baseAbility\":\"rattled\",\"item\":\"leftovers\",\"pokeball\":\"pokeball\",\"ability\":\"rattled\",\"commanding\":false,\"reviving\":false,\"teraType\":\"Ground\",\"terastallized\":\"\"},{\"ident\":\"p2: Rampardos\",\"details\":\"Rampardos, L90, F\",\"condition\":\"0 fnt\",\"active\":false,\"stats\":{\"atk\":348,\"def\":159,\"spa\":168,\"spd\":141,\"spe\":156},\"moves\":[\"firepunch\",\"headsmash\",\"earthquake\",\"rockslide\"],\"baseAbility\":\"sheerforce\",\"item\":\"choicescarf\",\"pokeball\":\"pokeball\",\"ability\":\"sheerforce\",\"commanding\":f, "uploadtime": 1783392089, "views": 0, "rating": 0, "private": 0, "password": null, "_winner": "p0y0722144", "_our_name": "p0x072abc7"}total\n|\n|t:|1783392088\n|-terastallize|p1a: Blissey|Dark\n|move|p1a: Blissey|Soft-Boiled|p1a: Blissey\n|-heal|p1a: Blissey|100/100\n|move|p2a: Chesnaught|Knock Off|p1a: Blissey\n|-resisted|p1a: Blissey\n|-damage|p1a: Blissey|83/100\n|-enditem|p1a: Blissey|Leftovers|[from] move: Knock Off|[of] p2a: Chesnaught\n|\n|upkeep\n|turn|134\n|request|{\"active\":[{\"moves\":[{\"move\":\"Knock Off\",\"id\":\"knockoff\",\"pp\":27,\"maxpp\":32,\"target\":\"normal\",\"disabled\":false},{\"move\":\"Body Press\",\"id\":\"bodypress\",\"pp\":13,\"maxpp\":16,\"target\":\"normal\",\"disabled\":false},{\"move\":\"Wood Hammer\",\"id\":\"woodhammer\",\"pp\":23,\"maxpp\":24,\"target\":\"normal\",\"disabled\":false},{\"move\":\"Synthesis\",\"id\":\"synthesis\",\"pp\":5,\"maxpp\":8,\"target\":\"self\",\"disabled\":false}]}],\"side\":{\"name\":\"p0y0722144\",\"id\":\"p2\",\"pokemon\":[{\"ident\":\"p2: Chesnaught\",\"details\":\"Chesnaught, L84, M\",\"condition\":\"189/285 par\",\"active\":true,\"stats\":{\"atk\":228,\"def\":253,\"spa\":173,\"spd\":174,\"spe\":156},\"moves\":[\"knockoff\",\"bodypress\",\"woodhammer\",\"synthesis\"],\"baseAbility\":\"bulletproof\",\"item\":\"rockyhelmet\",\"pokeball\":\"pokeball\",\"ability\":\"bulletproof\",\"commanding\":false,\"reviving\":false,\"teraType\":\"Steel\",\"terastallized\":\"Steel\"},{\"ident\":\"p2: Jirachi\",\"details\":\"Jirachi, L80\",\"condition\":\"0 fnt\",\"active\":false,\"stats\":{\"atk\":206,\"def\":206,\"spa\":206,\"spd\":206,\"spe\":206},\"moves\":[\"bodyslam\",\"wish\",\"ironhead\",\"protect\"],\"baseAbility\":\"serenegrace\",\"item\":\"leftovers\",\"pokeball\":\"pokeball\",\"ability\":\"serenegrace\",\"commanding\":false,\"reviving\":false,\"teraType\":\"Water\",\"terastallized\":\"\"},{\"ident\":\"p2: Venusaur\",\"details\":\"Venusaur, L84, M\",\"condition\":\"272/272\",\"active\":false,\"stats\":{\"atk\":142,\"def\":188,\"spa\":216,\"spd\":216,\"spe\":183},\"moves\":[\"synthesis\",\"earthpower\",\"sludgebomb\",\"sleeppowder\"],\"baseAbility\":\"chlorophyll\",\"item\":\"\",\"pokeball\":\"pokeball\",\"ability\":\"chlorophyll\",\"commanding\":false,\"reviving\":false,\"teraType\":\"Steel\",\"terastallized\":\"\"},{\"ident\":\"p2: Weezing\",\"details\":\"Weezing, L88, F\",\"condition\":\"258/258 par\",\"active\":false,\"stats\":{\"atk\":163,\"def\":261,\"spa\":200,\"spd\":173,\"spe\":156},\"moves\":[\"fireblast\",\"painsplit\",\"sludgebomb\",\"willowisp\"],\"baseAbility\":\"levitate\",\"item\":\"leftovers\",\"pokeball\":\"pokeball\",\"ability\":\"levitate\",\"commanding\":false,\"reviving\":false,\"teraType\":\"Steel\",\"terastallized\":\"\"},{\"ident\":\"p2: Dudunsparce\",\"details\":\"Dudunsparce-Three-Segment, L83, M\",\"condition\":\"153/343\",\"active\":false,\"stats\":{\"atk\":214,\"def\":180,\"spa\":189,\"spd\":172,\"spe\":139},\"moves\":[\"toxic\",\"boomburst\",\"earthquake\",\"roost\"],\"baseAbility\":\"rattled\",\"item\":\"leftovers\",\"pokeball\":\"pokeball\",\"ability\":\"rattled\",\"commanding\":false,\"reviving\":false,\"teraType\":\"Ground\",\"terastallized\":\"\"},{\"ident\":\"p2: Rampardos\",\"details\":\"Rampardos, L90, F\",\"condition\":\"0 fnt\",\"active\":false,\"stats\":{\"atk\":348,\"def\":159,\"spa\":168,\"spd\":141,\"spe\":156},\"moves\":[\"firepunch\",\"headsmash\",\"earthquake\",\"rockslide\"],\"baseAbility\":\"sheerforce\",\"item\":\"choicescarf\",\"pokeball\":\"pokeball\",\"ability\":\"sheerforce\",\"commanding\":false,\"reviving\":false,\"teraType\":\"Rock\",\"terastallized\":\"\"}]},\"rqid\":283}\n|inactive|Time left: 300 sec this turn | 300 sec total\n|\n|t:|1783392089\n|move|p1a: Blissey|Seismic Toss|p2a: Chesnaught\n|-damage|p2a: Chesnaught|104/285 par\n|-damage|p1a: Blissey|66/100|[from] item: Rocky Helmet|[of] p2a: Chesnaught\n|move|p2a: Chesnaught|Body Press|p1a: Blissey\n|-supereffective|p1a: Blissey\n|-damage|p1a: Blissey|0 fnt\n|faint|p1a: Blissey\n|\n|win|p0y0722144", "uploadtime": 1783392089, "views": 0, "rating": 0, "private": 0, "password": null, "_winner": "p0y0722144", "_our_name": "p0y0722144"}