{"id": "battle-gen9randombattle-223", "formatid": "gen9randombattle", "format": "[Gen 9] Random Battle", "players": ["p0x021a2ee", "p0y021e134"], "log": "|init|battle\n|title|p0x021a2ee vs. p0y021e134\n|j|\u2606p0x021a2ee\n|j|\u2606p0y021e134\n|t:|1783391212\n|gametype|singles\n|player|p1|p0x021a2ee|265|\n|player|p2|p0y021e134|266|\n|gen|9\n|tier|[Gen 9] Random Battle\n|rule|Species Clause: Limit one of each Pok\u00e9mon\n|rule|HP Percentage Mod: HP is shown in percentages\n|rule|Sleep Clause Mod: Limit one foe put to sleep\n|rule|Illusion Level Mod: Illusion disguises the Pok\u00e9mon's true level\n|\n|t:|1783391212\n|teamsize|p1|6\n|teamsize|p2|6\n|start\n|switch|p1a: Glalie|Glalie, L96, M|100/100\n|switch|p2a: Roaring Moon|Roaring Moon, L72|270/270\n|turn|1\n|request|{\"active\":[{\"moves\":[{\"move\":\"Knock Off\",\"id\":\"knockoff\",\"pp\":32,\"maxpp\":32,\"target\":\"normal\",\"disabled\":false},{\"move\":\"Iron Head\",\"id\":\"ironhead\",\"pp\":24,\"maxpp\":24,\"target\":\"normal\",\"disabled\":false},{\"move\":\"Outrage\",\"id\":\"outrage\",\"pp\":16,\"maxpp\":16,\"target\":\"randomNormal\",\"disabled\":false},{\"move\":\"U-turn\",\"id\":\"uturn\",\"pp\":32,\"maxpp\":32,\"target\":\"normal\",\"disabled\":false}],\"canTerastallize\":\"Dark\"}],\"side\":{\"name\":\"p0y021e134\",\"id\":\"p2\",\"pokemon\":[{\"ident\":\"p2: Roaring Moon\",\"details\":\"Roaring Moon, L72\",\"condition\":\"270/270\",\"active\":true,\"stats\":{\"atk\":242,\"def\":144,\"spa\":121,\"spd\":187,\"spe\":213},\"moves\":[\"knockoff\",\"ironhead\",\"outrage\",\"uturn\"],\"baseAbility\":\"protosynthesis\",\"item\":\"choiceband\",\"pokeball\":\"pokeball\",\"ability\":\"protosynthesis\",\"commanding\":false,\"reviving\":false,\"teraType\":\"Dark\",\"terastallized\":\"\"},{\"ident\":\"p2: Glalie\",\"details\":\"Glalie, L96, M\",\"condition\":\"309/309\",\"active\":false,\"stats\":{\"atk\":208,\"def\":208,\"spa\":208,\"spd\":208,\"spe\":208},\"moves\":[\"earthquake\",\"taunt\",\"freezedry\",\"spikes\"],\"baseAbility\":\"innerfocus\",\"item\":\"heavydutyboots\",\"pokeball\":\"pokeball\",\"ability\":\"innerfocus\",\"commanding\":false,\"reviving\":false,\"teraType\":\"Ground\",\"terastallized\":\"\"},{\"ident\":\"p2: Falinks\",\"details\":\"Falinks, L84\",\"condition\":\"246/246\",\"active\":false,\"stats\":{\"atk\":216,\"def\":216,\"spa\":166,\"spd\":149,\"spe\":174},\"moves\":[\"knockoff\",\"closecombat\",\"ironhead\",\"noretreat\"],\"baseAbility\":\"defiant\",\"item\":\"lifeorb\",\"pokeball\":\"pokeball\",\"ability\":\"defiant\",\"commanding\":false,\"reviving\":false,\"teraType\":\"Dark\",\"terastallized\":\"\"},{\"ident\":\"p2: Feraligatr\",\"details\":\"Feraligatr, L79, M\",\"condition\":\"264/264\",\"active\":false,\"stats\":{\"atk\":211,\"def\":204,\"spa\":170,\"spd\":177,\"spe\":169},\"moves\":[\"crunch\",\"icepunch\",\"dragondance\",\"liquidation\"],\"baseAbility\":\"sheerforce\",\"item\":\"lifeorb\",\"pokeball\":\"pokeball\",\"ability\":\"sheerforce\",\"commanding\":false,\"reviving\":false,\"teraType\":\"Dragon\",\"terastallized\":\"\"},{\"ident\":\"p2: Oinkologne\",\"details\":\"Oinkologne, L92, M\",\"condition\":\"352/352\",\"active\":false,\"stats\":{\"atk\":236,\"def\":190,\"spa\":161,\"spd\":200,\"spe\":172},\"moves\":[\"lashout\",\"highhorsepower\",\"curse\",\"bodyslam\"],\"baseAbility\":\"thickfat\",\"item\":\"leftovers\",\"pokeball\":\"pokeball\",\"ability\":\"thickfat\",\"commanding\":false,\"reviving\":false,\"teraType\":\"Ground\",\"terastallized\":\"\"},{\"ident\":\"p2: Golduck\",\"details\":\"Golduck, L90, M\",\"condition\":\"290/290\",\"active\":false,\"stats\":{\"atk\":152,\"def\":192,\"spa\":222,\"spd\":195,\"spe\":204},\"moves\":[\"icebeam\",\"nastyplot\",\"hydropump\",\"grassknot\"],\"baseAbility\":\"cloudnine\",\"item\":\"leftovers\",\"pokeball\":\"pokeball\",\"ability\":\"cloudnine\",\"commanding\":false,\"reviving\":false,\"teraType\":\"Water\",\"terastallized\":\"\"}]},\"rqid\":3}\n|html|<div class=\"message-error\">You must be registered to chat in temporary rooms (like battles).</div>You may register in the <button name=\"openOptions\"><i class=\"fa fa-cog\"></i> Options</button> menu.\n|inactive|Battle timer is ON: inactive players will automatically lose when time's up. (requested by p0y021e134)\n|inactive|p0x021a2ee also wants the timer to be on.\n|\n|t:|1783391212\n|move|p2a: Roaring Moon|Outrage|p1a: Glalie\n|-damage|p1a: Glalie|43/100\n|move|p1a: Glalie|Freeze-Dry|p2a: Roaring Moon\n|-supereffective|p2a: Roaring Moon\n|-damage|p2a: Roaring Moon|100/270\n|\n|upkeep\n|turn|2\n|request|{\"active\":[{\"moves\":[{\"move\":\"Outrage\",\"id\":\"outrage\"}],\"trapped\":true}],\"side\":{\"name\":\"p0y021e134\",\"id\":\"p2\",\"pokemon\":[{\"ident\":\"p2: Roaring Moon\",\"details\":\"Roaring Moon, L72\",\"condition\":\"100/270\",\"active\":true,\"stats\":{\"atk\":242,\"def\":144,\"spa\":121,\"spd\":187,\"spe\":213},\"moves\":[\"knockoff\",\"ironhead\",\"outrage\",\"uturn\"],\"baseAbility\":\"protosynthesis\",\"item\":\"choiceband\",\"pokeball\":\"pokeball\",\"ability\":\"protosynthesis\",\"commanding\":false,\"reviving\":false,\"teraType\":\"Dark\",\"terastallized\":\"\"},{\"ident\":\"p2: Glalie\",\"details\":\"Glalie, L96, M\",\"condition\":\"309/309\",\"active\":false,\"stats\":{\"atk\":208,\"def\":208,\"spa\":208,\"spd\":208,\"spe\":208},\"moves\":[\"earthquake\",\"taunt\",\"freezedry\",\"spikes\"],\"baseAbility\":\"innerfocus\",\"item\":\"heavydutyboots\",\"pokeball\":\"pokeball\",\"ability\":\"innerfocus\",\"commanding\":false,\"reviving\":false,\"teraType\":\"Ground\",\"terastallized\":\"\"},{\"ident\":\"p2: Falinks\",\"details\":\"Falinks, L84\",\"condition\":\"246/246\",\"active\":false,\"stats\":{\"atk\":216,\"def\":216,\"spa\":166,\"spd\":149,\"spe\":174},\"moves\":[\"knockoff\",\"closecombat\",\"ironhead\",\"noretreat\"],\"baseAbility\":\"defiant\",\"item\":\"lifeorb\",\"pokeball\":\"pokeball\",\"ability\":\"defiant\",\"commanding\":false,\"reviving\":false,\"teraType\":\"Dark\",\"terastallized\":\"\"},{\"ident\":\"p2: Feraligatr\",\"details\":\"Feraligatr, L79, M\",\"condition\":\"264/264\",\"active\":false,\"stats\":{\"atk\":211,\"def\":204,\"spa\":170,\"spd\":177,\"spe\":169},\"moves\":[\"crunch\",\"icepunch\",\"dragondance\",\"liquidation\"],\"baseAbility\":\"sheerforce\",\"item\":\"lifeorb\",\"pokeball\":\"pokeball\",\"ability\":\"sheerforce\",\"commanding\":false,\"reviving\":false,\"teraType\":\"Dragon\",\"terastallized\":\"\"},{\"ident\":\"p2: Oinkologne\",\"details\":\"Oinkologne, L92, M\",\"condition\":\"352/352\",\"active\":false,\"stats\":{\"atk\":236,\"def\":190,\"spa\":161,\"spd\":200,\"spe\":172},\"moves\":[\"lashout\",\"highhorsepower\",\"curse\",\"bodyslam\"],\"baseAbility\":\"thickfat\",\"item\":\"leftovers\",\"pokeball\":\"pokeball\",\"ability\":\"thickfat\",\"commanding\":false,\"reviving\":false,\"teraType\":\"Ground\",\"terastallized\":\"\"},{\"ident\":\"p2: Golduck\",\"details\":\"Golduck, L90, M\",\"condition\":\"290/290\",\"active\":false,\"stats\":{\"atk\":152,\"def\":192,\"spa\":222,\"spd\":195,\"spe\":204},\"moves\":[\"icebeam\",\"nastyplot\",\"hydropump\",\"grassknot\"],\"baseAbility\":\"cloudnine\",\"item\":\"leftovers\",\"pokeball\":\"pokeball\",\"ability\":\"cloudnine\",\"commanding\":false,\"reviving\":false,\"teraType\":\"Water\",\"terastallized\":\"\"}]},\"rqid\":5}\n|inactive|Time left: 300 sec this turn | 300 sec total\n|\n|t:|1783391212\n|move|p2a: Roaring Moon|Outrage|p1a: Glalie|[from] lockedmove\n|-damage|p1a: Glalie|0 fnt\n|faint|p1a: Glalie\n|-start|p2a: Roaring Moon|confusion|[fatigue]\n|\n|upkeep\n|request|{\"wait\":true,\"side\":{\"name\":\"p0y021e134\",\"id\":\"p2\",\"pokemon\":[{\"ident\":\"p2: Roaring Moon\",\"details\":\"Roaring Moon, L72\",\"condition\":\"100/270\",\"active\":true,\"stats\":{\"atk\":242,\"def\":144,\"spa\":121,\"spd\":187,\"spe\":213},\"moves\":[\"knockoff\",\"ironhead\",\"outrage\",\"uturn\"],\"baseAbility\":\"protosynthesis\",\"item\":\"choiceband\",\"pokeball\":\"pokeball\",\"ability\":\"protosynthesis\",\"commanding\":false,\"reviving\":false,\"teraType\":\"Dark\",\"terastallized\":\"\"},{\"ident\":\"p2: Glalie\",\"details\":\"Glalie, L96, M\",\"condition\":\"309/309\",\"active\":false,\"stats\":{\"atk\":208,\"def\":208,\"spa\":208,\"spd\":208,\"spe\":208},\"moves\":[\"earthquake\",\"taunt\",\"freezedry\",\"spikes\"],\"baseAbility\":\"innerfocus\",\"item\":\"heavydutyboots\",\"pokeball\":\"pokeball\",\"ability\":\"innerfocus\",\"commanding\":false,\"reviving\":false,\"teraType\":\"Ground\",\"terastallized\":\"\"},{\"ident\":\"p2: Falinks\",\"details\":\"Falinks, L84\",\"condition\":\"246/246\",\"active\":false,\"stats\":{\"atk\":216,\"def\":216,\"spa\":166,\"spd\":149,\"spe\":174},\"moves\":[\"knockoff\",\"closecombat\",\"ironhead\",\"noretreat\"],\"baseAbility\":\"defiant\",\"item\":\"lifeorb\",\"pokeball\":\"pokeball\",\"ability\":\"defiant\",\"commanding\":false,\"reviving\":false,\"teraType\":\"Dark\",\"terastallized\":\"\"},{\"ident\":\"p2: Feraligatr\",\"details\":\"Feraligatr, L79, M\",\"condition\":\"264/264\",\"active\":false,\"stats\":{\"atk\":211,\"def\":204,\"spa\":170,\"spd\":177,\"spe\":169},\"moves\":[\"crunch\",\"icepunch\",\"dragondance\",\"liquidation\"],\"baseAbility\":\"sheerforce\",\"item\":\"lifeorb\",\"pokeball\":\"pokeball\",\"ability\":\"sheerforce\",\"commanding\":false,\"reviving\":false,\"teraType\":\"Dragon\",\"terastallized\":\"\"},{\"ident\":\"p2: Oinkologne\",\"details\":\"Oinkologne, L92, M\",\"condition\":\"352/352\",\"active\":false,\"stats\":{\"atk\":236,\"def\":190,\"spa\":161,\"spd\":200,\"spe\":172},\"moves\":[\"lashout\",\"highhorsepower\",\"curse\",\"bodyslam\"],\"baseAbility\":\"thickfat\",\"item\":\"leftovers\",\"pokeball\":\"pokeball\",\"ability\":\"thickfat\",\"commanding\":false,\"reviving\":false,\"teraType\":\"Ground\",\"terastallized\":\"\"},{\"ident\":\"p2: Golduck\",\"details\":\"Golduck, L90, M\",\"condition\":\"290/290\",\"active\":false,\"stats\":{\"atk\":152,\"def\":192,\"spa\":222,\"spd\":195,\"spe\":204},\"moves\":[\"icebeam\",\"nastyplot\",\"hydropump\",\"grassknot\"],\"baseAbility\":\"cloudnine\",\"item\":\"leftovers\",\"pokeball\":\"pokeball\",\"ability\":\"cloudnine\",\"commanding\":false,\"reviving\":false,\"teraType\":\"Water\",\"terastallized\":\"\"}]},\"rqid\":7}\n|\n|t:|1783391213\n|switch|p1a: Bellossom|Bellossom, L84, M|100/100\n|turn|3\n|request|{\"active\":[{\"moves\":[{\"move\":\"Knock Off\",\"id\":\"knockoff\",\"pp\":32,\"maxpp\":32,\"target\":\"normal\",\"disabled\":true},{\"move\":\"Iron Head\",\"id\":\"ironhead\",\"pp\":24,\"maxpp\":24,\"target\":\"normal\",\"disabled\":true},{\"move\":\"Outrage\",\"id\":\"outrage\",\"pp\":15,\"maxpp\":16,\"target\":\"randomNormal\",\"disabled\":false},{\"move\":\"U-turn\",\"id\":\"uturn\",\"pp\":32,\"maxpp\":32,\"target\":\"normal\",\"disabled\":true}],\"canTerastallize\":\"Dark\"}],\"side\":{\"name\":\"p0y021e134\",\"id\":\"p2\",\"pokemon\":[{\"ident\":\"p2: Roaring Moon\",\"details\":\"Roaring Moon, L72\",\"condition\":\"100/270\",\"active\":true,\"stats\":{\"atk\":242,\"def\":144,\"spa\":121,\"spd\":187,\"spe\":213},\"moves\":[\"knockoff\",\"ironhead\",\"outrage\",\"uturn\"],\"baseAbility\":\"protosynthesis\",\"item\":\"choiceband\",\"pokeball\":\"pokeball\",\"ability\":\"protosynthesis\",\"commanding\":false,\"reviving\":false,\"teraType\":\"Dark\",\"terastallized\":\"\"},{\"ident\":\"p2: Glalie\",\"details\":\"Glalie, L96, M\",\"condition\":\"309/309\",\"active\":false,\"stats\":{\"atk\":208,\"def\":208,\"spa\":208,\"spd\":208,\"spe\":208},\"moves\":[\"earthquake\",\"taunt\",\"freezedry\",\"spikes\"],\"baseAbility\":\"innerfocus\",\"item\":\"heavydutyboots\",\"pokeball\":\"pokeball\",\"ability\":\"innerfocus\",\"commanding\":false,\"reviving\":false,\"teraType\":\"Ground\",\"terastallized\":\"\"},{\"ident\":\"p2: Falinks\",\"details\":\"Falinks, L84\",\"condition\":\"246/246\",\"active\":false,\"stats\":{\"atk\":216,\"def\":216,\"spa\":166,\"spd\":149,\"spe\":174},\"moves\":[\"knockoff\",\"closecombat\",\"ironhead\",\"noretreat\"],\"baseAbility\":\"defiant\",\"item\":\"lifeorb\",\"pokeball\":\"pokeball\",\"ability\":\"defiant\",\"commanding\":false,\"reviving\":false,\"teraType\":\"Dark\",\"terastallized\":\"\"},{\"ident\":\"p2: Feraligatr\",\"details\":\"Feraligatr, L79, M\",\"condition\":\"264/264\",\"active\":false,\"stats\":{\"atk\":211,\"def\":204,\"spa\":170,\"spd\":177,\"spe\":169},\"moves\":[\"crunch\",\"icepunch\",\"dragondance\",\"liquidation\"],\"baseAbility\":\"sheerforce\",\"item\":\"lifeorb\",\"pokeball\":\"pokeball\",\"ability\":\"sheerforce\",\"commanding\":false,\"reviving\":false,\"teraType\":\"Dragon\",\"terastallized\":\"\"},{\"ident\":\"p2: Oinkologne\",\"details\":\"Oinkologne, L92, M\",\"condition\":\"352/352\",\"active\":false,\"stats\":{\"atk\":236,\"def\":190,\"spa\":161,\"spd\":200,\"spe\":172},\"moves\":[\"lashout\",\"highhorsepower\",\"curse\",\"bodyslam\"],\"baseAbility\":\"thickfat\",\"item\":\"leftovers\",\"pokeball\":\"pokeball\",\"ability\":\"thickfat\",\"commanding\":false,\"reviving\":false,\"teraType\":\"Ground\",\"terastallized\":\"\"},{\"ident\":\"p2: Golduck\",\"details\":\"Golduck, L90, M\",\"condition\":\"290/290\",\"active\":false,\"stats\":{\"atk\":152,\"def\":192,\"spa\":222,\"spd\":195,\"spe\":204},\"moves\":[\"icebeam\",\"nastyplot\",\"hydropump\",\"grassknot\"],\"baseAbility\":\"cloudnine\",\"item\":\"leftovers\",\"pokeball\":\"pokeball\",\"ability\":\"cloudnine\",\"commanding\":false,\"reviving\":false,\"teraType\":\"Water\",\"terastallized\":\"\"}]},\"rqid\":9}\n|inactive|Time left: 300 sec this turn | 300 sec total\n|\n|t:|1783391213\n|-activate|p2a: Roaring Moon|confusion\n|move|p2a: Roaring Moon|Outrage|p1a: Bellossom\n|-damage|p1a: Bellossom|39/100\n|move|p1a: Bellossom|Strength Sap|p2a: Roaring Moon\n|-unboost|p2a: Roaring Moon|atk|1\n|-heal|p1a: Bellossom|100/100\n|\n|upkeep\n|turn|4\n|request|{\"active\":[{\"moves\":[{\"move\":\"Outrage\",\"id\":\"outrage\"}],\"trapped\":true}],\"side\":{\"name\":\"p0y021e134\",\"id\":\"p2\",\"pokemon\":[{\"ident\":\"p2: Roaring Moon\",\"details\":\"Roaring Moon, L72\",\"condition\":\"100/270\",\"active\":true,\"stats\":{\"atk\":242,\"def\":144,\"spa\":121,\"spd\":187,\"spe\":213},\"moves\":[\"knockoff\",\"ironhead\",\"outrage\",\"uturn\"],\"baseAbility\":\"protosynthesis\",\"item\":\"choiceband\",\"pokeball\":\"pokeball\",\"ability\":\"protosynthesis\",\"commanding\":false,\"reviving\":false,\"teraType\":\"Dark\",\"terastallized\":\"\"},{\"ident\":\"p2: Glalie\",\"details\":\"Glalie, L96, M\",\"condition\":\"309/309\",\"active\":false,\"stats\":{\"atk\":208,\"def\":208,\"spa\":208,\"spd\":208,\"spe\":208},\"moves\":[\"earthquake\",\"taunt\",\"freezedry\",\"spikes\"],\"baseAbility\":\"innerfocus\",\"item\":\"heavydutyboots\",\"pokeball\":\"pokeball\",\"ability\":\"innerfocus\",\"commanding\":false,\"reviving\":false,\"teraType\":\"Ground\",\"terastallized\":\"\"},{\"ident\":\"p2: Falinks\",\"details\":\"Falinks, L84\",\"condition\":\"246/246\",\"active\":false,\"stats\":{\"atk\":216,\"def\":216,\"spa\":166,\"spd\":149,\"spe\":174},\"moves\":[\"knockoff\",\"closecombat\",\"ironhead\",\"noretreat\"],\"baseAbility\":\"defiant\",\"item\":\"lifeorb\",\"pokeball\":\"pokeball\",\"ability\":\"defiant\",\"commanding\":false,\"reviving\":false,\"teraType\":\"Dark\",\"terastallized\":\"\"},{\"ident\":\"p2: Feraligatr\",\"details\":\"Feraligatr, L79, M\",\"condition\":\"264/264\",\"active\":false,\"stats\":{\"atk\":211,\"def\":204,\"spa\":170,\"spd\":177,\"spe\":169},\"moves\":[\"crunch\",\"icepunch\",\"dragondance\",\"liquidation\"],\"baseAbility\":\"sheerforce\",\"item\":\"lifeorb\",\"pokeball\":\"pokeball\",\"ability\":\"sheerforce\",\"commanding\":false,\"reviving\":false,\"teraType\":\"Dragon\",\"terastallized\":\"\"},{\"ident\":\"p2: Oinkologne\",\"details\":\"Oinkologne, L92, M\",\"condition\":\"352/352\",\"active\":false,\"stats\":{\"atk\":236,\"def\":190,\"spa\":161,\"spd\":200,\"spe\":172},\"moves\":[\"lashout\",\"highhorsepower\",\"curse\",\"bodyslam\"],\"baseAbility\":\"thickfat\",\"item\":\"leftovers\",\"pokeball\":\"pokeball\",\"ability\":\"thickfat\",\"commanding\":false,\"reviving\":false,\"teraType\":\"Ground\",\"terastallized\":\"\"},{\"ident\":\"p2: Golduck\",\"details\":\"Golduck, L90, M\",\"condition\":\"290/290\",\"active\":false,\"stats\":{\"atk\":152,\"def\":192,\"spa\":222,\"spd\":195,\"spe\":204},\"moves\":[\"icebeam\",\"nastyplot\",\"hydropump\",\"grassknot\"],\"baseAbility\":\"cloudnine\",\"item\":\"leftovers\",\"pokeball\":\"pokeball\",\"ability\":\"cloudnine\",\"commanding\":false,\"reviving\":false,\"teraType\":\"Water\",\"terastallized\":\"\"}]},\"rqid\":11}\n|inactive|Time left: 300 sec this turn | 300 sec total\n|\n|t:|1783391213\n|-end|p2a: Roaring Moon|confusion\n|move|p2a: Roaring Moon|Outrage|p1a: Bellossom|[from] lockedmove\n|-damage|p1a: Bellossom|54/100\n|move|p1a: Bellossom|Quiver Dance|p1a: Bellossom\n|-boost|p1a: Bellossom|spa|1\n|-boost|p1a: Bellossom|spd|1\n|-boost|p1a: Bellossom|spe|1\n|\n|-heal|p1a: Bellossom|61/100|[from] item: Leftovers\n|upkeep\n|turn|5\n|request|{\"active\":[{\"moves\":[{\"move\":\"Outrage\",\"id\":\"outrage\"}],\"trapped\":true}],\"side\":{\"name\":\"p0y021e134\",\"id\":\"p2\",\"pokemon\":[{\"ident\":\"p2: Roaring Moon\",\"details\":\"Roaring Moon, L72\",\"condition\":\"100/270\",\"active\":true,\"stats\":{\"atk\":242,\"def\":144,\"spa\":121,\"spd\":187,\"spe\":213},\"moves\":[\"knockoff\",\"ironhead\",\"outrage\",\"uturn\"],\"baseAbility\":\"protosynthesis\",\"item\":\"choiceband\",\"pokeball\":\"pokeball\",\"ability\":\"protosynthesis\",\"commanding\":false,\"reviving\":false,\"teraType\":\"Dark\",\"terastallized\":\"\"},{\"ident\":\"p2: Glalie\",\"details\":\"Glalie, L96, M\",\"condition\":\"309/309\",\"active\":false,\"stats\":{\"atk\":208,\"def\":208,\"spa\":208,\"spd\":208,\"spe\":208},\"moves\":[\"earthquake\",\"taunt\",\"freezedry\",\"spikes\"],\"baseAbility\":\"innerfocus\",\"item\":\"heavydutyboots\",\"pokeball\":\"pokeball\",\"ability\":\"innerfocus\",\"commanding\":false,\"reviving\":false,\"teraType\":\"Ground\",\"terastallized\":\"\"},{\"ident\":\"p2: Falinks\",\"details\":\"Falinks, L84\",\"condition\":\"246/246\",\"active\":false,\"stats\":{\"atk\":216,\"def\":216,\"spa\":166,\"spd\":149,\"spe\":174},\"moves\":[\"knockoff\",\"closecombat\",\"ironhead\",\"noretreat\"],\"baseAbility\":\"defiant\",\"item\":\"lifeorb\",\"pokeball\":\"pokeball\",\"ability\":\"defiant\",\"commanding\":false,\"reviving\":false,\"teraType\":\"Dark\",\"terastallized\":\"\"},{\"ident\":\"p2: Feraligatr\",\"details\":\"Feraligatr, L79, M\",\"condition\":\"264/264\",\"active\":false,\"stats\":{\"atk\":211,\"def\":204,\"spa\":170,\"spd\":177,\"spe\":169},\"moves\":[\"crunch\",\"icepunch\",\"dragondance\",\"liquidation\"],\"baseAbility\":\"sheerforce\",\"item\":\"lifeorb\",\"pokeball\":\"pokeball\",\"ability\":\"sheerforce\",\"commanding\":false,\"reviving\":false,\"teraType\":\"Dragon\",\"terastallized\":\"\"},{\"ident\":\"p2: Oinkologne\",\"details\":\"Oinkologne, L92, M\",\"condition\":\"352/352\",\"active\":false,\"stats\":{\"atk\":236,\"def\":190,\"spa\":161,\"spd\":200,\"spe\":172},\"moves\":[\"lashout\",\"highhorsepower\",\"curse\",\"bodyslam\"],\"baseAbility\":\"thickfat\",\"item\":\"leftovers\",\"pokeball\":\"pokeball\",\"ability\":\"thickfat\",\"commanding\":false,\"reviving\":false,\"teraType\":\"Ground\",\"terastallized\":\"\"},{\"ident\":\"p2: Golduck\",\"details\":\"Golduck, L90, M\",\"condition\":\"290/290\",\"active\":false,\"stats\":{\"atk\":152,\"def\":192,\"spa\":222,\"spd\":195,\"spe\":204},\"moves\":[\"icebeam\",\"nastyplot\",\"hydropump\",\"grassknot\"],\"baseAbility\":\"cloudnine\",\"item\":\"leftovers\",\"pokeball\":\"pokeball\",\"ability\":\"cloudnine\",\"commanding\":false,\"reviving\":false,\"teraType\":\"Water\",\"terastallized\":\"\"}]},\"rqid\":13}\n|inactive|Time left: 300 sec this turn | 300 sec total\n|\n|t:|1783391213\n|move|p2a: Roaring Moon|Outrage|p1a: Bellossom|[from] lockedmove\n|-damage|p1a: Bellossom|14/100\n|-start|p2a: Roaring Moon|confusion|[fatigue]\n|move|p1a: Bellossom|Quiver Dance|p1a: Bellossom\n|-boost|p1a: Bellossom|spa|1\n|-boost|p1a: Bellossom|spd|1\n|-boost|p1a: Bellossom|spe|1\n|\n|-heal|p1a: Bellossom|20/100|[from] item: Leftovers\n|upkeep\n|turn|6\n|request|{\"active\":[{\"moves\":[{\"move\":\"Knock Off\",\"id\":\"knockoff\",\"pp\":32,\"maxpp\":32,\"target\":\"normal\",\"disabled\":true},{\"move\":\"Iron Head\",\"id\":\"ironhead\",\"pp\":24,\"maxpp\":24,\"target\":\"normal\",\"disabled\":true},{\"move\":\"Outrage\",\"id\":\"outrage\",\"pp\":14,\"maxpp\":16,\"target\":\"randomNormal\",\"disabled\":false},{\"move\":\"U-turn\",\"id\":\"uturn\",\"pp\":32,\"maxpp\":32,\"target\":\"normal\",\"disabled\":true}],\"canTerastallize\":\"Dark\"}],\"side\":{\"name\":\"p0y021e134\",\"id\":\"p2\",\"pokemon\":[{\"ident\":\"p2: Roaring Moon\",\"details\":\"Roaring Moon, L72\",\"condition\":\"100/270\",\"active\":true,\"stats\":{\"atk\":242,\"def\":144,\"spa\":121,\"spd\":187,\"spe\":213},\"moves\":[\"knockoff\",\"ironhead\",\"outrage\",\"uturn\"],\"baseAbility\":\"protosynthesis\",\"item\":\"choiceband\",\"pokeball\":\"pokeball\",\"ability\":\"protosynthesis\",\"commanding\":false,\"reviving\":false,\"teraType\":\"Dark\",\"terastallized\":\"\"},{\"ident\":\"p2: Glalie\",\"details\":\"Glalie, L96, M\",\"condition\":\"309/309\",\"active\":false,\"stats\":{\"atk\":208,\"def\":208,\"spa\":208,\"spd\":208,\"spe\":208},\"moves\":[\"earthquake\",\"taunt\",\"freezedry\",\"spikes\"],\"baseAbility\":\"innerfocus\",\"item\":\"heavydutyboots\",\"pokeball\":\"pokeball\",\"ability\":\"innerfocus\",\"commanding\":false,\"reviving\":false,\"teraType\":\"Ground\",\"terastallized\":\"\"},{\"ident\":\"p2: Falinks\",\"details\":\"Falinks, L84\",\"condition\":\"246/246\",\"active\":false,\"stats\":{\"atk\":216,\"def\":216,\"spa\":166,\"spd\":149,\"spe\":174},\"moves\":[\"knockoff\",\"closecombat\",\"ironhead\",\"noretreat\"],\"baseAbility\":\"defiant\",\"item\":\"lifeorb\",\"pokeball\":\"pokeball\",\"ability\":\"defiant\",\"commanding\":false,\"reviving\":false,\"teraType\":\"Dark\",\"terastallized\":\"\"},{\"ident\":\"p2: Feraligatr\",\"details\":\"Feraligatr, L79, M\",\"condition\":\"264/264\",\"active\":false,\"stats\":{\"atk\":211,\"def\":204,\"spa\":170,\"spd\":177,\"spe\":169},\"moves\":[\"crunch\",\"icepunch\",\"dragondance\",\"liquidation\"],\"baseAbility\":\"sheerforce\",\"item\":\"lifeorb\",\"pokeball\":\"pokeball\",\"ability\":\"sheerforce\",\"commanding\":false,\"reviving\":false,\"teraType\":\"Dragon\",\"terastallized\":\"\"},{\"ident\":\"p2: Oinkologne\",\"details\":\"Oinkologne, L92, M\",\"condition\":\"352/352\",\"active\":false,\"stats\":{\"atk\":236,\"def\":190,\"spa\":161,\"spd\":200,\"spe\":172},\"moves\":[\"lashout\",\"highhorsepower\",\"curse\",\"bodyslam\"],\"baseAbility\":\"thickfat\",\"item\":\"leftovers\",\"pokeball\":\"pokeball\",\"ability\":\"thickfat\",\"commanding\":false,\"reviving\":false,\"teraType\":\"Ground\",\"terastallized\":\"\"},{\"ident\":\"p2: Golduck\",\"details\":\"Golduck, L90, M\",\"condition\":\"290/290\",\"active\":false,\"stats\":{\"atk\":152,\"def\":192,\"spa\":222,\"spd\":195,\"spe\":204},\"moves\":[\"icebeam\",\"nastyplot\",\"hydropump\",\"grassknot\"],\"baseAbility\":\"cloudnine\",\"item\":\"leftovers\",\"pokeball\":\"pokeball\",\"ability\":\"cloudnine\",\"commanding\":false,\"reviving\":false,\"teraType\":\"Water\",\"terastallized\":\"\"}]},\"rqid\":15}\n|inactive|Time left: 300 sec this turn | 300 sec total\n|\n|t:|1783391214\n|move|p1a: Bellossom|Strength Sap|p2a: Roaring Moon\n|-unboost|p2a: Roaring Moon|atk|1\n|-heal|p1a: Bellossom|81/100\n|-activate|p2a: Roaring Moon|confusion\n|move|p2a: Roaring Moon|Outrage|p1a: Bellossom\n|-damage|p1a: Bellossom|46/100\n|\n|-heal|p1a: Bellossom|52/100|[from] item: Leftovers\n|upkeep\n|turn|7\n|request|{\"active\":[{\"moves\":[{\"move\":\"Outrage\",\"id\":\"outrage\"}],\"trapped\":true}],\"side\":{\"name\":\"p0y021e134\",\"id\":\"p2\",\"pokemon\":[{\"ident\":\"p2: Roaring Moon\",\"details\":\"Roaring Moon, L72\",\"condition\":\"100/270\",\"active\":true,\"stats\":{\"atk\":242,\"def\":144,\"spa\":121,\"spd\":187,\"spe\":213},\"moves\":[\"knockoff\",\"ironhead\",\"outrage\",\"uturn\"],\"baseAbility\":\"protosynthesis\",\"item\":\"choiceband\",\"pokeball\":\"pokeball\",\"ability\":\"protosynthesis\",\"commanding\":false,\"reviving\":false,\"teraType\":\"Dark\",\"terastallized\":\"\"},{\"ident\":\"p2: Glalie\",\"details\":\"Glalie, L96, M\",\"condition\":\"309/309\",\"active\":false,\"stats\":{\"atk\":208,\"def\":208,\"spa\":208,\"spd\":208,\"spe\":208},\"moves\":[\"earthquake\",\"taunt\",\"freezedry\",\"spikes\"],\"baseAbility\":\"innerfocus\",\"item\":\"heavydutyboots\",\"pokeball\":\"pokeball\",\"ability\":\"innerfocus\",\"commanding\":false,\"reviving\":false,\"teraType\":\"Ground\",\"terastallized\":\"\"},{\"ident\":\"p2: Falinks\",\"details\":\"Falinks, L84\",\"condition\":\"246/246\",\"active\":false,\"stats\":{\"atk\":216,\"def\":216,\"spa\":166,\"spd\":149,\"spe\":174},\"moves\":[\"knockoff\",\"closecombat\",\"ironhead\",\"noretreat\"],\"baseAbility\":\"defiant\",\"item\":\"lifeorb\",\"pokeball\":\"pokeball\",\"ability\":\"defiant\",\"commanding\":false,\"reviving\":false,\"teraType\":\"Dark\",\"terastallized\":\"\"},{\"ident\":\"p2: Feraligatr\",\"details\":\"Feraligatr, L79, M\",\"condition\":\"264/264\",\"active\":false,\"stats\":{\"atk\":211,\"def\":204,\"spa\":170,\"spd\":177,\"spe\":169},\"moves\":[\"crunch\",\"icepunch\",\"dragondance\",\"liquidation\"],\"baseAbility\":\"sheerforce\",\"item\":\"lifeorb\",\"pokeball\":\"pokeball\",\"ability\":\"sheerforce\",\"commanding\":false,\"reviving\":false,\"teraType\":\"Dragon\",\"terastallized\":\"\"},{\"ident\":\"p2: Oinkologne\",\"details\":\"Oinkologne, L92, M\",\"condition\":\"352/352\",\"active\":false,\"stats\":{\"atk\":236,\"def\":190,\"spa\":161,\"spd\":200,\"spe\":172},\"moves\":[\"lashout\",\"highhorsepower\",\"curse\",\"bodyslam\"],\"baseAbility\":\"thickfat\",\"item\":\"leftovers\",\"pokeball\":\"pokeball\",\"ability\":\"thickfat\",\"commanding\":false,\"reviving\":false,\"teraType\":\"Ground\",\"terastallized\":\"\"},{\"ident\":\"p2: Golduck\",\"details\":\"Golduck, L90, M\",\"condition\":\"290/290\",\"active\":false,\"stats\":{\"atk\":152,\"def\":192,\"spa\":222,\"spd\":195,\"spe\":204},\"moves\":[\"icebeam\",\"nastyplot\",\"hydropump\",\"grassknot\"],\"baseAbility\":\"cloudnine\",\"item\":\"leftovers\",\"pokeball\":\"pokeball\",\"ability\":\"cloudnine\",\"commanding\":false,\"reviving\":false,\"teraType\":\"Water\",\"terastallized\":\"\"}]},\"rqid\":17}\n|inactive|Time left: 300 sec this turn | 300 sec total\n|\n|t:|1783391214\n|move|p1a: Bellossom|Strength Sap|p2a: Roaring Moon\n|-unboost|p2a: Roaring Moon|atk|1\n|-heal|p1a: Bellossom|98/100\n|-activate|p2a: Roaring Moon|confusion\n|move|p2a: Roaring Moon|Outrage|p1a: Bellossom|[from] lockedmove\n|-damage|p1a: Bellossom|71/100\n|\n|-heal|p1a: Bellossom|77/100|[from] item: Leftovers\n|upkeep\n|turn|8\n|request|{\"active\":[{\"moves\":[{\"move\":\"Knock Off\",\"id\":\"knockoff\",\"pp\":32,\"maxpp\":32,\"target\":\"normal\",\"disabled\":true},{\"move\":\"Iron Head\",\"id\":\"ironhead\",\"pp\":24,\"maxpp\":24,\"target\":\"normal\",\"disabled\":true},{\"move\":\"Outrage\",\"id\":\"outrage\",\"pp\":13,\"maxpp\":16,\"target\":\"randomNormal\",\"disabled\":false},{\"move\":\"U-turn\",\"id\":\"uturn\",\"pp\":32,\"maxpp\":32,\"target\":\"normal\",\"disabled\":true}],\"canTerastallize\":\"Dark\"}],\"side\":{\"name\":\"p0y021e134\",\"id\":\"p2\",\"pokemon\":[{\"ident\":\"p2: Roaring Moon\",\"details\":\"Roaring Moon, L72\",\"condition\":\"100/270\",\"active\":true,\"stats\":{\"atk\":242,\"def\":144,\"spa\":121,\"spd\":187,\"spe\":213},\"moves\":[\"knockoff\",\"ironhead\",\"outrage\",\"uturn\"],\"baseAbility\":\"protosynthesis\",\"item\":\"choiceband\",\"pokeball\":\"pokeball\",\"ability\":\"protosynthesis\",\"commanding\":false,\"reviving\":false,\"teraType\":\"Dark\",\"terastallized\":\"\"},{\"ident\":\"p2: Glalie\",\"details\":\"Glalie, L96, M\",\"condition\":\"309/309\",\"active\":false,\"stats\":{\"atk\":208,\"def\":208,\"spa\":208,\"spd\":208,\"spe\":208},\"moves\":[\"earthquake\",\"taunt\",\"freezedry\",\"spikes\"],\"baseAbility\":\"innerfocus\",\"item\":\"heavydutyboots\",\"pokeball\":\"pokeball\",\"ability\":\"innerfocus\",\"commanding\":false,\"reviving\":false,\"teraType\":\"Ground\",\"terastallized\":\"\"},{\"ident\":\"p2: Falinks\",\"details\":\"Falinks, L84\",\"condition\":\"246/246\",\"active\":false,\"stats\":{\"atk\":216,\"def\":216,\"spa\":166,\"spd\":149,\"spe\":174},\"moves\":[\"knockoff\",\"closecombat\",\"ironhead\",\"noretreat\"],\"baseAbility\":\"defiant\",\"item\":\"lifeorb\",\"pokeball\":\"pokeball\",\"ability\":\"defiant\",\"commanding\":false,\"reviving\":false,\"teraType\":\"Dark\",\"terastallized\":\"\"},{\"ident\":\"p2: Feraligatr\",\"details\":\"Feraligatr, L79, M\",\"condition\":\"264/264\",\"active\":false,\"stats\":{\"atk\":211,\"def\":204,\"spa\":170,\"spd\":177,\"spe\":169},\"moves\":[\"crunch\",\"icepunch\",\"dragondance\",\"liquidation\"],\"baseAbility\":\"sheerforce\",\"item\":\"lifeorb\",\"pokeball\":\"pokeball\",\"ability\":\"sheerforce\",\"commanding\":false,\"reviving\":false,\"teraType\":\"Dragon\",\"terastallized\":\"\"},{\"ident\":\"p2: Oinkologne\",\"details\":\"Oinkologne, L92, M\",\"condition\":\"352/352\",\"active\":false,\"stats\":{\"atk\":236,\"def\":190,\"spa\":161,\"spd\":200,\"spe\":172},\"moves\":[\"lashout\",\"highhorsepower\",\"curse\",\"bodyslam\"],\"baseAbility\":\"thickfat\",\"item\":\"leftovers\",\"pokeball\":\"pokeball\",\"ability\":\"thickfat\",\"commanding\":false,\"reviving\":false,\"teraType\":\"Ground\",\"terastallized\":\"\"},{\"ident\":\"p2: Golduck\",\"details\":\"Golduck, L90, M\",\"condition\":\"290/290\",\"active\":false,\"stats\":{\"atk\":152,\"def\":192,\"spa\":222,\"spd\":195,\"spe\":204},\"moves\":[\"icebeam\",\"nastyplot\",\"hydropump\",\"grassknot\"],\"baseAbility\":\"cloudnine\",\"item\":\"leftovers\",\"pokeball\":\"pokeball\",\"ability\":\"cloudnine\",\"commanding\":false,\"reviving\":false,\"teraType\":\"Water\",\"terastallized\":\"\"}]},\"rqid\":19}\n|inactive|Time left: 300 sec this turn | 300 sec total\n|\n|t:|1783391214\n|move|p1a: Bellossom|Sludge Bomb|p2a: Roaring Moon\n|-damage|p2a: Roaring Moon|0 fnt\n|faint|p2a: Roaring Moon\n|-end|p2a: Roaring Moon|Protosynthesis|[silent]\n|\n|-heal|p1a: Bellossom|83/100|[from] item: Leftovers\n|upkeep\n|request|{\"forceSwitch\":[true],\"side\":{\"name\":\"p0y021e134\",\"id\":\"p2\",\"pokemon\":[{\"ident\":\"p2: Roaring Moon\",\"details\":\"Roaring Moon, L72\",\"condition\":\"0 fnt\",\"active\":true,\"stats\":{\"atk\":242,\"def\":144,\"spa\":121,\"spd\":187,\"spe\":213},\"moves\":[\"knockoff\",\"ironhead\",\"outrage\",\"uturn\"],\"baseAbility\":\"protosynthesis\",\"item\":\"choiceband\",\"pokeball\":\"pokeball\",\"ability\":\"protosynthesis\",\"commanding\":false,\"reviving\":false,\"teraType\":\"Dark\",\"terastallized\":\"\"},{\"ident\":\"p2: Glalie\",\"details\":\"Glalie, L96, M\",\"condition\":\"309/309\",\"active\":false,\"stats\":{\"atk\":208,\"def\":208,\"spa\":208,\"spd\":208,\"spe\":208},\"moves\":[\"earthquake\",\"taunt\",\"freezedry\",\"spikes\"],\"baseAbility\":\"innerfocus\",\"item\":\"heavydutyboots\",\"pokeball\":\"pokeball\",\"ability\":\"innerfocus\",\"commanding\":false,\"reviving\":false,\"teraType\":\"Ground\",\"terastallized\":\"\"},{\"ident\":\"p2: Falinks\",\"details\":\"Falinks, L84\",\"condition\":\"246/246\",\"active\":false,\"stats\":{\"atk\":216,\"def\":216,\"spa\":166,\"spd\":149,\"spe\":174},\"moves\":[\"knockoff\",\"closecombat\",\"ironhead\",\"noretreat\"],\"baseAbility\":\"defiant\",\"item\":\"lifeorb\",\"pokeball\":\"pokeball\",\"ability\":\"defiant\",\"commanding\":false,\"reviving\":false,\"teraType\":\"Dark\",\"terastallized\":\"\"},{\"ident\":\"p2: Feraligatr\",\"details\":\"Feraligatr, L79, M\",\"condition\":\"264/264\",\"active\":false,\"stats\":{\"atk\":211,\"def\":204,\"spa\":170,\"spd\":177,\"spe\":169},\"moves\":[\"crunch\",\"icepunch\",\"dragondance\",\"liquidation\"],\"baseAbility\":\"sheerforce\",\"item\":\"lifeorb\",\"pokeball\":\"pokeball\",\"ability\":\"sheerforce\",\"commanding\":false,\"reviving\":false,\"teraType\":\"Dragon\",\"terastallized\":\"\"},{\"ident\":\"p2: Oinkologne\",\"details\":\"Oinkologne, L92, M\",\"condition\":\"352/352\",\"active\":false,\"stats\":{\"atk\":236,\"def\":190,\"spa\":161,\"spd\":200,\"spe\":172},\"moves\":[\"lashout\",\"highhorsepower\",\"curse\",\"bodyslam\"],\"baseAbility\":\"thickfat\",\"item\":\"leftovers\",\"pokeball\":\"pokeball\",\"ability\":\"thickfat\",\"commanding\":false,\"reviving\":false,\"teraType\":\"Ground\",\"terastallized\":\"\"},{\"ident\":\"p2: Golduck\",\"details\":\"Golduck, L90, M\",\"condition\":\"290/290\",\"active\":false,\"stats\":{\"atk\":152,\"def\":192,\"spa\":222,\"spd\":195,\"spe\":204},\"moves\":[\"icebeam\",\"nastyplot\",\"hydropump\",\"grassknot\"],\"baseAbility\":\"cloudnine\",\"item\":\"leftovers\",\"pokeball\":\"pokeball\",\"ability\":\"cloudnine\",\"commanding\":false,\"reviving\":false,\"teraType\":\"Water\",\"terastallized\":\"\"}]},\"noCancel\":true,\"rqid\":21}\n|inactive|Time left: 300 sec this turn | 300 sec total | 5 sec grace\n|\n|t:|1783391214\n|switch|p2a: Oinkologne|Oinkologne, L92, M|352/352\n|turn|9\n|request|{\"active\":[{\"moves\":[{\"move\":\"Lash Out\",\"id\":\"lashout\",\"pp\":8,\"maxpp\":8,\"target\":\"normal\",\"disabled\":false},{\"move\":\"High Horsepower\",\"id\":\"highhorsepower\",\"pp\":16,\"maxpp\":16,\"target\":\"normal\",\"disabled\":false},{\"move\":\"Curse\",\"id\":\"curse\",\"pp\":16,\"maxpp\":16,\"target\":\"self\",\"disabled\":false},{\"move\":\"Body Slam\",\"id\":\"bodyslam\",\"pp\":24,\"maxpp\":24,\"target\":\"normal\",\"disabled\":false}],\"canTerastallize\":\"Ground\"}],\"side\":{\"name\":\"p0y021e134\",\"id\":\"p2\",\"pokemon\":[{\"ident\":\"p2: Oinkologne\",\"details\":\"Oinkologne, L92, M\",\"condition\":\"352/352\",\"active\":true,\"stats\":{\"atk\":236,\"def\":190,\"spa\":161,\"spd\":200,\"spe\":172},\"moves\":[\"lashout\",\"highhorsepower\",\"curse\",\"bodyslam\"],\"baseAbility\":\"thickfat\",\"item\":\"leftovers\",\"pokeball\":\"pokeball\",\"ability\":\"thickfat\",\"commanding\":false,\"reviving\":false,\"teraType\":\"Ground\",\"terastallized\":\"\"},{\"ident\":\"p2: Glalie\",\"details\":\"Glalie, L96, M\",\"condition\":\"309/309\",\"active\":false,\"stats\":{\"atk\":208,\"def\":208,\"spa\":208,\"spd\":208,\"spe\":208},\"moves\":[\"earthquake\",\"taunt\",\"freezedry\",\"spikes\"],\"baseAbility\":\"innerfocus\",\"item\":\"heavydutyboots\",\"pokeball\":\"pokeball\",\"ability\":\"innerfocus\",\"commanding\":false,\"reviving\":false,\"teraType\":\"Ground\",\"terastallized\":\"\"},{\"ident\":\"p2: Falinks\",\"details\":\"Falinks, L84\",\"condition\":\"246/246\",\"active\":false,\"stats\":{\"atk\":216,\"def\":216,\"spa\":166,\"spd\":149,\"spe\":174},\"moves\":[\"knockoff\",\"closecombat\",\"ironhead\",\"noretreat\"],\"baseAbility\":\"defiant\",\"item\":\"lifeorb\",\"pokeball\":\"pokeball\",\"ability\":\"defiant\",\"commanding\":false,\"reviving\":false,\"teraType\":\"Dark\",\"terastallized\":\"\"},{\"ident\":\"p2: Feraligatr\",\"details\":\"Feraligatr, L79, M\",\"condition\":\"264/264\",\"active\":false,\"stats\":{\"atk\":211,\"def\":204,\"spa\":170,\"spd\":177,\"spe\":169},\"moves\":[\"crunch\",\"icepunch\",\"dragondance\",\"liquidation\"],\"baseAbility\":\"sheerforce\",\"item\":\"lifeorb\",\"pokeball\":\"pokeball\",\"ability\":\"sheerforce\",\"commanding\":false,\"reviving\":false,\"teraType\":\"Dragon\",\"terastallized\":\"\"},{\"ident\":\"p2: Roaring Moon\",\"details\":\"Roaring Moon, L72\",\"condition\":\"0 fnt\",\"active\":false,\"stats\":{\"atk\":242,\"def\":144,\"spa\":121,\"spd\":187,\"spe\":213},\"moves\":[\"knockoff\",\"ironhead\",\"outrage\",\"uturn\"],\"baseAbility\":\"protosynthesis\",\"item\":\"choiceband\",\"pokeball\":\"pokeball\",\"ability\":\"protosynthesis\",\"commanding\":false,\"reviving\":false,\"teraType\":\"Dark\",\"terastallized\":\"\"},{\"ident\":\"p2: Golduck\",\"details\":\"Golduck, L90, M\",\"condition\":\"290/290\",\"active\":false,\"stats\":{\"atk\":152,\"def\":192,\"spa\":222,\"spd\":195,\"spe\":204},\"moves\":[\"icebeam\",\"nastyplot\",\"hydropump\",\"grassknot\"],\"baseAbility\":\"cloudnine\",\"item\":\"leftovers\",\"pokeball\":\"pokeball\",\"ability\":\"cloudnine\",\"commanding\":false,\"reviving\":false,\"teraType\":\"Water\",\"terastallized\":\"\"}]},\"rqid\":23}\n|inactive|Time left: 300 sec this turn | 300 sec total\n|\n|t:|1783391215\n|move|p1a: Bellossom|Giga Drain|p2a: Oinkologne\n|-damage|p2a: Oinkologne|205/352\n|-heal|p1a: Bellossom|100/100|[from] drain|[of] p2a: Oinkologne\n|move|p2a: Oinkologne|Body Slam|p1a: Bellossom\n|-damage|p1a: Bellossom|61/100\n|-status|p1a: Bellossom|par\n|\n|-heal|p2a: Oinkologne|227/352|[from] item: Leftovers\n|-heal|p1a: Bellossom|67/100 par|[from] item: Leftovers\n|upkeep\n|turn|10\n|request|{\"active\":[{\"moves\":[{\"move\":\"Lash Out\",\"id\":\"lashout\",\"pp\":8,\"maxpp\":8,\"target\":\"normal\",\"disabled\":false},{\"move\":\"High Horsepower\",\"id\":\"highhorsepower\",\"pp\":16,\"maxpp\":16,\"target\":\"normal\",\"disabled\":false},{\"move\":\"Curse\",\"id\":\"curse\",\"pp\":16,\"maxpp\":16,\"target\":\"self\",\"disabled\":false},{\"move\":\"Body Slam\",\"id\":\"bodyslam\",\"pp\":23,\"maxpp\":24,\"target\":\"normal\",\"disabled\":false}],\"canTerastallize\":\"Ground\"}],\"side\":{\"name\":\"p0y021e134\",\"id\":\"p2\",\"pokemon\":[{\"ident\":\"p2: Oinkologne\",\"details\":\"Oinkologne, L92, M\",\"condition\":\"227/352\",\"active\":true,\"stats\":{\"atk\":236,\"def\":190,\"spa\":161,\"spd\":200,\"spe\":172},\"moves\":[\"lashout\",\"highhorsepower\",\"curse\",\"bodyslam\"],\"baseAbility\":\"thickfat\",\"item\":\"leftovers\",\"pokeball\":\"pokeball\",\"ability\":\"thickfat\",\"commanding\":false,\"reviving\":false,\"teraType\":\"Ground\",\"terastallized\":\"\"},{\"ident\":\"p2: Glalie\",\"details\":\"Glalie, L96, M\",\"condition\":\"309/309\",\"active\":false,\"stats\":{\"atk\":208,\"def\":208,\"spa\":208,\"spd\":208,\"spe\":208},\"moves\":[\"earthquake\",\"taunt\",\"freezedry\",\"spikes\"],\"baseAbility\":\"innerfocus\",\"item\":\"heavydutyboots\",\"pokeball\":\"pokeball\",\"ability\":\"innerfocus\",\"commanding\":false,\"reviving\":false,\"teraType\":\"Ground\",\"terastallized\":\"\"},{\"ident\":\"p2: Falinks\",\"details\":\"Falinks, L84\",\"condition\":\"246/246\",\"active\":false,\"stats\":{\"atk\":216,\"def\":216,\"spa\":166,\"spd\":149,\"spe\":174},\"moves\":[\"knockoff\",\"closecombat\",\"ironhead\",\"noretreat\"],\"baseAbility\":\"defiant\",\"item\":\"lifeorb\",\"pokeball\":\"pokeball\",\"ability\":\"defiant\",\"commanding\":false,\"reviving\":false,\"teraType\":\"Dark\",\"terastallized\":\"\"},{\"ident\":\"p2: Feraligatr\",\"details\":\"Feraligatr, L79, M\",\"condition\":\"264/264\",\"active\":false,\"stats\":{\"atk\":211,\"def\":204,\"spa\":170,\"spd\":177,\"spe\":169},\"moves\":[\"crunch\",\"icepunch\",\"dragondance\",\"liquidation\"],\"baseAbility\":\"sheerforce\",\"item\":\"lifeorb\",\"pokeball\":\"pokeball\",\"ability\":\"sheerforce\",\"commanding\":false,\"reviving\":false,\"teraType\":\"Dragon\",\"terastallized\":\"\"},{\"ident\":\"p2: Roaring Moon\",\"details\":\"Roaring Moon, L72\",\"condition\":\"0 fnt\",\"active\":false,\"stats\":{\"atk\":242,\"def\":144,\"spa\":121,\"spd\":187,\"spe\":213},\"moves\":[\"knockoff\",\"ironhead\",\"outrage\",\"uturn\"],\"baseAbility\":\"protosynthesis\",\"item\":\"choiceband\",\"pokeball\":\"pokeball\",\"ability\":\"protosynthesis\",\"commanding\":false,\"reviving\":false,\"teraType\":\"Dark\",\"terastallized\":\"\"},{\"ident\":\"p2: Golduck\",\"details\":\"Golduck, L90, M\",\"condition\":\"290/290\",\"active\":false,\"stats\":{\"atk\":152,\"def\":192,\"spa\":222,\"spd\":195,\"spe\":204},\"moves\":[\"icebeam\",\"nastyplot\",\"hydropump\",\"grassknot\"],\"baseAbility\":\"cloudnine\",\"item\":\"leftovers\",\"pokeball\":\"pokeball\",\"ability\":\"cloudnine\",\"commanding\":false,\"reviving\":false,\"teraType\":\"Water\",\"terastallized\":\"\"}]},\"rqid\":25}\n|inactive|Time left: 300 sec this turn | 300 sec total\n|\n|t:|1783391215\n|move|p2a: Oinkologne|Body Slam|p1a: Bellossom\n|-damage|p1a: Bellossom|30/100 par\n|move|p1a: Bellossom|Giga Drain|p2a: Oinkologne\n|-damage|p2a: Oinkologne|74/352\n|-heal|p1a: Bellossom|59/100 par|[from] drain|[of] p2a: Oinkologne\n|\n|-heal|p2a: Oinkologne|96/352|[from] item: Leftovers\n|-heal|p1a: Bellossom|66/100 par|[from] item: Leftovers\n|upkeep\n|turn|11\n|request|{\"active\":[{\"moves\":[{\"move\":\"Lash Out\",\"id\":\"lashout\",\"pp\":8,\"maxpp\":8,\"target\":\"normal\",\"disabled\":false},{\"move\":\"High Horsepower\",\"id\":\"highhorsepower\",\"pp\":16,\"maxpp\":16,\"target\":\"normal\",\"disabled\":false},{\"move\":\"Curse\",\"id\":\"curse\",\"pp\":16,\"maxpp\":16,\"target\":\"self\",\"disabled\":false},{\"move\":\"Body Slam\",\"id\":\"bodyslam\",\"pp\":22,\"maxpp\":24,\"target\":\"normal\",\"disabled\":false}],\"canTerastallize\":\"Ground\"}],\"side\":{\"name\":\"p0y021e134\",\"id\":\"p2\",\"pokemon\":[{\"ident\":\"p2: Oinkologne\",\"details\":\"Oinkologne, L92, M\",\"condition\":\"96/352\",\"active\":true,\"stats\":{\"atk\":236,\"def\":190,\"spa\":161,\"spd\":200,\"spe\":172},\"moves\":[\"lashout\",\"highhorsepower\",\"curse\",\"bodyslam\"],\"baseAbility\":\"thickfat\",\"item\":\"leftovers\",\"pokeball\":\"pokeball\",\"ability\":\"thickfat\",\"commanding\":false,\"reviving\":false,\"teraType\":\"Ground\",\"terastallized\":\"\"},{\"ident\":\"p2: Glalie\",\"details\":\"Glalie, L96, M\",\"condition\":\"309/309\",\"active\":false,\"stats\":{\"atk\":208,\"def\":208,\"spa\":208,\"spd\":208,\"spe\":208},\"moves\":[\"earthquake\",\"taunt\",\"freezedry\",\"spikes\"],\"baseAbility\":\"innerfocus\",\"item\":\"heavydutyboots\",\"pokeball\":\"pokeball\",\"ability\":\"innerfocus\",\"commanding\":false,\"reviving\":false,\"teraType\":\"Ground\",\"terastallized\":\"\"},{\"ident\":\"p2: Falinks\",\"details\":\"Falinks, L84\",\"condition\":\"246/246\",\"active\":false,\"stats\":{\"atk\":216,\"def\":216,\"spa\":166,\"spd\":149,\"spe\":174},\"moves\":[\"knockoff\",\"closecombat\",\"ironhead\",\"noretreat\"],\"baseAbility\":\"defiant\",\"item\":\"lifeorb\",\"pokeball\":\"pokeball\",\"ability\":\"defiant\",\"commanding\":false,\"reviving\":false,\"teraType\":\"Dark\",\"terastallized\":\"\"},{\"ident\":\"p2: Feraligatr\",\"details\":\"Feraligatr, L79, M\",\"condition\":\"264/264\",\"active\":false,\"stats\":{\"atk\":211,\"def\":204,\"spa\":170,\"spd\":177,\"spe\":169},\"moves\":[\"crunch\",\"icepunch\",\"dragondance\",\"liquidation\"],\"baseAbility\":\"sheerforce\",\"item\":\"lifeorb\",\"pokeball\":\"pokeball\",\"ability\":\"sheerforce\",\"commanding\":false,\"reviving\":false,\"teraType\":\"Dragon\",\"terastallized\":\"\"},{\"ident\":\"p2: Roaring Moon\",\"details\":\"Roaring Moon, L72\",\"condition\":\"0 fnt\",\"active\":false,\"stats\":{\"atk\":242,\"def\":144,\"spa\":121,\"spd\":187,\"spe\":213},\"moves\":[\"knockoff\",\"ironhead\",\"outrage\",\"uturn\"],\"baseAbility\":\"protosynthesis\",\"item\":\"choiceband\",\"pokeball\":\"pokeball\",\"ability\":\"protosynthesis\",\"commanding\":false,\"reviving\":false,\"teraType\":\"Dark\",\"terastallized\":\"\"},{\"ident\":\"p2: Golduck\",\"details\":\"Golduck, L90, M\",\"condition\":\"290/290\",\"active\":false,\"stats\":{\"atk\":152,\"def\":192,\"spa\":222,\"spd\":195,\"spe\":204},\"moves\":[\"icebeam\",\"nastyplot\",\"hydropump\",\"grassknot\"],\"baseAbility\":\"cloudnine\",\"item\":\"leftovers\",\"pokeball\":\"pokeball\",\"ability\":\"cloudnine\",\"commanding\":false,\"reviving\":false,\"teraType\":\"Water\",\"terastallized\":\"\"}]},\"rqid\":27}\n|inactive|Time left: 300 sec this turn | 300 sec total\n|\n|t:|1783391215\n|move|p2a: Oinkologne|Body Slam|p1a: Bellossom\n|-damage|p1a: Bellossom|27/100 par\n|move|p1a: Bellossom|Strength Sap|p2a: Oinkologne\n|-unboost|p2a: Oinkologne|atk|1\n|-heal|p1a: Bellossom|100/100 par\n|\n|-heal|p2a: Oinkologne|118/352|[from] item: Leftovers\n|upkeep\n|turn|12\n|request|{\"active\":[{\"moves\":[{\"move\":\"Lash Out\",\"id\":\"lashout\",\"pp\":8,\"maxpp\":8,\"target\":\"normal\",\"disabled\":false},{\"move\":\"High Horsepower\",\"id\":\"highhorsepower\",\"pp\":16,\"maxpp\":16,\"target\":\"normal\",\"disabled\":false},{\"move\":\"Curse\",\"id\":\"curse\",\"pp\":16,\"maxpp\":16,\"target\":\"self\",\"disabled\":false},{\"move\":\"Body Slam\",\"id\":\"bodyslam\",\"pp\":21,\"maxpp\":24,\"target\":\"normal\",\"disabled\":false}],\"canTerastallize\":\"Ground\"}],\"side\":{\"name\":\"p0y021e134\",\"id\":\"p2\",\"pokemon\":[{\"ident\":\"p2: Oinkologne\",\"details\":\"Oinkologne, L92, M\",\"condition\":\"118/352\",\"active\":true,\"stats\":{\"atk\":236,\"def\":190,\"spa\":161,\"spd\":200,\"spe\":172},\"moves\":[\"lashout\",\"highhorsepower\",\"curse\",\"bodyslam\"],\"baseAbility\":\"thickfat\",\"item\":\"leftovers\",\"pokeball\":\"pokeball\",\"ability\":\"thickfat\",\"commanding\":false,\"reviving\":false,\"teraType\":\"Ground\",\"terastallized\":\"\"},{\"ident\":\"p2: Glalie\",\"details\":\"Glalie, L96, M\",\"condition\":\"309/309\",\"active\":false,\"stats\":{\"atk\":208,\"def\":208,\"spa\":208,\"spd\":208,\"spe\":208},\"moves\":[\"earthquake\",\"taunt\",\"freezedry\",\"spikes\"],\"baseAbility\":\"innerfocus\",\"item\":\"heavydutyboots\",\"pokeball\":\"pokeball\",\"ability\":\"innerfocus\",\"commanding\":false,\"reviving\":false,\"teraType\":\"Ground\",\"terastallized\":\"\"},{\"ident\":\"p2: Falinks\",\"details\":\"Falinks, L84\",\"condition\":\"246/246\",\"active\":false,\"stats\":{\"atk\":216,\"def\":216,\"spa\":166,\"spd\":149,\"spe\":174},\"moves\":[\"knockoff\",\"closecombat\",\"ironhead\",\"noretreat\"],\"baseAbility\":\"defiant\",\"item\":\"lifeorb\",\"pokeball\":\"pokeball\",\"ability\":\"defiant\",\"commanding\":false,\"reviving\":false,\"teraType\":\"Dark\",\"terastallized\":\"\"},{\"ident\":\"p2: Feraligatr\",\"details\":\"Feraligatr, L79, M\",\"condition\":\"264/264\",\"active\":false,\"stats\":{\"atk\":211,\"def\":204,\"spa\":170,\"spd\":177,\"spe\":169},\"moves\":[\"crunch\",\"icepunch\",\"dragondance\",\"liquidation\"],\"baseAbility\":\"sheerforce\",\"item\":\"lifeorb\",\"pokeball\":\"pokeball\",\"ability\":\"sheerforce\",\"commanding\":false,\"reviving\":false,\"teraType\":\"Dragon\",\"terastallized\":\"\"},{\"ident\":\"p2: Roaring Moon\",\"details\":\"Roaring Moon, L72\",\"condition\":\"0 fnt\",\"active\":false,\"stats\":{\"atk\":242,\"def\":144,\"spa\":121,\"spd\":187,\"spe\":213},\"moves\":[\"knockoff\",\"ironhead\",\"outrage\",\"uturn\"],\"baseAbility\":\"protosynthesis\",\"item\":\"choiceband\",\"pokeball\":\"pokeball\",\"ability\":\"protosynthesis\",\"commanding\":false,\"reviving\":false,\"teraType\":\"Dark\",\"terastallized\":\"\"},{\"ident\":\"p2: Golduck\",\"details\":\"Golduck, L90, M\",\"condition\":\"290/290\",\"active\":false,\"stats\":{\"atk\":152,\"def\":192,\"spa\":222,\"spd\":195,\"spe\":204},\"moves\":[\"icebeam\",\"nastyplot\",\"hydropump\",\"grassknot\"],\"baseAbility\":\"cloudnine\",\"item\":\"leftovers\",\"pokeball\":\"pokeball\",\"ability\":\"cloudnine\",\"commanding\":false,\"reviving\":false,\"teraType\":\"Water\",\"terastallized\":\"\"}]},\"rqid\":29}\n|inactive|Time left: 300 sec this turn | 300 sec total\n|\n|t:|1783391215\n|switch|p2a: Falinks|Falinks, L84|246/246\n|cant|p1a: Bellossom|par\n|\n|upkeep\n|turn|13\n|request|{\"active\":[{\"moves\":[{\"move\":\"Knock Off\",\"id\":\"knockoff\",\"pp\":32,\"maxpp\":32,\"target\":\"normal\",\"disabled\":false},{\"move\":\"Close Combat\",\"id\":\"closecombat\",\"pp\":8,\"maxpp\":8,\"target\":\"normal\",\"disabled\":false},{\"move\":\"Iron Head\",\"id\":\"ironhead\",\"pp\":24,\"maxpp\":24,\"target\":\"normal\",\"disabled\":false},{\"move\":\"No Retreat\",\"id\":\"noretreat\",\"pp\":8,\"maxpp\":8,\"target\":\"self\",\"disabled\":false}],\"canTerastallize\":\"Dark\"}],\"side\":{\"name\":\"p0y021e134\",\"id\":\"p2\",\"pokemon\":[{\"ident\":\"p2: Falinks\",\"details\":\"Falinks, L84\",\"condition\":\"246/246\",\"active\":true,\"stats\":{\"atk\":216,\"def\":216,\"spa\":166,\"spd\":149,\"spe\":174},\"moves\":[\"knockoff\",\"closecombat\",\"ironhead\",\"noretreat\"],\"baseAbility\":\"defiant\",\"item\":\"lifeorb\",\"pokeball\":\"pokeball\",\"ability\":\"defiant\",\"commanding\":false,\"reviving\":false,\"teraType\":\"Dark\",\"terastallized\":\"\"},{\"ident\":\"p2: Glalie\",\"details\":\"Glalie, L96, M\",\"condition\":\"309/309\",\"active\":false,\"stats\":{\"atk\":208,\"def\":208,\"spa\":208,\"spd\":208,\"spe\":208},\"moves\":[\"earthquake\",\"taunt\",\"freezedry\",\"spikes\"],\"baseAbility\":\"innerfocus\",\"item\":\"heavydutyboots\",\"pokeball\":\"pokeball\",\"ability\":\"innerfocus\",\"commanding\":false,\"reviving\":false,\"teraType\":\"Ground\",\"terastallized\":\"\"},{\"ident\":\"p2: Oinkologne\",\"details\":\"Oinkologne, L92, M\",\"condition\":\"118/352\",\"active\":false,\"stats\":{\"atk\":236,\"def\":190,\"spa\":161,\"spd\":200,\"spe\":172},\"moves\":[\"lashout\",\"highhorsepower\",\"curse\",\"bodyslam\"],\"baseAbility\":\"thickfat\",\"item\":\"leftovers\",\"pokeball\":\"pokeball\",\"ability\":\"thickfat\",\"commanding\":false,\"reviving\":false,\"teraType\":\"Ground\",\"terastallized\":\"\"},{\"ident\":\"p2: Feraligatr\",\"details\":\"Feraligatr, L79, M\",\"condition\":\"264/264\",\"active\":false,\"stats\":{\"atk\":211,\"def\":204,\"spa\":170,\"spd\":177,\"spe\":169},\"moves\":[\"crunch\",\"icepunch\",\"dragondance\",\"liquidation\"],\"baseAbility\":\"sheerforce\",\"item\":\"lifeorb\",\"pokeball\":\"pokeball\",\"ability\":\"sheerforce\",\"commanding\":false,\"reviving\":false,\"teraType\":\"Dragon\",\"terastallized\":\"\"},{\"ident\":\"p2: Roaring Moon\",\"details\":\"Roaring Moon, L72\",\"condition\":\"0 fnt\",\"active\":false,\"stats\":{\"atk\":242,\"def\":144,\"spa\":121,\"spd\":187,\"spe\":213},\"moves\":[\"knockoff\",\"ironhead\",\"outrage\",\"uturn\"],\"baseAbility\":\"protosynthesis\",\"item\":\"choiceband\",\"pokeball\":\"pokeball\",\"ability\":\"protosynthesis\",\"commanding\":false,\"reviving\":false,\"teraType\":\"Dark\",\"terastallized\":\"\"},{\"ident\":\"p2: Golduck\",\"details\":\"Golduck, L90, M\",\"condition\":\"290/290\",\"active\":false,\"stats\":{\"atk\":152,\"def\":192,\"spa\":222,\"spd\":195,\"spe\":204},\"moves\":[\"icebeam\",\"nastyplot\",\"hydropump\",\"grassknot\"],\"baseAbility\":\"cloudnine\",\"item\":\"leftovers\",\"pokeball\":\"pokeball\",\"ability\":\"cloudnine\",\"commanding\":false,\"reviving\":false,\"teraType\":\"Water\",\"terastallized\":\"\"}]},\"rqid\":31}\n|inactive|Time left: 300 sec this turn | 300 sec total\n|\n|t:|1783391216\n|-terastallize|p2a: Falinks|Dark\n|move|p2a: Falinks|No Retreat|p2a: Falinks\n|-boost|p2a: Falinks|atk|1\n|-boost|p2a: Falinks|def|1\n|-boost|p2a: Falinks|spa|1\n|-boost|p2a: Falinks|spd|1\n|-boost|p2a: Falinks|spe|1\n|-start|p2a: Falinks|move: No Retreat\n|move|p1a: Bellossom|Giga Drain|p2a: Falinks\n|-damage|p2a: Falinks|122/246\n|\n|upkeep\n|turn|14\n|request|{\"active\":[{\"moves\":[{\"move\":\"Knock Off\",\"id\":\"knockoff\",\"pp\":32,\"maxpp\":32,\"target\":\"normal\",\"disabled\":false},{\"move\":\"Close Combat\",\"id\":\"closecombat\",\"pp\":8,\"maxpp\":8,\"target\":\"normal\",\"disabled\":false},{\"move\":\"Iron Head\",\"id\":\"ironhead\",\"pp\":24,\"maxpp\":24,\"target\":\"normal\",\"disabled\":false},{\"move\":\"No Retreat\",\"id\":\"noretreat\",\"pp\":7,\"maxpp\":8,\"target\":\"self\",\"disabled\":false}],\"trapped\":true}],\"side\":{\"name\":\"p0y021e134\",\"id\":\"p2\",\"pokemon\":[{\"ident\":\"p2: Falinks\",\"details\":\"Falinks, L84\",\"condition\":\"122/246\",\"active\":true,\"stats\":{\"atk\":216,\"def\":216,\"spa\":166,\"spd\":149,\"spe\":174},\"moves\":[\"knockoff\",\"closecombat\",\"ironhead\",\"noretreat\"],\"baseAbility\":\"defiant\",\"item\":\"lifeorb\",\"pokeball\":\"pokeball\",\"ability\":\"defiant\",\"commanding\":false,\"reviving\":false,\"teraType\":\"Dark\",\"terastallized\":\"Dark\"},{\"ident\":\"p2: Glalie\",\"details\":\"Glalie, L96, M\",\"condition\":\"309/309\",\"active\":false,\"stats\":{\"atk\":208,\"def\":208,\"spa\":208,\"spd\":208,\"spe\":208},\"moves\":[\"earthquake\",\"taunt\",\"freezedry\",\"spikes\"],\"baseAbility\":\"innerfocus\",\"item\":\"heavydutyboots\",\"pokeball\":\"pokeball\",\"ability\":\"innerfocus\",\"commanding\":false,\"reviving\":false,\"teraType\":\"Ground\",\"terastallized\":\"\"},{\"ident\":\"p2: Oinkologne\",\"details\":\"Oinkologne, L92, M\",\"condition\":\"118/352\",\"active\":false,\"stats\":{\"atk\":236,\"def\":190,\"spa\":161,\"spd\":200,\"spe\":172},\"moves\":[\"lashout\",\"highhorsepower\",\"curse\",\"bodyslam\"],\"baseAbility\":\"thickfat\",\"item\":\"leftovers\",\"pokeball\":\"pokeball\",\"ability\":\"thickfat\",\"commanding\":false,\"reviving\":false,\"teraType\":\"Ground\",\"terastallized\":\"\"},{\"ident\":\"p2: Feraligatr\",\"details\":\"Feraligatr, L79, M\",\"condition\":\"264/264\",\"active\":false,\"stats\":{\"atk\":211,\"def\":204,\"spa\":170,\"spd\":177,\"spe\":169},\"moves\":[\"crunch\",\"icepunch\",\"dragondance\",\"liquidation\"],\"baseAbility\":\"sheerforce\",\"item\":\"lifeorb\",\"pokeball\":\"pokeball\",\"ability\":\"sheerforce\",\"commanding\":false,\"reviving\":false,\"teraType\":\"Dragon\",\"terastallized\":\"\"},{\"ident\":\"p2: Roaring Moon\",\"details\":\"Roaring Moon, L72\",\"condition\":\"0 fnt\",\"active\":false,\"stats\":{\"atk\":242,\"def\":144,\"spa\":121,\"spd\":187,\"spe\":213},\"moves\":[\"knockoff\",\"ironhead\",\"outrage\",\"uturn\"],\"baseAbility\":\"protosynthesis\",\"item\":\"choiceband\",\"pokeball\":\"pokeball\",\"ability\":\"protosynthesis\",\"commanding\":false,\"reviving\":false,\"teraType\":\"Dark\",\"terastallized\":\"\"},{\"ident\":\"p2: Golduck\",\"details\":\"Golduck, L90, M\",\"condition\":\"290/290\",\"active\":false,\"stats\":{\"atk\":152,\"def\":192,\"spa\":222,\"spd\":195,\"spe\":204},\"moves\":[\"icebeam\",\"nastyplot\",\"hydropump\",\"grassknot\"],\"baseAbility\":\"cloudnine\",\"item\":\"leftovers\",\"pokeball\":\"pokeball\",\"ability\":\"cloudnine\",\"commanding\":false,\"reviving\":false,\"teraType\":\"Water\",\"terastallized\":\"\"}]},\"rqid\":33}\n|inactive|Time left: 300 sec this turn | 300 sec total\n|\n|t:|1783391216\n|move|p2a: Falinks|Knock Off|p1a: Bellossom\n|-damage|p1a: Bellossom|34/100 par\n|-enditem|p1a: Bellossom|Leftovers|[from] move: Knock Off|[of] p2a: Falinks\n|-damage|p2a: Falinks|98/246|[from] item: Life Orb\n|cant|p1a: Bellossom|par\n|\n|upkeep\n|turn|15\n|request|{\"active\":[{\"moves\":[{\"move\":\"Knock Off\",\"id\":\"knockoff\",\"pp\":31,\"maxpp\":32,\"target\":\"normal\",\"disabled\":false},{\"move\":\"Close Combat\",\"id\":\"closecombat\",\"pp\":8,\"maxpp\":8,\"target\":\"normal\",\"disabled\":false},{\"move\":\"Iron Head\",\"id\":\"ironhead\",\"pp\":24,\"maxpp\":24,\"target\":\"normal\",\"disabled\":false},{\"move\":\"No Retreat\",\"id\":\"noretreat\",\"pp\":7,\"maxpp\":8,\"target\":\"self\",\"disabled\":false}],\"trapped\":true}],\"side\":{\"name\":\"p0y021e134\",\"id\":\"p2\",\"pokemon\":[{\"ident\":\"p2: Falinks\",\"details\":\"Falinks, L84\",\"condition\":\"98/246\",\"active\":true,\"stats\":{\"atk\":216,\"def\":216,\"spa\":166,\"spd\":149,\"spe\":174},\"moves\":[\"knockoff\",\"closecombat\",\"ironhead\",\"noretreat\"],\"baseAbility\":\"defiant\",\"item\":\"lifeorb\",\"pokeball\":\"pokeball\",\"ability\":\"defiant\",\"commanding\":false,\"reviving\":false,\"teraType\":\"Dark\",\"terastallized\":\"Dark\"},{\"ident\":\"p2: Glalie\",\"details\":\"Glalie, L96, M\",\"condition\":\"309/309\",\"active\":false,\"stats\":{\"atk\":208,\"def\":208,\"spa\":208,\"spd\":208,\"spe\":208},\"moves\":[\"earthquake\",\"taunt\",\"freezedry\",\"spikes\"],\"baseAbility\":\"innerfocus\",\"item\":\"heavydutyboots\",\"pokeball\":\"pokeball\",\"ability\":\"innerfocus\",\"commanding\":false,\"reviving\":false,\"teraType\":\"Ground\",\"terastallized\":\"\"},{\"ident\":\"p2: Oinkologne\",\"details\":\"Oinkologne, L92, M\",\"condition\":\"118/352\",\"active\":false,\"stats\":{\"atk\":236,\"def\":190,\"spa\":161,\"spd\":200,\"spe\":172},\"moves\":[\"lashout\",\"highhorsepower\",\"curse\",\"bodyslam\"],\"baseAbility\":\"thickfat\",\"item\":\"leftovers\",\"pokeball\":\"pokeball\",\"ability\":\"thickfat\",\"commanding\":false,\"reviving\":false,\"teraType\":\"Ground\",\"terastallized\":\"\"},{\"ident\":\"p2: Feraligatr\",\"details\":\"Feraligatr, L79, M\",\"condition\":\"264/264\",\"active\":false,\"stats\":{\"atk\":211,\"def\":204,\"spa\":170,\"spd\":177,\"spe\":169},\"moves\":[\"crunch\",\"icepunch\",\"dragondance\",\"liquidation\"],\"baseAbility\":\"sheerforce\",\"item\":\"lifeorb\",\"pokeball\":\"pokeball\",\"ability\":\"sheerforce\",\"commanding\":false,\"reviving\":false,\"teraType\":\"Dragon\",\"terastallized\":\"\"},{\"ident\":\"p2: Roaring Moon\",\"details\":\"Roaring Moon, L72\",\"condition\":\"0 fnt\",\"active\":false,\"stats\":{\"atk\":242,\"def\":144,\"spa\":121,\"spd\":187,\"spe\":213},\"moves\":[\"knockoff\",\"ironhead\",\"outrage\",\"uturn\"],\"baseAbility\":\"protosynthesis\",\"item\":\"choiceband\",\"pokeball\":\"pokeball\",\"ability\":\"protosynthesis\",\"commanding\":false,\"reviving\":false,\"teraType\":\"Dark\",\"terastallized\":\"\"},{\"ident\":\"p2: Golduck\",\"details\":\"Golduck, L90, M\",\"condition\":\"290/290\",\"active\":false,\"stats\":{\"atk\":152,\"def\":192,\"spa\":222,\"spd\":195,\"spe\":204},\"moves\":[\"icebeam\",\"nastyplot\",\"hydropump\",\"grassknot\"],\"baseAbility\":\"cloudnine\",\"item\":\"leftovers\",\"pokeball\":\"pokeball\",\"ability\":\"cloudnine\",\"commanding\":false,\"reviving\":false,\"teraType\":\"Water\",\"terastallized\":\"\"}]},\"rqid\":35}\n|inactive|Time left: 300 sec this turn | 300 sec total\n|\n|t:|1783391216\n|move|p2a: Falinks|Knock Off|p1a: Bellossom\n|-damage|p1a: Bellossom|0 fnt\n|faint|p1a: Bellossom\n|-damage|p2a: Falinks|74/246|[from] item: Life Orb\n|\n|upkeep\n|request|{\"wait\":true,\"side\":{\"name\":\"p0y021e134\",\"id\":\"p2\",\"pokemon\":[{\"ident\":\"p2: Falinks\",\"details\":\"Falinks, L84\",\"condition\":\"74/246\",\"active\":true,\"stats\":{\"atk\":216,\"def\":216,\"spa\":166,\"spd\":149,\"spe\":174},\"moves\":[\"knockoff\",\"closecombat\",\"ironhead\",\"noretreat\"],\"baseAbility\":\"defiant\",\"item\":\"lifeorb\",\"pokeball\":\"pokeball\",\"ability\":\"defiant\",\"commanding\":false,\"reviving\":false,\"teraType\":\"Dark\",\"terastallized\":\"Dark\"},{\"ident\":\"p2: Glalie\",\"details\":\"Glalie, L96, M\",\"condition\":\"309/309\",\"active\":false,\"stats\":{\"atk\":208,\"def\":208,\"spa\":208,\"spd\":208,\"spe\":208},\"moves\":[\"earthquake\",\"taunt\",\"freezedry\",\"spikes\"],\"baseAbility\":\"innerfocus\",\"item\":\"heavydutyboots\",\"pokeball\":\"pokeball\",\"ability\":\"innerfocus\",\"commanding\":false,\"reviving\":false,\"teraType\":\"Ground\",\"terastallized\":\"\"},{\"ident\":\"p2: Oinkologne\",\"details\":\"Oinkologne, L92, M\",\"condition\":\"118/352\",\"active\":false,\"stats\":{\"atk\":236,\"def\":190,\"spa\":161,\"spd\":200,\"spe\":172},\"moves\":[\"lashout\",\"highhorsepower\",\"curse\",\"bodyslam\"],\"baseAbility\":\"thickfat\",\"item\":\"leftovers\",\"pokeball\":\"pokeball\",\"ability\":\"thickfat\",\"commanding\":false,\"reviving\":false,\"teraType\":\"Ground\",\"terastallized\":\"\"},{\"ident\":\"p2: Feraligatr\",\"details\":\"Feraligatr, L79, M\",\"condition\":\"264/264\",\"active\":false,\"stats\":{\"atk\":211,\"def\":204,\"spa\":170,\"spd\":177,\"spe\":169},\"moves\":[\"crunch\",\"icepunch\",\"dragondance\",\"liquidation\"],\"baseAbility\":\"sheerforce\",\"item\":\"lifeorb\",\"pokeball\":\"pokeball\",\"ability\":\"sheerforce\",\"commanding\":false,\"reviving\":false,\"teraType\":\"Dragon\",\"terastallized\":\"\"},{\"ident\":\"p2: Roaring Moon\",\"details\":\"Roaring Moon, L72\",\"condition\":\"0 fnt\",\"active\":false,\"stats\":{\"atk\":242,\"def\":144,\"spa\":121,\"spd\":187,\"spe\":213},\"moves\":[\"knockoff\",\"ironhead\",\"outrage\",\"uturn\"],\"baseAbility\":\"protosynthesis\",\"item\":\"choiceband\",\"pokeball\":\"pokeball\",\"ability\":\"protosynthesis\",\"commanding\":false,\"reviving\":false,\"teraType\":\"Dark\",\"terastallized\":\"\"},{\"ident\":\"p2: Golduck\",\"details\":\"Golduck, L90, M\",\"condition\":\"290/290\",\"active\":false,\"stats\":{\"atk\":152,\"def\":192,\"spa\":222,\"spd\":195,\"spe\":204},\"moves\":[\"icebeam\",\"nastyplot\",\"hydropump\",\"grassknot\"],\"baseAbility\":\"cloudnine\",\"item\":\"leftovers\",\"pokeball\":\"pokeball\",\"ability\":\"cloudnine\",\"commanding\":false,\"reviving\":false,\"teraType\":\"Water\",\"terastallized\":\"\"}]},\"rqid\":37}\n|\n|t:|1783391216\n|switch|p1a: Raging Bolt|Raging Bolt, L78|100/100\n|turn|16\n|request|{\"active\":[{\"moves\":[{\"move\":\"Knock Off\",\"id\":\"knockoff\",\"pp\":30,\"maxpp\":32,\"target\":\"normal\",\"disabled\":false},{\"move\":\"Close Combat\",\"id\":\"closecombat\",\"pp\":8,\"maxpp\":8,\"target\":\"normal\",\"disabled\":false},{\"move\":\"Iron Head\",\"id\":\"ironhead\",\"pp\":24,\"maxpp\":24,\"target\":\"normal\",\"disabled\":false},{\"move\":\"No Retreat\",\"id\":\"noretreat\",\"pp\":7,\"maxpp\":8,\"target\":\"self\",\"disabled\":false}],\"trapped\":true}],\"side\":{\"name\":\"p0y021e134\",\"id\":\"p2\",\"pokemon\":[{\"ident\":\"p2: Falinks\",\"details\":\"Falinks, L84\",\"condition\":\"74/246\",\"active\":true,\"stats\":{\"atk\":216,\"def\":216,\"spa\":166,\"spd\":149,\"spe\":174},\"moves\":[\"knockoff\",\"closecombat\",\"ironhead\",\"noretreat\"],\"baseAbility\":\"defiant\",\"item\":\"lifeorb\",\"pokeball\":\"pokeball\",\"ability\":\"defiant\",\"commanding\":false,\"reviving\":false,\"teraType\":\"Dark\",\"terastallized\":\"Dark\"},{\"ident\":\"p2: Glalie\",\"details\":\"Glalie, L96, M\",\"condition\":\"309/309\",\"active\":false,\"stats\":{\"atk\":208,\"def\":208,\"spa\":208,\"spd\":208,\"spe\":208},\"moves\":[\"earthquake\",\"taunt\",\"freezedry\",\"spikes\"],\"baseAbility\":\"innerfocus\",\"item\":\"heavydutyboots\",\"pokeball\":\"pokeball\",\"ability\":\"innerfocus\",\"commanding\":false,\"reviving\":false,\"teraType\":\"Ground\",\"terastallized\":\"\"},{\"ident\":\"p2: Oinkologne\",\"details\":\"Oinkologne, L92, M\",\"condition\":\"118/352\",\"active\":false,\"stats\":{\"atk\":236,\"def\":190,\"spa\":161,\"spd\":200,\"spe\":172},\"moves\":[\"lashout\",\"highhorsepower\",\"curse\",\"bodyslam\"],\"baseAbility\":\"thickfat\",\"item\":\"leftovers\",\"pokeball\":\"pokeball\",\"ability\":\"thickfat\",\"commanding\":false,\"reviving\":false,\"teraType\":\"Ground\",\"terastallized\":\"\"},{\"ident\":\"p2: Feraligatr\",\"details\":\"Feraligatr, L79, M\",\"condition\":\"264/264\",\"active\":false,\"stats\":{\"atk\":211,\"def\":204,\"spa\":170,\"spd\":177,\"spe\":169},\"moves\":[\"crunch\",\"icepunch\",\"dragondance\",\"liquidation\"],\"baseAbility\":\"sheerforce\",\"item\":\"lifeorb\",\"pokeball\":\"pokeball\",\"ability\":\"sheerforce\",\"commanding\":false,\"reviving\":false,\"teraType\":\"Dragon\",\"terastallized\":\"\"},{\"ident\":\"p2: Roaring Moon\",\"details\":\"Roaring Moon, L72\",\"condition\":\"0 fnt\",\"active\":false,\"stats\":{\"atk\":242,\"def\":144,\"spa\":121,\"spd\":187,\"spe\":213},\"moves\":[\"knockoff\",\"ironhead\",\"outrage\",\"uturn\"],\"baseAbility\":\"protosynthesis\",\"item\":\"choiceband\",\"pokeball\":\"pokeball\",\"ability\":\"protosynthesis\",\"commanding\":false,\"reviving\":false,\"teraType\":\"Dark\",\"terastallized\":\"\"},{\"ident\":\"p2: Golduck\",\"details\":\"Golduck, L90, M\",\"condition\":\"290/290\",\"active\":false,\"stats\":{\"atk\":152,\"def\":192,\"spa\":222,\"spd\":195,\"spe\":204},\"moves\":[\"icebeam\",\"nastyplot\",\"hydropump\",\"grassknot\"],\"baseAbility\":\"cloudnine\",\"item\":\"leftovers\",\"pokeball\":\"pokeball\",\"ability\":\"cloudnine\",\"commanding\":false,\"reviving\":false,\"teraType\":\"Water\",\"terastallized\":\"\"}]},\"rqid\":39}\n|inactive|Time left: 300 sec this turn | 300 sec total\n|\n|t:|1783391217\n|move|p1a: Raging Bolt|Thunderclap|p2a: Falinks\n|-damage|p2a: Falinks|0 fnt\n|faint|p2a: Falinks\n|\n|upkeep\n|request|{\"forceSwitch\":[true],\"side\":{\"name\":\"p0y021e134\",\"id\":\"p2\",\"pokemon\":[{\"ident\":\"p2: Falinks\",\"details\":\"Falinks, L84\",\"condition\":\"0 fnt\",\"active\":true,\"stats\":{\"atk\":216,\"def\":216,\"spa\":166,\"spd\":149,\"spe\":174},\"moves\":[\"knockoff\",\"closecombat\",\"ironhead\",\"noretreat\"],\"baseAbility\":\"defiant\",\"item\":\"lifeorb\",\"pokeball\":\"pokeball\",\"ability\":\"defiant\",\"commanding\":false,\"reviving\":false,\"teraType\":\"Dark\",\"terastallized\":\"\"},{\"ident\":\"p2: Glalie\",\"details\":\"Glalie, L96, M\",\"condition\":\"309/309\",\"active\":false,\"stats\":{\"atk\":208,\"def\":208,\"spa\":208,\"spd\":208,\"spe\":208},\"moves\":[\"earthquake\",\"taunt\",\"freezedry\",\"spikes\"],\"baseAbility\":\"innerfocus\",\"item\":\"heavydutyboots\",\"pokeball\":\"pokeball\",\"ability\":\"innerfocus\",\"commanding\":false,\"reviving\":false,\"teraType\":\"Ground\",\"terastallized\":\"\"},{\"ident\":\"p2: Oinkologne\",\"details\":\"Oinkologne, L92, M\",\"condition\":\"118/352\",\"active\":false,\"stats\":{\"atk\":236,\"def\":190,\"spa\":161,\"spd\":200,\"spe\":172},\"moves\":[\"lashout\",\"highhorsepower\",\"curse\",\"bodyslam\"],\"baseAbility\":\"thickfat\",\"item\":\"leftovers\",\"pokeball\":\"pokeball\",\"ability\":\"thickfat\",\"commanding\":false,\"reviving\":false,\"teraType\":\"Ground\",\"terastallized\":\"\"},{\"ident\":\"p2: Feraligatr\",\"details\":\"Feraligatr, L79, M\",\"condition\":\"264/264\",\"active\":false,\"stats\":{\"atk\":211,\"def\":204,\"spa\":170,\"spd\":177,\"spe\":169},\"moves\":[\"crunch\",\"icepunch\",\"dragondance\",\"liquidation\"],\"baseAbility\":\"sheerforce\",\"item\":\"lifeorb\",\"pokeball\":\"pokeball\",\"ability\":\"sheerforce\",\"commanding\":false,\"reviving\":false,\"teraType\":\"Dragon\",\"terastallized\":\"\"},{\"ident\":\"p2: Roaring Moon\",\"details\":\"Roaring Moon, L72\",\"condition\":\"0 fnt\",\"active\":false,\"stats\":{\"atk\":242,\"def\":144,\"spa\":121,\"spd\":187,\"spe\":213},\"moves\":[\"knockoff\",\"ironhead\",\"outrage\",\"uturn\"],\"baseAbility\":\"protosynthesis\",\"item\":\"choiceband\",\"pokeball\":\"pokeball\",\"ability\":\"protosynthesis\",\"commanding\":false,\"reviving\":false,\"teraType\":\"Dark\",\"terastallized\":\"\"},{\"ident\":\"p2: Golduck\",\"details\":\"Golduck, L90, M\",\"condition\":\"290/290\",\"active\":false,\"stats\":{\"atk\":152,\"def\":192,\"spa\":222,\"spd\":195,\"spe\":204},\"moves\":[\"icebeam\",\"nastyplot\",\"hydropump\",\"grassknot\"],\"baseAbility\":\"cloudnine\",\"item\":\"leftovers\",\"pokeball\":\"pokeball\",\"ability\":\"cloudnine\",\"commanding\":false,\"reviving\":false,\"teraType\":\"Water\",\"terastallized\":\"\"}]},\"noCancel\":true,\"rqid\":41}\n|inactive|Time left: 300 sec this turn | 300 sec total | 5 sec grace\n|\n|t:|1783391217\n|switch|p2a: Glalie|Glalie, L96, M|309/309\n|turn|17\n|request|{\"active\":[{\"moves\":[{\"move\":\"Earthquake\",\"id\":\"earthquake\",\"pp\":16,\"maxpp\":16,\"target\":\"allAdjacent\",\"disabled\":false},{\"move\":\"Taunt\",\"id\":\"taunt\",\"pp\":32,\"maxpp\":32,\"target\":\"normal\",\"disabled\":false},{\"move\":\"Freeze-Dry\",\"id\":\"freezedry\",\"pp\":32,\"maxpp\":32,\"target\":\"normal\",\"disabled\":false},{\"move\":\"Spikes\",\"id\":\"spikes\",\"pp\":32,\"maxpp\":32,\"target\":\"foeSide\",\"disabled\":false}]}],\"side\":{\"name\":\"p0y021e134\",\"id\":\"p2\",\"pokemon\":[{\"ident\":\"p2: Glalie\",\"details\":\"Glalie, L96, M\",\"condition\":\"309/309\",\"active\":true,\"stats\":{\"atk\":208,\"def\":208,\"spa\":208,\"spd\":208,\"spe\":208},\"moves\":[\"earthquake\",\"taunt\",\"freezedry\",\"spikes\"],\"baseAbility\":\"innerfocus\",\"item\":\"heavydutyboots\",\"pokeball\":\"pokeball\",\"ability\":\"innerfocus\",\"commanding\":false,\"reviving\":false,\"teraType\":\"Ground\",\"terastallized\":\"\"},{\"ident\":\"p2: Falinks\",\"details\":\"Falinks, L84\",\"condition\":\"0 fnt\",\"active\":false,\"stats\":{\"atk\":216,\"def\":216,\"spa\":166,\"spd\":149,\"spe\":174},\"moves\":[\"knockoff\",\"closecombat\",\"ironhead\",\"noretreat\"],\"baseAbility\":\"defiant\",\"item\":\"lifeorb\",\"pokeball\":\"pokeball\",\"ability\":\"defiant\",\"commanding\":false,\"reviving\":false,\"teraType\":\"Dark\",\"terastallized\":\"\"},{\"ident\":\"p2: Oinkologne\",\"details\":\"Oinkologne, L92, M\",\"condition\":\"118/352\",\"active\":false,\"stats\":{\"atk\":236,\"def\":190,\"spa\":161,\"spd\":200,\"spe\":172},\"moves\":[\"lashout\",\"highhorsepower\",\"curse\",\"bodyslam\"],\"baseAbility\":\"thickfat\",\"item\":\"leftovers\",\"pokeball\":\"pokeball\",\"ability\":\"thickfat\",\"commanding\":false,\"reviving\":false,\"teraType\":\"Ground\",\"terastallized\":\"\"},{\"ident\":\"p2: Feraligatr\",\"details\":\"Feraligatr, L79, M\",\"condition\":\"264/264\",\"active\":false,\"stats\":{\"atk\":211,\"def\":204,\"spa\":170,\"spd\":177,\"spe\":169},\"moves\":[\"crunch\",\"icepunch\",\"dragondance\",\"liquidation\"],\"baseAbility\":\"sheerforce\",\"item\":\"lifeorb\",\"pokeball\":\"pokeball\",\"ability\":\"sheerforce\",\"commanding\":false,\"reviving\":false,\"teraType\":\"Dragon\",\"terastallized\":\"\"},{\"ident\":\"p2: Roaring Moon\",\"details\":\"Roaring Moon, L72\",\"condition\":\"0 fnt\",\"active\":false,\"stats\":{\"atk\":242,\"def\":144,\"spa\":121,\"spd\":187,\"spe\":213},\"moves\":[\"knockoff\",\"ironhead\",\"outrage\",\"uturn\"],\"baseAbility\":\"protosynthesis\",\"item\":\"choiceband\",\"pokeball\":\"pokeball\",\"ability\":\"protosynthesis\",\"commanding\":false,\"reviving\":false,\"teraType\":\"Dark\",\"terastallized\":\"\"},{\"ident\":\"p2: Golduck\",\"details\":\"Golduck, L90, M\",\"condition\":\"290/290\",\"active\":false,\"stats\":{\"atk\":152,\"def\":192,\"spa\":222,\"spd\":195,\"spe\":204},\"moves\":[\"icebeam\",\"nastyplot\",\"hydropump\",\"grassknot\"],\"baseAbility\":\"cloudnine\",\"item\":\"leftovers\",\"pokeball\":\"pokeball\",\"ability\":\"cloudnine\",\"commanding\":false,\"reviving\":false,\"teraType\":\"Water\",\"terastallized\":\"\"}]},\"rqid\":43}\n|inactive|Time left: 300 sec this turn | 300 sec total\n|\n|t:|1783391217\n|-terastallize|p1a: Raging Bolt|Fairy\n|move|p2a: Glalie|Freeze-Dry|p1a: Raging Bolt\n|-damage|p1a: Raging Bolt|74/100\n|move|p1a: Raging Bolt|Calm Mind|p1a: Raging Bolt\n|-boost|p1a: Raging Bolt|spa|1\n|-boost|p1a: Raging Bolt|spd|1\n|\n|-heal|p1a: Raging Bolt|80/100|[from] item: Leftovers\n|upkeep\n|turn|18\n|request|{\"active\":[{\"moves\":[{\"move\":\"Earthquake\",\"id\":\"earthquake\",\"pp\":16,\"maxpp\":16,\"target\":\"allAdjacent\",\"disabled\":false},{\"move\":\"Taunt\",\"id\":\"taunt\",\"pp\":32,\"maxpp\":32,\"target\":\"normal\",\"disabled\":false},{\"move\":\"Freeze-Dry\",\"id\":\"freezedry\",\"pp\":31,\"maxpp\":32,\"target\":\"normal\",\"disabled\":false},{\"move\":\"Spikes\",\"id\":\"spikes\",\"pp\":32,\"maxpp\":32,\"target\":\"foeSide\",\"disabled\":false}]}],\"side\":{\"name\":\"p0y021e134\",\"id\":\"p2\",\"pokemon\":[{\"ident\":\"p2: Glalie\",\"details\":\"Glalie, L96, M\",\"condition\":\"309/309\",\"active\":true,\"stats\":{\"atk\":208,\"def\":208,\"spa\":208,\"spd\":208,\"spe\":208},\"moves\":[\"earthquake\",\"taunt\",\"freezedry\",\"spikes\"],\"baseAbility\":\"innerfocus\",\"item\":\"heavydutyboots\",\"pokeball\":\"pokeball\",\"ability\":\"innerfocus\",\"commanding\":false,\"reviving\":false,\"teraType\":\"Ground\",\"terastallized\":\"\"},{\"ident\":\"p2: Falinks\",\"details\":\"Falinks, L84\",\"condition\":\"0 fnt\",\"active\":false,\"stats\":{\"atk\":216,\"def\":216,\"spa\":166,\"spd\":149,\"spe\":174},\"moves\":[\"knockoff\",\"closecombat\",\"ironhead\",\"noretreat\"],\"baseAbility\":\"defiant\",\"item\":\"lifeorb\",\"pokeball\":\"pokeball\",\"ability\":\"defiant\",\"commanding\":false,\"reviving\":false,\"teraType\":\"Dark\",\"terastallized\":\"\"},{\"ident\":\"p2: Oinkologne\",\"details\":\"Oinkologne, L92, M\",\"condition\":\"118/352\",\"active\":false,\"stats\":{\"atk\":236,\"def\":190,\"spa\":161,\"spd\":200,\"spe\":172},\"moves\":[\"lashout\",\"highhorsepower\",\"curse\",\"bodyslam\"],\"baseAbility\":\"thickfat\",\"item\":\"leftovers\",\"pokeball\":\"pokeball\",\"ability\":\"thickfat\",\"commanding\":false,\"reviving\":false,\"teraType\":\"Ground\",\"terastallized\":\"\"},{\"ident\":\"p2: Feraligatr\",\"details\":\"Feraligatr, L79, M\",\"condition\":\"264/264\",\"active\":false,\"stats\":{\"atk\":211,\"def\":204,\"spa\":170,\"spd\":177,\"spe\":169},\"moves\":[\"crunch\",\"icepunch\",\"dragondance\",\"liquidation\"],\"baseAbility\":\"sheerforce\",\"item\":\"lifeorb\",\"pokeball\":\"pokeball\",\"ability\":\"sheerforce\",\"commanding\":false,\"reviving\":false,\"teraType\":\"Dragon\",\"terastallized\":\"\"},{\"ident\":\"p2: Roaring Moon\",\"details\":\"Roaring Moon, L72\",\"condition\":\"0 fnt\",\"active\":false,\"stats\":{\"atk\":242,\"def\":144,\"spa\":121,\"spd\":187,\"spe\":213},\"moves\":[\"knockoff\",\"ironhead\",\"outrage\",\"uturn\"],\"baseAbility\":\"protosynthesis\",\"item\":\"choiceband\",\"pokeball\":\"pokeball\",\"ability\":\"protosynthesis\",\"commanding\":false,\"reviving\":false,\"teraType\":\"Dark\",\"terastallized\":\"\"},{\"ident\":\"p2: Golduck\",\"details\":\"Golduck, L90, M\",\"condition\":\"290/290\",\"active\":false,\"stats\":{\"atk\":152,\"def\":192,\"spa\":222,\"spd\":195,\"spe\":204},\"moves\":[\"icebeam\",\"nastyplot\",\"hydropump\",\"grassknot\"],\"baseAbility\":\"cloudnine\",\"item\":\"leftovers\",\"pokeball\":\"pokeball\",\"ability\":\"cloudnine\",\"commanding\":false,\"reviving\":false,\"teraType\":\"Water\",\"terastallized\":\"\"}]},\"rqid\":45}\n|inactive|Time left: 300 sec this turn | 300 sec total\n|\n|t:|1783391217\n|move|p2a: Glalie|Freeze-Dry|p1a: Raging Bolt\n|-damage|p1a: Raging Bolt|62/100\n|move|p1a: Raging Bolt|Thunderbolt|p2a: Glalie\n|-damage|p2a: Glalie|159/309\n|\n|-heal|p1a: Raging Bolt|68/100|[from] item: Leftovers\n|upkeep\n|turn|19\n|request|{\"active\":[{\"moves\":[{\"move\":\"Earthquake\",\"id\":\"earthquake\",\"pp\":16,\"maxpp\":16,\"target\":\"allAdjacent\",\"disabled\":false},{\"move\":\"Taunt\",\"id\":\"taunt\",\"pp\":32,\"maxpp\":32,\"target\":\"normal\",\"disabled\":false},{\"move\":\"Freeze-Dry\",\"id\":\"freezedry\",\"pp\":30,\"maxpp\":32,\"target\":\"normal\",\"disabled\":false},{\"move\":\"Spikes\",\"id\":\"spikes\",\"pp\":32,\"maxpp\":32,\"target\":\"foeSide\",\"disabled\":false}]}],\"side\":{\"name\":\"p0y021e134\",\"id\":\"p2\",\"pokemon\":[{\"ident\":\"p2: Glalie\",\"details\":\"Glalie, L96, M\",\"condition\":\"159/309\",\"active\":true,\"stats\":{\"atk\":208,\"def\":208,\"spa\":208,\"spd\":208,\"spe\":208},\"moves\":[\"earthquake\",\"taunt\",\"freezedry\",\"spikes\"],\"baseAbility\":\"innerfocus\",\"item\":\"heavydutyboots\",\"pokeball\":\"pokeball\",\"ability\":\"innerfocus\",\"commanding\":false,\"reviving\":false,\"teraType\":\"Ground\",\"terastallized\":\"\"},{\"ident\":\"p2: Falinks\",\"details\":\"Falinks, L84\",\"condition\":\"0 fnt\",\"active\":false,\"stats\":{\"atk\":216,\"def\":216,\"spa\":166,\"spd\":149,\"spe\":174},\"moves\":[\"knockoff\",\"closecombat\",\"ironhead\",\"noretreat\"],\"baseAbility\":\"defiant\",\"item\":\"lifeorb\",\"pokeball\":\"pokeball\",\"ability\":\"defiant\",\"commanding\":false,\"reviving\":false,\"teraType\":\"Dark\",\"terastallized\":\"\"},{\"ident\":\"p2: Oinkologne\",\"details\":\"Oinkologne, L92, M\",\"condition\":\"118/352\",\"active\":false,\"stats\":{\"atk\":236,\"def\":190,\"spa\":161,\"spd\":200,\"spe\":172},\"moves\":[\"lashout\",\"highhorsepower\",\"curse\",\"bodyslam\"],\"baseAbility\":\"thickfat\",\"item\":\"leftovers\",\"pokeball\":\"pokeball\",\"ability\":\"thickfat\",\"commanding\":false,\"reviving\":false,\"teraType\":\"Ground\",\"terastallized\":\"\"},{\"ident\":\"p2: Feraligatr\",\"details\":\"Feraligatr, L79, M\",\"condition\":\"264/264\",\"active\":false,\"stats\":{\"atk\":211,\"def\":204,\"spa\":170,\"spd\":177,\"spe\":169},\"moves\":[\"crunch\",\"icepunch\",\"dragondance\",\"liquidation\"],\"baseAbility\":\"sheerforce\",\"item\":\"lifeorb\",\"pokeball\":\"pokeball\",\"ability\":\"sheerforce\",\"commanding\":false,\"reviving\":false,\"teraType\":\"Dragon\",\"terastallized\":\"\"},{\"ident\":\"p2: Roaring Moon\",\"details\":\"Roaring Moon, L72\",\"condition\":\"0 fnt\",\"active\":false,\"stats\":{\"atk\":242,\"def\":144,\"spa\":121,\"spd\":187,\"spe\":213},\"moves\":[\"knockoff\",\"ironhead\",\"outrage\",\"uturn\"],\"baseAbility\":\"protosynthesis\",\"item\":\"choiceband\",\"pokeball\":\"pokeball\",\"ability\":\"protosynthesis\",\"commanding\":false,\"reviving\":false,\"teraType\":\"Dark\",\"terastallized\":\"\"},{\"ident\":\"p2: Golduck\",\"details\":\"Golduck, L90, M\",\"condition\":\"290/290\",\"active\":false,\"stats\":{\"atk\":152,\"def\":192,\"spa\":222,\"spd\":195,\"spe\":204},\"moves\":[\"icebeam\",\"nastyplot\",\"hydropump\",\"grassknot\"],\"baseAbility\":\"cloudnine\",\"item\":\"leftovers\",\"pokeball\":\"pokeball\",\"ability\":\"cloudnine\",\"commanding\":false,\"reviving\":false,\"teraType\":\"Water\",\"terastallized\":\"\"}]},\"rqid\":47}\n|inactive|Time left: 300 sec this turn | 300 sec total\n|\n|t:|1783391218\n|move|p2a: Glalie|Freeze-Dry|p1a: Raging Bolt\n|-damage|p1a: Raging Bolt|48/100\n|move|p1a: Raging Bolt|Thunderbolt|p2a: Glalie\n|-damage|p2a: Glalie|0 fnt\n|faint|p2a: Glalie\n|\n|-heal|p1a: Raging Bolt|54/100|[from] item: Leftovers\n|upkeep\n|request|{\"forceSwitch\":[true],\"side\":{\"name\":\"p0y021e134\",\"id\":\"p2\",\"pokemon\":[{\"ident\":\"p2: Glalie\",\"details\":\"Glalie, L96, M\",\"condition\":\"0 fnt\",\"active\":true,\"stats\":{\"atk\":208,\"def\":208,\"spa\":208,\"spd\":208,\"spe\":208},\"moves\":[\"earthquake\",\"taunt\",\"freezedry\",\"spikes\"],\"baseAbility\":\"innerfocus\",\"item\":\"heavydutyboots\",\"pokeball\":\"pokeball\",\"ability\":\"innerfocus\",\"commanding\":false,\"reviving\":false,\"teraType\":\"Ground\",\"terastallized\":\"\"},{\"ident\":\"p2: Falinks\",\"details\":\"Falinks, L84\",\"condition\":\"0 fnt\",\"active\":false,\"stats\":{\"atk\":216,\"def\":216,\"spa\":166,\"spd\":149,\"spe\":174},\"moves\":[\"knockoff\",\"closecombat\",\"ironhead\",\"noretreat\"],\"baseAbility\":\"defiant\",\"item\":\"lifeorb\",\"pokeball\":\"pokeball\",\"ability\":\"defiant\",\"commanding\":false,\"reviving\":false,\"teraType\":\"Dark\",\"terastallized\":\"\"},{\"ident\":\"p2: Oinkologne\",\"details\":\"Oinkologne, L92, M\",\"condition\":\"118/352\",\"active\":false,\"stats\":{\"atk\":236,\"def\":190,\"spa\":161,\"spd\":200,\"spe\":172},\"moves\":[\"lashout\",\"highhorsepower\",\"curse\",\"bodyslam\"],\"baseAbility\":\"thickfat\",\"item\":\"leftovers\",\"pokeball\":\"pokeball\",\"ability\":\"thickfat\",\"commanding\":false,\"reviving\":false,\"teraType\":\"Ground\",\"terastallized\":\"\"},{\"ident\":\"p2: Feraligatr\",\"details\":\"Feraligatr, L79, M\",\"condition\":\"264/264\",\"active\":false,\"stats\":{\"atk\":211,\"def\":204,\"spa\":170,\"spd\":177,\"spe\":169},\"moves\":[\"crunch\",\"icepunch\",\"dragondance\",\"liquidation\"],\"baseAbility\":\"sheerforce\",\"item\":\"lifeorb\",\"pokeball\":\"pokeball\",\"ability\":\"sheerforce\",\"commanding\":false,\"reviving\":false,\"teraType\":\"Dragon\",\"terastallized\":\"\"},{\"ident\":\"p2: Roaring Moon\",\"details\":\"Roaring Moon, L72\",\"condition\":\"0 fnt\",\"active\":false,\"stats\":{\"atk\":242,\"def\":144,\"spa\":121,\"spd\":187,\"spe\":213},\"moves\":[\"knockoff\",\"ironhead\",\"outrage\",\"uturn\"],\"baseAbility\":\"protosynthesis\",\"item\":\"choiceband\",\"pokeball\":\"pokeball\",\"ability\":\"protosynthesis\",\"commanding\":false,\"reviving\":false,\"teraType\":\"Dark\",\"terastallized\":\"\"},{\"ident\":\"p2: Golduck\",\"details\":\"Golduck, L90, M\",\"condition\":\"290/290\",\"active\":false,\"stats\":{\"atk\":152,\"def\":192,\"spa\":222,\"spd\":195,\"spe\":204},\"moves\":[\"icebeam\",\"nastyplot\",\"hydropump\",\"grassknot\"],\"baseAbility\":\"cloudnine\",\"item\":\"leftovers\",\"pokeball\":\"pokeball\",\"ability\":\"cloudnine\",\"commanding\":false,\"reviving\":false,\"teraType\":\"Water\",\"terastallized\":\"\"}]},\"noCancel\":true,\"rqid\":49}\n|inactive|Time left: 300 sec this turn | 300 sec total | 5 sec grace\n|\n|t:|1783391218\n|switch|p2a: Oinkologne|Oinkologne, L92, M|118/352\n|turn|20\n|request|{\"active\":[{\"moves\":[{\"move\":\"Lash Out\",\"id\":\"lashout\",\"pp\":8,\"maxpp\":8,\"target\":\"normal\",\"disabled\":false},{\"move\":\"High Horsepower\",\"id\":\"highhorsepower\",\"pp\":16,\"maxpp\":16,\"target\":\"normal\",\"disabled\":false},{\"move\":\"Curse\",\"id\":\"curse\",\"pp\":16,\"maxpp\":16,\"target\":\"self\",\"disabled\":false},{\"move\":\"Body Slam\",\"id\":\"bodyslam\",\"pp\":21,\"maxpp\":24,\"target\":\"normal\",\"disabled\":false}]}],\"side\":{\"name\":\"p0y021e134\",\"id\":\"p2\",\"pokemon\":[{\"ident\":\"p2: Oinkologne\",\"details\":\"Oinkologne, L92, M\",\"condition\":\"118/352\",\"active\":true,\"stats\":{\"atk\":236,\"def\":190,\"spa\":161,\"spd\":200,\"spe\":172},\"moves\":[\"lashout\",\"highhorsepower\",\"curse\",\"bodyslam\"],\"baseAbility\":\"thickfat\",\"item\":\"leftovers\",\"pokeball\":\"pokeball\",\"ability\":\"thickfat\",\"commanding\":false,\"reviving\":false,\"teraType\":\"Ground\",\"terastallized\":\"\"},{\"ident\":\"p2: Falinks\",\"details\":\"Falinks, L84\",\"condition\":\"0 fnt\",\"active\":false,\"stats\":{\"atk\":216,\"def\":216,\"spa\":166,\"spd\":149,\"spe\":174},\"moves\":[\"knockoff\",\"closecombat\",\"ironhead\",\"noretreat\"],\"baseAbility\":\"defiant\",\"item\":\"lifeorb\",\"pokeball\":\"pokeball\",\"ability\":\"defiant\",\"commanding\":false,\"reviving\":false,\"teraType\":\"Dark\",\"terastallized\":\"\"},{\"ident\":\"p2: Glalie\",\"details\":\"Glalie, L96, M\",\"condition\":\"0 fnt\",\"active\":false,\"stats\":{\"atk\":208,\"def\":208,\"spa\":208,\"spd\":208,\"spe\":208},\"moves\":[\"earthquake\",\"taunt\",\"freezedry\",\"spikes\"],\"baseAbility\":\"innerfocus\",\"item\":\"heavydutyboots\",\"pokeball\":\"pokeball\",\"ability\":\"innerfocus\",\"commanding\":false,\"reviving\":false,\"teraType\":\"Ground\",\"terastallized\":\"\"},{\"ident\":\"p2: Feraligatr\",\"details\":\"Feraligatr, L79, M\",\"condition\":\"264/264\",\"active\":false,\"stats\":{\"atk\":211,\"def\":204,\"spa\":170,\"spd\":177,\"spe\":169},\"moves\":[\"crunch\",\"icepunch\",\"dragondance\",\"liquidation\"],\"baseAbility\":\"sheerforce\",\"item\":\"lifeorb\",\"pokeball\":\"pokeball\",\"ability\":\"sheerforce\",\"commanding\":false,\"reviving\":false,\"teraType\":\"Dragon\",\"terastallized\":\"\"},{\"ident\":\"p2: Roaring Moon\",\"details\":\"Roaring Moon, L72\",\"condition\":\"0 fnt\",\"active\":false,\"stats\":{\"atk\":242,\"def\":144,\"spa\":121,\"spd\":187,\"spe\":213},\"moves\":[\"knockoff\",\"ironhead\",\"outrage\",\"uturn\"],\"baseAbility\":\"protosynthesis\",\"item\":\"choiceband\",\"pokeball\":\"pokeball\",\"ability\":\"protosynthesis\",\"commanding\":false,\"reviving\":false,\"teraType\":\"Dark\",\"terastallized\":\"\"},{\"ident\":\"p2: Golduck\",\"details\":\"Golduck, L90, M\",\"condition\":\"290/290\",\"active\":false,\"stats\":{\"atk\":152,\"def\":192,\"spa\":222,\"spd\":195,\"spe\":204},\"moves\":[\"icebeam\",\"nastyplot\",\"hydropump\",\"grassknot\"],\"baseAbility\":\"cloudnine\",\"item\":\"leftovers\",\"pokeball\":\"pokeball\",\"ability\":\"cloudnine\",\"commanding\":false,\"reviving\":false,\"teraType\":\"Water\",\"terastallized\":\"\"}]},\"rqid\":51}\n|inactive|Time left: 300 sec this turn | 300 sec total\n|\n|t:|1783391218\n|switch|p2a: Feraligatr|Feraligatr, L79, M|264/264\n|move|p1a: Raging Bolt|Thunderclap||[still]\n|-fail|p1a: Raging Bolt\n|\n|-heal|p1a: Raging Bolt|60/100|[from] item: Leftovers\n|upkeep\n|turn|21\n|request|{\"active\":[{\"moves\":[{\"move\":\"Crunch\",\"id\":\"crunch\",\"pp\":24,\"maxpp\":24,\"target\":\"normal\",\"disabled\":false},{\"move\":\"Ice Punch\",\"id\":\"icepunch\",\"pp\":24,\"maxpp\":24,\"target\":\"normal\",\"disabled\":false},{\"move\":\"Dragon Dance\",\"id\":\"dragondance\",\"pp\":32,\"maxpp\":32,\"target\":\"self\",\"disabled\":false},{\"move\":\"Liquidation\",\"id\":\"liquidation\",\"pp\":16,\"maxpp\":16,\"target\":\"normal\",\"disabled\":false}]}],\"side\":{\"name\":\"p0y021e134\",\"id\":\"p2\",\"pokemon\":[{\"ident\":\"p2: Feraligatr\",\"details\":\"Feraligatr, L79, M\",\"condition\":\"264/264\",\"active\":true,\"stats\":{\"atk\":211,\"def\":204,\"spa\":170,\"spd\":177,\"spe\":169},\"moves\":[\"crunch\",\"icepunch\",\"dragondance\",\"liquidation\"],\"baseAbility\":\"sheerforce\",\"item\":\"lifeorb\",\"pokeball\":\"pokeball\",\"ability\":\"sheerforce\",\"commanding\":false,\"reviving\":false,\"teraType\":\"Dragon\",\"terastallized\":\"\"},{\"ident\":\"p2: Falinks\",\"details\":\"Falinks, L84\",\"condition\":\"0 fnt\",\"active\":false,\"stats\":{\"atk\":216,\"def\":216,\"spa\":166,\"spd\":149,\"spe\":174},\"moves\":[\"knockoff\",\"closecombat\",\"ironhead\",\"noretreat\"],\"baseAbility\":\"defiant\",\"item\":\"lifeorb\",\"pokeball\":\"pokeball\",\"ability\":\"defiant\",\"commanding\":false,\"reviving\":false,\"teraType\":\"Dark\",\"terastallized\":\"\"},{\"ident\":\"p2: Glalie\",\"details\":\"Glalie, L96, M\",\"condition\":\"0 fnt\",\"active\":false,\"stats\":{\"atk\":208,\"def\":208,\"spa\":208,\"spd\":208,\"spe\":208},\"moves\":[\"earthquake\",\"taunt\",\"freezedry\",\"spikes\"],\"baseAbility\":\"innerfocus\",\"item\":\"heavydutyboots\",\"pokeball\":\"pokeball\",\"ability\":\"innerfocus\",\"commanding\":false,\"reviving\":false,\"teraType\":\"Ground\",\"terastallized\":\"\"},{\"ident\":\"p2: Oinkologne\",\"details\":\"Oinkologne, L92, M\",\"condition\":\"118/352\",\"active\":false,\"stats\":{\"atk\":236,\"def\":190,\"spa\":161,\"spd\":200,\"spe\":172},\"moves\":[\"lashout\",\"highhorsepower\",\"curse\",\"bodyslam\"],\"baseAbility\":\"thickfat\",\"item\":\"leftovers\",\"pokeball\":\"pokeball\",\"ability\":\"thickfat\",\"commanding\":false,\"reviving\":false,\"teraType\":\"Ground\",\"terastallized\":\"\"},{\"ident\":\"p2: Roaring Moon\",\"details\":\"Roaring Moon, L72\",\"condition\":\"0 fnt\",\"active\":false,\"stats\":{\"atk\":242,\"def\":144,\"spa\":121,\"spd\":187,\"spe\":213},\"moves\":[\"knockoff\",\"ironhead\",\"outrage\",\"uturn\"],\"baseAbility\":\"protosynthesis\",\"item\":\"choiceband\",\"pokeball\":\"pokeball\",\"ability\":\"protosynthesis\",\"commanding\":false,\"reviving\":false,\"teraType\":\"Dark\",\"terastallized\":\"\"},{\"ident\":\"p2: Golduck\",\"details\":\"Golduck, L90, M\",\"condition\":\"290/290\",\"active\":false,\"stats\":{\"atk\":152,\"def\":192,\"spa\":222,\"spd\":195,\"spe\":204},\"moves\":[\"icebeam\",\"nastyplot\",\"hydropump\",\"grassknot\"],\"baseAbility\":\"cloudnine\",\"item\":\"leftovers\",\"pokeball\":\"pokeball\",\"ability\":\"cloudnine\",\"commanding\":false,\"reviving\":false,\"teraType\":\"Water\",\"terastallized\":\"\"}]},\"rqid\":53}\n|inactive|Time left: 300 sec this turn | 300 sec total\n|\n|t:|1783391218\n|move|p2a: Feraligatr|Liquidation|p1a: Raging Bolt\n|-damage|p1a: Raging Bolt|16/100\n|move|p1a: Raging Bolt|Thunderbolt|p2a: Feraligatr\n|-supereffective|p2a: Feraligatr\n|-damage|p2a: Feraligatr|0 fnt\n|faint|p2a: Feraligatr\n|\n|-heal|p1a: Raging Bolt|22/100|[from] item: Leftovers\n|upkeep\n|request|{\"forceSwitch\":[true],\"side\":{\"name\":\"p0y021e134\",\"id\":\"p2\",\"pokemon\":[{\"ident\":\"p2: Feraligatr\",\"details\":\"Feraligatr, L79, M\",\"condition\":\"0 fnt\",\"active\":true,\"stats\":{\"atk\":211,\"def\":204,\"spa\":170,\"spd\":177,\"spe\":169},\"moves\":[\"crunch\",\"icepunch\",\"dragondance\",\"liquidation\"],\"baseAbility\":\"sheerforce\",\"item\":\"lifeorb\",\"pokeball\":\"pokeball\",\"ability\":\"sheerforce\",\"commanding\":false,\"reviving\":false,\"teraType\":\"Dragon\",\"terastallized\":\"\"},{\"ident\":\"p2: Falinks\",\"details\":\"Falinks, L84\",\"condition\":\"0 fnt\",\"active\":false,\"stats\":{\"atk\":216,\"def\":216,\"spa\":166,\"spd\":149,\"spe\":174},\"moves\":[\"knockoff\",\"closecombat\",\"ironhead\",\"noretreat\"],\"baseAbility\":\"defiant\",\"item\":\"lifeorb\",\"pokeball\":\"pokeball\",\"ability\":\"defiant\",\"commanding\":false,\"reviving\":false,\"teraType\":\"Dark\",\"terastallized\":\"\"},{\"ident\":\"p2: Glalie\",\"details\":\"Glalie, L96, M\",\"condition\":\"0 fnt\",\"active\":false,\"stats\":{\"atk\":208,\"def\":208,\"spa\":208,\"spd\":208,\"spe\":208},\"moves\":[\"earthquake\",\"taunt\",\"freezedry\",\"spikes\"],\"baseAbility\":\"innerfocus\",\"item\":\"heavydutyboots\",\"pokeball\":\"pokeball\",\"ability\":\"innerfocus\",\"commanding\":false,\"reviving\":false,\"teraType\":\"Ground\",\"terastallized\":\"\"},{\"ident\":\"p2: Oinkologne\",\"details\":\"Oinkologne, L92, M\",\"condition\":\"118/352\",\"active\":false,\"stats\":{\"atk\":236,\"def\":190,\"spa\":161,\"spd\":200,\"spe\":172},\"moves\":[\"lashout\",\"highhorsepower\",\"curse\",\"bodyslam\"],\"baseAbility\":\"thickfat\",\"item\":\"leftovers\",\"pokeball\":\"pokeball\",\"ability\":\"thickfat\",\"commanding\":false,\"reviving\":false,\"teraType\":\"Ground\",\"terastallized\":\"\"},{\"ident\":\"p2: Roaring Moon\",\"details\":\"Roaring Moon, L72\",\"condition\":\"0 fnt\",\"active\":false,\"stats\":{\"atk\":242,\"def\":144,\"spa\":121,\"spd\":187,\"spe\":213},\"moves\":[\"knockoff\",\"ironhead\",\"outrage\",\"uturn\"],\"baseAbility\":\"protosynthesis\",\"item\":\"choiceband\",\"pokeball\":\"pokeball\",\"ability\":\"protosynthesis\",\"commanding\":false,\"reviving\":false,\"teraType\":\"Dark\",\"terastallized\":\"\"},{\"ident\":\"p2: Golduck\",\"details\":\"Golduck, L90, M\",\"condition\":\"290/290\",\"active\":false,\"stats\":{\"atk\":152,\"def\":192,\"spa\":222,\"spd\":195,\"spe\":204},\"moves\":[\"icebeam\",\"nastyplot\",\"hydropump\",\"grassknot\"],\"baseAbility\":\"cloudnine\",\"item\":\"leftovers\",\"pokeball\":\"pokeball\",\"ability\":\"cloudnine\",\"commanding\":false,\"reviving\":false,\"teraType\":\"Water\",\"terastallized\":\"\"}]},\"noCancel\":true,\"rqid\":55}\n|inactive|Time left: 300 sec this turn | 300 sec total | 5 sec grace\n|\n|t:|1783391219\n|switch|p2a: Golduck|Golduck, L90, M|290/290\n|-ability|p2a: Golduck|Cloud Nine\n|turn|22\n|request|{\"active\":[{\"moves\":[{\"move\":\"Ice Beam\",\"id\":\"icebeam\",\"pp\":16,\"maxpp\":16,\"target\":\"normal\",\"disabled\":false},{\"move\":\"Nasty Plot\",\"id\":\"nastyplot\",\"pp\":32,\"maxpp\":32,\"target\":\"self\",\"disabled\":false},{\"move\":\"Hydro Pump\",\"id\":\"hydropump\",\"pp\":8,\"maxpp\":8,\"target\":\"normal\",\"disabled\":false},{\"move\":\"Grass Knot\",\"id\":\"grassknot\",\"pp\":32,\"maxpp\":32,\"target\":\"normal\",\"disabled\":false}]}],\"side\":{\"name\":\"p0y021e134\",\"id\":\"p2\",\"pokemon\":[{\"ident\":\"p2: Golduck\",\"details\":\"Golduck, L90, M\",\"condition\":\"290/290\",\"active\":true,\"stats\":{\"atk\":152,\"def\":192,\"spa\":222,\"spd\":195,\"spe\":204},\"moves\":[\"icebeam\",\"nastyplot\",\"hydropump\",\"grassknot\"],\"baseAbility\":\"cloudnine\",\"item\":\"leftovers\",\"pokeball\":\"pokeball\",\"ability\":\"cloudnine\",\"commanding\":false,\"reviving\":false,\"teraType\":\"Water\",\"terastallized\":\"\"},{\"ident\":\"p2: Falinks\",\"details\":\"Falinks, L84\",\"condition\":\"0 fnt\",\"active\":false,\"stats\":{\"atk\":216,\"def\":216,\"spa\":166,\"spd\":149,\"spe\":174},\"moves\":[\"knockoff\",\"closecombat\",\"ironhead\",\"noretreat\"],\"baseAbility\":\"defiant\",\"item\":\"lifeorb\",\"pokeball\":\"pokeball\",\"ability\":\"defiant\",\"commanding\":false,\"reviving\":false,\"teraType\":\"Dark\",\"terastallized\":\"\"},{\"ident\":\"p2: Glalie\",\"details\":\"Glalie, L96, M\",\"condition\":\"0 fnt\",\"active\":false,\"stats\":{\"atk\":208,\"def\":208,\"spa\":208,\"spd\":208,\"spe\":208},\"moves\":[\"earthquake\",\"taunt\",\"freezedry\",\"spikes\"],\"baseAbility\":\"innerfocus\",\"item\":\"heavydutyboots\",\"pokeball\":\"pokeball\",\"ability\":\"innerfocus\",\"commanding\":false,\"reviving\":false,\"teraType\":\"Ground\",\"terastallized\":\"\"},{\"ident\":\"p2: Oinkologne\",\"details\":\"Oinkologne, L92, M\",\"condition\":\"118/352\",\"active\":false,\"stats\":{\"atk\":236,\"def\":190,\"spa\":161,\"spd\":200,\"spe\":172},\"moves\":[\"lashout\",\"highhorsepower\",\"curse\",\"bodyslam\"],\"baseAbility\":\"thickfat\",\"item\":\"leftovers\",\"pokeball\":\"pokeball\",\"ability\":\"thickfat\",\"commanding\":false,\"reviving\":false,\"teraType\":\"Ground\",\"terastallized\":\"\"},{\"ident\":\"p2: Roaring Moon\",\"details\":\"Roaring Moon, L72\",\"condition\":\"0 fnt\",\"active\":false,\"stats\":{\"atk\":242,\"def\":144,\"spa\":121,\"spd\":187,\"spe\":213},\"moves\":[\"knockoff\",\"ironhead\",\"outrage\",\"uturn\"],\"baseAbility\":\"protosynthesis\",\"item\":\"choiceband\",\"pokeball\":\"pokeball\",\"ability\":\"protosynthesis\",\"commanding\":false,\"reviving\":false,\"teraType\":\"Dark\",\"terastallized\":\"\"},{\"ident\":\"p2: Feraligatr\",\"details\":\"Feraligatr, L79, M\",\"condition\":\"0 fnt\",\"active\":false,\"stats\":{\"atk\":211,\"def\":204,\"spa\":170,\"spd\":177,\"spe\":169},\"moves\":[\"crunch\",\"icepunch\",\"dragondance\",\"liquidation\"],\"baseAbility\":\"sheerforce\",\"item\":\"lifeorb\",\"pokeball\":\"pokeball\",\"ability\":\"sheerforce\",\"commanding\":false,\"reviving\":false,\"teraType\":\"Dragon\",\"terastallized\":\"\"}]},\"rqid\":57}\n|inactive|Time left: 300 sec this turn | 300 sec total\n|\n|t:|1783391219\n|move|p2a: Golduck|Hydro Pump|p1a: Raging Bolt\n|-damage|p1a: Raging Bolt|0 fnt\n|faint|p1a: Raging Bolt\n|-end|p1a: Raging Bolt|Protosynthesis|[silent]\n|\n|upkeep\n|request|{\"wait\":true,\"side\":{\"name\":\"p0y021e134\",\"id\":\"p2\",\"pokemon\":[{\"ident\":\"p2: Golduck\",\"details\":\"Golduck, L90, M\",\"condition\":\"290/290\",\"active\":true,\"stats\":{\"atk\":152,\"def\":192,\"spa\":222,\"spd\":195,\"spe\":204},\"moves\":[\"icebeam\",\"nastyplot\",\"hydropump\",\"grassknot\"],\"baseAbility\":\"cloudnine\",\"item\":\"leftovers\",\"pokeball\":\"pokeball\",\"ability\":\"cloudnine\",\"commanding\":false,\"reviving\":false,\"teraType\":\"Water\",\"terastallized\":\"\"},{\"ident\":\"p2: Falinks\",\"details\":\"Falinks, L84\",\"condition\":\"0 fnt\",\"active\":false,\"stats\":{\"atk\":216,\"def\":216,\"spa\":166,\"spd\":149,\"spe\":174},\"moves\":[\"knockoff\",\"closecombat\",\"ironhead\",\"noretreat\"],\"baseAbility\":\"defiant\",\"item\":\"lifeorb\",\"pokeball\":\"pokeball\",\"ability\":\"defiant\",\"commanding\":false,\"reviving\":false,\"teraType\":\"Dark\",\"terastallized\":\"\"},{\"ident\":\"p2: Glalie\",\"details\":\"Glalie, L96, M\",\"condition\":\"0 fnt\",\"active\":false,\"stats\":{\"atk\":208,\"def\":208,\"spa\":208,\"spd\":208,\"spe\":208},\"moves\":[\"earthquake\",\"taunt\",\"freezedry\",\"spikes\"],\"baseAbility\":\"innerfocus\",\"item\":\"heavydutyboots\",\"pokeball\":\"pokeball\",\"ability\":\"innerfocus\",\"commanding\":false,\"reviving\":false,\"teraType\":\"Ground\",\"terastallized\":\"\"},{\"ident\":\"p2: Oinkologne\",\"details\":\"Oinkologne, L92, M\",\"condition\":\"118/352\",\"active\":false,\"stats\":{\"atk\":236,\"def\":190,\"spa\":161,\"spd\":200,\"spe\":172},\"moves\":[\"lashout\",\"highhorsepower\",\"curse\",\"bodyslam\"],\"baseAbility\":\"thickfat\",\"item\":\"leftovers\",\"pokeball\":\"pokeball\",\"ability\":\"thickfat\",\"commanding\":false,\"reviving\":false,\"teraType\":\"Ground\",\"terastallized\":\"\"},{\"ident\":\"p2: Roaring Moon\",\"details\":\"Roaring Moon, L72\",\"condition\":\"0 fnt\",\"active\":false,\"stats\":{\"atk\":242,\"def\":144,\"spa\":121,\"spd\":187,\"spe\":213},\"moves\":[\"knockoff\",\"ironhead\",\"outrage\",\"uturn\"],\"baseAbility\":\"protosynthesis\",\"item\":\"choiceband\",\"pokeball\":\"pokeball\",\"ability\":\"protosynthesis\",\"commanding\":false,\"reviving\":false,\"teraType\":\"Dark\",\"terastallized\":\"\"},{\"ident\":\"p2: Feraligatr\",\"details\":\"Feraligatr, L79, M\",\"condition\":\"0 fnt\",\"active\":false,\"stats\":{\"atk\":211,\"def\":204,\"spa\":170,\"spd\":177,\"spe\":169},\"moves\":[\"crunch\",\"icepunch\",\"dragondance\",\"liquidation\"],\"baseAbility\":\"sheerforce\",\"item\":\"lifeorb\",\"pokeball\":\"pokeball\",\"ability\":\"sheerforce\",\"commanding\":false,\"reviving\":false,\"teraType\":\"Dragon\",\"terastallized\":\"\"}]},\"rqid\":59}\n|\n|t:|1783391219\n|switch|p1a: Koraidon|Koraidon, L64|100/100\n|-weather|SunnyDay|[from] ability: Orichalcum Pulse|[of] p1a: Koraidon\n|-activate|p1a: Koraidon|Orichalcum Pulse|[source]\n|turn|23\n|request|{\"active\":[{\"moves\":[{\"move\":\"Ice Beam\",\"id\":\"icebeam\",\"pp\":16,\"maxpp\":16,\"target\":\"normal\",\"disabled\":false},{\"move\":\"Nasty Plot\",\"id\":\"nastyplot\",\"pp\":32,\"maxpp\":32,\"target\":\"self\",\"disabled\":false},{\"move\":\"Hydro Pump\",\"id\":\"hydropump\",\"pp\":7,\"maxpp\":8,\"target\":\"normal\",\"disabled\":false},{\"move\":\"Grass Knot\",\"id\":\"grassknot\",\"pp\":32,\"maxpp\":32,\"target\":\"normal\",\"disabled\":false}]}],\"side\":{\"name\":\"p0y021e134\",\"id\":\"p2\",\"pokemon\":[{\"ident\":\"p2: Golduck\",\"details\":\"Golduck, L90, M\",\"condition\":\"290/290\",\"active\":true,\"stats\":{\"atk\":152,\"def\":192,\"spa\":222,\"spd\":195,\"spe\":204},\"moves\":[\"icebeam\",\"nastyplot\",\"hydropump\",\"grassknot\"],\"baseAbility\":\"cloudnine\",\"item\":\"leftovers\",\"pokeball\":\"pokeball\",\"ability\":\"cloudnine\",\"commanding\":false,\"reviving\":false,\"teraType\":\"Water\",\"terastallized\":\"\"},{\"ident\":\"p2: Falinks\",\"details\":\"Falinks, L84\",\"condition\":\"0 fnt\",\"active\":false,\"stats\":{\"atk\":216,\"def\":216,\"spa\":166,\"spd\":149,\"spe\":174},\"moves\":[\"knockoff\",\"closecombat\",\"ironhead\",\"noretreat\"],\"baseAbility\":\"defiant\",\"item\":\"lifeorb\",\"pokeball\":\"pokeball\",\"ability\":\"defiant\",\"commanding\":false,\"reviving\":false,\"teraType\":\"Dark\",\"terastallized\":\"\"},{\"ident\":\"p2: Glalie\",\"details\":\"Glalie, L96, M\",\"condition\":\"0 fnt\",\"active\":false,\"stats\":{\"atk\":208,\"def\":208,\"spa\":208,\"spd\":208,\"spe\":208},\"moves\":[\"earthquake\",\"taunt\",\"freezedry\",\"spikes\"],\"baseAbility\":\"innerfocus\",\"item\":\"heavydutyboots\",\"pokeball\":\"pokeball\",\"ability\":\"innerfocus\",\"commanding\":false,\"reviving\":false,\"teraType\":\"Ground\",\"terastallized\":\"\"},{\"ident\":\"p2: Oinkologne\",\"details\":\"Oinkologne, L92, M\",\"condition\":\"118/352\",\"active\":false,\"stats\":{\"atk\":236,\"def\":190,\"spa\":161,\"spd\":200,\"spe\":172},\"moves\":[\"lashout\",\"highhorsepower\",\"curse\",\"bodyslam\"],\"baseAbility\":\"thickfat\",\"item\":\"leftovers\",\"pokeball\":\"pokeball\",\"ability\":\"thickfat\",\"commanding\":false,\"reviving\":false,\"teraType\":\"Ground\",\"terastallized\":\"\"},{\"ident\":\"p2: Roaring Moon\",\"details\":\"Roaring Moon, L72\",\"condition\":\"0 fnt\",\"active\":false,\"stats\":{\"atk\":242,\"def\":144,\"spa\":121,\"spd\":187,\"spe\":213},\"moves\":[\"knockoff\",\"ironhead\",\"outrage\",\"uturn\"],\"baseAbility\":\"protosynthesis\",\"item\":\"choiceband\",\"pokeball\":\"pokeball\",\"ability\":\"protosynthesis\",\"commanding\":false,\"reviving\":false,\"teraType\":\"Dark\",\"terastallized\":\"\"},{\"ident\":\"p2: Feraligatr\",\"details\":\"Feraligatr, L79, M\",\"condition\":\"0 fnt\",\"active\":false,\"stats\":{\"atk\":211,\"def\":204,\"spa\":170,\"spd\":177,\"spe\":169},\"moves\":[\"crunch\",\"icepunch\",\"dragondance\",\"liquidation\"],\"baseAbility\":\"sheerforce\",\"item\":\"lifeorb\",\"pokeball\":\"pokeball\",\"ability\":\"sheerforce\",\"commanding\":false,\"reviving\":false,\"teraType\":\"Dragon\",\"terastallized\":\"\"}]},\"rqid\":61}\n|inactive|Time left: 300 sec this turn | 300 sec total\n|\n|t:|1783391219\n|move|p1a: Koraidon|Outrage|p2a: Golduck\n|-damage|p2a: Golduck|137/290\n|move|p2a: Golduck|Nasty Plot|p2a: Golduck\n|-boost|p2a: Golduck|spa|2\n|\n|-weather|SunnyDay|[upkeep]\n|-heal|p2a: Golduck|155/290|[from] item: Leftovers\n|upkeep\n|turn|24\n|request|{\"active\":[{\"moves\":[{\"move\":\"Ice Beam\",\"id\":\"icebeam\",\"pp\":16,\"maxpp\":16,\"target\":\"normal\",\"disabled\":false},{\"move\":\"Nasty Plot\",\"id\":\"nastyplot\",\"pp\":31,\"maxpp\":32,\"target\":\"self\",\"disabled\":false},{\"move\":\"Hydro Pump\",\"id\":\"hydropump\",\"pp\":7,\"maxpp\":8,\"target\":\"normal\",\"disabled\":false},{\"move\":\"Grass Knot\",\"id\":\"grassknot\",\"pp\":32,\"maxpp\":32,\"target\":\"normal\",\"disabled\":false}]}],\"side\":{\"name\":\"p0y021e134\",\"id\":\"p2\",\"pokemon\":[{\"ident\":\"p2: Golduck\",\"details\":\"Golduck, L90, M\",\"condition\":\"155/290\",\"active\":true,\"stats\":{\"atk\":152,\"def\":192,\"spa\":222,\"spd\":195,\"spe\":204},\"moves\":[\"icebeam\",\"nastyplot\",\"hydropump\",\"grassknot\"],\"baseAbility\":\"cloudnine\",\"item\":\"leftovers\",\"pokeball\":\"pokeball\",\"ability\":\"cloudnine\",\"commanding\":false,\"reviving\":false,\"teraType\":\"Water\",\"terastallized\":\"\"},{\"ident\":\"p2: Falinks\",\"details\":\"Falinks, L84\",\"condition\":\"0 fnt\",\"active\":false,\"stats\":{\"atk\":216,\"def\":216,\"spa\":166,\"spd\":149,\"spe\":174},\"moves\":[\"knockoff\",\"closecombat\",\"ironhead\",\"noretreat\"],\"baseAbility\":\"defiant\",\"item\":\"lifeorb\",\"pokeball\":\"pokeball\",\"ability\":\"defiant\",\"commanding\":false,\"reviving\":false,\"teraType\":\"Dark\",\"terastallized\":\"\"},{\"ident\":\"p2: Glalie\",\"details\":\"Glalie, L96, M\",\"condition\":\"0 fnt\",\"active\":false,\"stats\":{\"atk\":208,\"def\":208,\"spa\":208,\"spd\":208,\"spe\":208},\"moves\":[\"earthquake\",\"taunt\",\"freezedry\",\"spikes\"],\"baseAbility\":\"innerfocus\",\"item\":\"heavydutyboots\",\"pokeball\":\"pokeball\",\"ability\":\"innerfocus\",\"commanding\":false,\"reviving\":false,\"teraType\":\"Ground\",\"terastallized\":\"\"},{\"ident\":\"p2: Oinkologne\",\"details\":\"Oinkologne, L92, M\",\"condition\":\"118/352\",\"active\":false,\"stats\":{\"atk\":236,\"def\":190,\"spa\":161,\"spd\":200,\"spe\":172},\"moves\":[\"lashout\",\"highhorsepower\",\"curse\",\"bodyslam\"],\"baseAbility\":\"thickfat\",\"item\":\"leftovers\",\"pokeball\":\"pokeball\",\"ability\":\"thickfat\",\"commanding\":false,\"reviving\":false,\"teraType\":\"Ground\",\"terastallized\":\"\"},{\"ident\":\"p2: Roaring Moon\",\"details\":\"Roaring Moon, L72\",\"condition\":\"0 fnt\",\"active\":false,\"stats\":{\"atk\":242,\"def\":144,\"spa\":121,\"spd\":187,\"spe\":213},\"moves\":[\"knockoff\",\"ironhead\",\"outrage\",\"uturn\"],\"baseAbility\":\"protosynthesis\",\"item\":\"choiceband\",\"pokeball\":\"pokeball\",\"ability\":\"protosynthesis\",\"commanding\":false,\"reviving\":false,\"teraType\":\"Dark\",\"terastallized\":\"\"},{\"ident\":\"p2: Feraligatr\",\"details\":\"Feraligatr, L79, M\",\"condition\":\"0 fnt\",\"active\":false,\"stats\":{\"atk\":211,\"def\":204,\"spa\":170,\"spd\":177,\"spe\":169},\"moves\":[\"crunch\",\"icepunch\",\"dragondance\",\"liquidation\"],\"baseAbility\":\"sheerforce\",\"item\":\"lifeorb\",\"pokeball\":\"pokeball\",\"ability\":\"sheerforce\",\"commanding\":false,\"reviving\":false,\"teraType\":\"Dragon\",\"terastallized\":\"\"}]},\"rqid\":63}\n|inactive|Time left: 300 sec this turn | 300 sec total\n|\n|t:|1783391219\n|move|p1a: Koraidon|Outrage|p2a: Golduck|[from] lockedmove\n|-damage|p2a: Golduck|0 fnt\n|faint|p2a: Golduck\n|-start|p1a: Koraidon|confusion|[fatigue]\n|\n|-weather|SunnyDay|[upkeep]\n|upkeep\n|request|{\"forceSwitch\":[true],\"side\":{\"name\":\"p0y021e134\",\"id\":\"p2\",\"pokemon\":[{\"ident\":\"p2: Golduck\",\"details\":\"Golduck, L90, M\",\"condition\":\"0 fnt\",\"active\":true,\"stats\":{\"atk\":152,\"def\":192,\"spa\":222,\"spd\":195,\"spe\":204},\"moves\":[\"icebeam\",\"nastyplot\",\"hydropump\",\"grassknot\"],\"baseAbility\":\"cloudnine\",\"item\":\"leftovers\",\"pokeball\":\"pokeball\",\"ability\":\"cloudnine\",\"commanding\":false,\"reviving\":false,\"teraType\":\"Water\",\"terastallized\":\"\"},{\"ident\":\"p2: Falinks\",\"details\":\"Falinks, L84\",\"condition\":\"0 fnt\",\"active\":false,\"stats\":{\"atk\":216,\"def\":216,\"spa\":166,\"spd\":149,\"spe\":174},\"moves\":[\"knockoff\",\"closecombat\",\"ironhead\",\"noretreat\"],\"baseAbility\":\"defiant\",\"item\":\"lifeorb\",\"pokeball\":\"pokeball\",\"ability\":\"defiant\",\"commanding\":false,\"reviving\":false,\"teraType\":\"Dark\",\"terastallized\":\"\"},{\"ident\":\"p2: Glalie\",\"details\":\"Glalie, L96, M\",\"condition\":\"0 fnt\",\"active\":false,\"stats\":{\"atk\":208,\"def\":208,\"spa\":208,\"spd\":208,\"spe\":208},\"moves\":[\"earthquake\",\"taunt\",\"freezedry\",\"spikes\"],\"baseAbility\":\"innerfocus\",\"item\":\"heavydutyboots\",\"pokeball\":\"pokeball\",\"ability\":\"innerfocus\",\"commanding\":false,\"reviving\":false,\"teraType\":\"Ground\",\"terastallized\":\"\"},{\"ident\":\"p2: Oinkologne\",\"details\":\"Oinkologne, L92, M\",\"condition\":\"118/352\",\"active\":false,\"stats\":{\"atk\":236,\"def\":190,\"spa\":161,\"spd\":200,\"spe\":172},\"moves\":[\"lashout\",\"highhorsepower\",\"curse\",\"bodyslam\"],\"baseAbility\":\"thickfat\",\"item\":\"leftovers\",\"pokeball\":\"pokeball\",\"ability\":\"thickfat\",\"commanding\":false,\"reviving\":false,\"teraType\":\"Ground\",\"terastallized\":\"\"},{\"ident\":\"p2: Roaring Moon\",\"details\":\"Roaring Moon, L72\",\"condition\":\"0 fnt\",\"active\":false,\"stats\":{\"atk\":242,\"def\":144,\"spa\":121,\"spd\":187,\"spe\":213},\"moves\":[\"knockoff\",\"ironhead\",\"outrage\",\"uturn\"],\"baseAbility\":\"protosynthesis\",\"item\":\"choiceband\",\"pokeball\":\"pokeball\",\"ability\":\"protosynthesis\",\"commanding\":false,\"reviving\":false,\"teraType\":\"Dark\",\"terastallized\":\"\"},{\"ident\":\"p2: Feraligatr\",\"details\":\"Feraligatr, L79, M\",\"condition\":\"0 fnt\",\"active\":false,\"stats\":{\"atk\":211,\"def\":204,\"spa\":170,\"spd\":177,\"spe\":169},\"moves\":[\"crunch\",\"icepunch\",\"dragondance\",\"liquidation\"],\"baseAbility\":\"sheerforce\",\"item\":\"lifeorb\",\"pokeball\":\"pokeball\",\"ability\":\"sheerforce\",\"commanding\":false,\"reviving\":false,\"teraType\":\"Dragon\",\"terastallized\":\"\"}]},\"noCancel\":true,\"rqid\":65}\n|inactive|Time left: 300 sec this turn | 300 sec total | 5 sec grace\n|\n|t:|1783391220\n|switch|p2a: Oinkologne|Oinkologne, L92, M|118/352\n|turn|25\n|request|{\"active\":[{\"moves\":[{\"move\":\"Lash Out\",\"id\":\"lashout\",\"pp\":8,\"maxpp\":8,\"target\":\"normal\",\"disabled\":false},{\"move\":\"High Horsepower\",\"id\":\"highhorsepower\",\"pp\":16,\"maxpp\":16,\"target\":\"normal\",\"disabled\":false},{\"move\":\"Curse\",\"id\":\"curse\",\"pp\":16,\"maxpp\":16,\"target\":\"self\",\"disabled\":false},{\"move\":\"Body Slam\",\"id\":\"bodyslam\",\"pp\":21,\"maxpp\":24,\"target\":\"normal\",\"disabled\":false}]}],\"side\":{\"name\":\"p0y021e134\",\"id\":\"p2\",\"pokemon\":[{\"ident\":\"p2: Oinkologne\",\"details\":\"Oinkologne, L92, M\",\"condition\":\"118/352\",\"active\":true,\"stats\":{\"atk\":236,\"def\":190,\"spa\":161,\"spd\":200,\"spe\":172},\"moves\":[\"lashout\",\"highhorsepower\",\"curse\",\"bodyslam\"],\"baseAbility\":\"thickfat\",\"item\":\"leftovers\",\"pokeball\":\"pokeball\",\"ability\":\"thickfat\",\"commanding\":false,\"reviving\":false,\"teraType\":\"Ground\",\"terastallized\":\"\"},{\"ident\":\"p2: Falinks\",\"details\":\"Falinks, L84\",\"condition\":\"0 fnt\",\"active\":false,\"stats\":{\"atk\":216,\"def\":216,\"spa\":166,\"spd\":149,\"spe\":174},\"moves\":[\"knockoff\",\"closecombat\",\"ironhead\",\"noretreat\"],\"baseAbility\":\"defiant\",\"item\":\"lifeorb\",\"pokeball\":\"pokeball\",\"ability\":\"defiant\",\"commanding\":false,\"reviving\":false,\"teraType\":\"Dark\",\"terastallized\":\"\"},{\"ident\":\"p2: Glalie\",\"details\":\"Glalie, L96, M\",\"condition\":\"0 fnt\",\"active\":false,\"stats\":{\"atk\":208,\"def\":208,\"spa\":208,\"spd\":208,\"spe\":208},\"moves\":[\"earthquake\",\"taunt\",\"freezedry\",\"spikes\"],\"baseAbility\":\"innerfocus\",\"item\":\"heavydutyboots\",\"pokeball\":\"pokeball\",\"ability\":\"innerfocus\",\"commanding\":false,\"reviving\":false,\"teraType\":\"Ground\",\"terastallized\":\"\"},{\"ident\":\"p2: Golduck\",\"details\":\"Golduck, L90, M\",\"condition\":\"0 fnt\",\"active\":false,\"stats\":{\"atk\":152,\"def\":192,\"spa\":222,\"spd\":195,\"spe\":204},\"moves\":[\"icebeam\",\"nastyplot\",\"hydropump\",\"grassknot\"],\"baseAbility\":\"cloudnine\",\"item\":\"leftovers\",\"pokeball\":\"pokeball\",\"ability\":\"cloudnine\",\"commanding\":false,\"reviving\":false,\"teraType\":\"Water\",\"terastallized\":\"\"},{\"ident\":\"p2: Roaring Moon\",\"details\":\"Roaring Moon, L72\",\"condition\":\"0 fnt\",\"active\":false,\"stats\":{\"atk\":242,\"def\":144,\"spa\":121,\"spd\":187,\"spe\":213},\"moves\":[\"knockoff\",\"ironhead\",\"outrage\",\"uturn\"],\"baseAbility\":\"protosynthesis\",\"item\":\"choiceband\",\"pokeball\":\"pokeball\",\"ability\":\"protosynthesis\",\"commanding\":false,\"reviving\":false,\"teraType\":\"Dark\",\"terastallized\":\"\"},{\"ident\":\"p2: Feraligatr\",\"details\":\"Feraligatr, L79, M\",\"condition\":\"0 fnt\",\"active\":false,\"stats\":{\"atk\":211,\"def\":204,\"spa\":170,\"spd\":177,\"spe\":169},\"moves\":[\"crunch\",\"icepunch\",\"dragondance\",\"liquidation\"],\"baseAbility\":\"sheerforce\",\"item\":\"lifeorb\",\"pokeball\":\"pokeball\",\"ability\":\"sheerforce\",\"commanding\":false,\"reviving\":false,\"teraType\":\"Dragon\",\"terastallized\":\"\"}]},\"rqid\":67}\n|inactive|Time left: 300 sec this turn | 300 sec total\n|\n|t:|1783391220\n|switch|p1a: Deoxys|Deoxys-Attack, L72|100/100\n|-ability|p1a: Deoxys|Pressure\n|move|p2a: Oinkologne|Curse|p2a: Oinkologne\n|-unboost|p2a: Oinkologne|spe|1\n|-boost|p2a: Oinkologne|atk|1\n|-boost|p2a: Oinkologne|def|1\n|\n|-weather|SunnyDay|[upkeep]\n|-heal|p2a: Oinkologne|140/352|[from] item: Leftovers\n|upkeep\n|turn|26\n|request|{\"active\":[{\"moves\":[{\"move\":\"Lash Out\",\"id\":\"lashout\",\"pp\":8,\"maxpp\":8,\"target\":\"normal\",\"disabled\":false},{\"move\":\"High Horsepower\",\"id\":\"highhorsepower\",\"pp\":16,\"maxpp\":16,\"target\":\"normal\",\"disabled\":false},{\"move\":\"Curse\",\"id\":\"curse\",\"pp\":15,\"maxpp\":16,\"target\":\"self\",\"disabled\":false},{\"move\":\"Body Slam\",\"id\":\"bodyslam\",\"pp\":21,\"maxpp\":24,\"target\":\"normal\",\"disabled\":false}]}],\"side\":{\"name\":\"p0y021e134\",\"id\":\"p2\",\"pokemon\":[{\"ident\":\"p2: Oinkologne\",\"details\":\"Oinkologne, L92, M\",\"condition\":\"140/352\",\"active\":true,\"stats\":{\"atk\":236,\"def\":190,\"spa\":161,\"spd\":200,\"spe\":172},\"moves\":[\"lashout\",\"highhorsepower\",\"curse\",\"bodyslam\"],\"baseAbility\":\"thickfat\",\"item\":\"leftovers\",\"pokeball\":\"pokeball\",\"ability\":\"thickfat\",\"commanding\":false,\"reviving\":false,\"teraType\":\"Ground\",\"terastallized\":\"\"},{\"ident\":\"p2: Falinks\",\"details\":\"Falinks, L84\",\"condition\":\"0 fnt\",\"active\":false,\"stats\":{\"atk\":216,\"def\":216,\"spa\":166,\"spd\":149,\"spe\":174},\"moves\":[\"knockoff\",\"closecombat\",\"ironhead\",\"noretreat\"],\"baseAbility\":\"defiant\",\"item\":\"lifeorb\",\"pokeball\":\"pokeball\",\"ability\":\"defiant\",\"commanding\":false,\"reviving\":false,\"teraType\":\"Dark\",\"terastallized\":\"\"},{\"ident\":\"p2: Glalie\",\"details\":\"Glalie, L96, M\",\"condition\":\"0 fnt\",\"active\":false,\"stats\":{\"atk\":208,\"def\":208,\"spa\":208,\"spd\":208,\"spe\":208},\"moves\":[\"earthquake\",\"taunt\",\"freezedry\",\"spikes\"],\"baseAbility\":\"innerfocus\",\"item\":\"heavydutyboots\",\"pokeball\":\"pokeball\",\"ability\":\"innerfocus\",\"commanding\":false,\"reviving\":false,\"teraType\":\"Ground\",\"terastallized\":\"\"},{\"ident\":\"p2: Golduck\",\"details\":\"Golduck, L90, M\",\"condition\":\"0 fnt\",\"active\":false,\"stats\":{\"atk\":152,\"def\":192,\"spa\":222,\"spd\":195,\"spe\":204},\"moves\":[\"icebeam\",\"nastyplot\",\"hydropump\",\"grassknot\"],\"baseAbility\":\"cloudnine\",\"item\":\"leftovers\",\"pokeball\":\"pokeball\",\"ability\":\"cloudnine\",\"commanding\":false,\"reviving\":false,\"teraType\":\"Water\",\"terastallized\":\"\"},{\"ident\":\"p2: Roaring Moon\",\"details\":\"Roaring Moon, L72\",\"condition\":\"0 fnt\",\"active\":false,\"stats\":{\"atk\":242,\"def\":144,\"spa\":121,\"spd\":187,\"spe\":213},\"moves\":[\"knockoff\",\"ironhead\",\"outrage\",\"uturn\"],\"baseAbility\":\"protosynthesis\",\"item\":\"choiceband\",\"pokeball\":\"pokeball\",\"ability\":\"protosynthesis\",\"commanding\":false,\"reviving\":false,\"teraType\":\"Dark\",\"terastallized\":\"\"},{\"ident\":\"p2: Feraligatr\",\"details\":\"Feraligatr, L79, M\",\"condition\":\"0 fnt\",\"active\":false,\"stats\":{\"atk\":211,\"def\":204,\"spa\":170,\"spd\":177,\"spe\":169},\"moves\":[\"crunch\",\"icepunch\",\"dragondance\",\"liquidation\"],\"baseAbility\":\"sheerforce\",\"item\":\"lifeorb\",\"pokeball\":\"pokeball\",\"ability\":\"sheerforce\",\"commanding\":false,\"reviving\":false,\"teraType\":\"Dragon\",\"terastallized\":\"\"}]},\"rqid\":69}\n|inactive|Time left: 300 sec this turn | 300 sec total\n|\n|t:|1783391220\n|move|p1a: Deoxys|Superpower|p2a: Oinkologne\n|-supereffective|p2a: Oinkologne\n|-damage|p2a: Oinkologne|0 fnt\n|-unboost|p1a: Deoxys|atk|1\n|-unboost|p1a: Deoxys|def|1\n|faint|p2a: Oinkologne\n|-damage|p1a: Deoxys|91/100|[from] item: Life Orb\n|\n|win|p0x021a2ee", "uploadtime": 1783391220, "views": 0, "rating": 0, "private": 0, "password": null, "_winner": "p0x021a2ee", "_our_name": "p0y021e134"}\"spe\":162},\"moves\":[\"thunderbolt\",\"dracometeor\",\"thunderclap\",\"calmmind\"],\"baseAbility\":\"protosynthesis\",\"item\":\"leftovers\",\"pokeball\":\"pokeball\",\"ability\":\"protosynthesis\",\"commanding\":false,\"reviving\":false,\"teraType\":\"Fairy\",\"terastallized\":\"\"},{\"ident\":\"p1: Bellossom\",\"details\":\"Bellossom, L84, M\",\"condition\":\"0 fnt\",\"active\":false,\"stats\":{\"atk\":139,\"def\":208,\"spa\":199,\"spd\":216,\"spe\":132},\"moves\":[\"sludgebomb\",\"quiverdance\",\"gigadrain\",\"strengthsap\"],\"baseAbility\":\"chlorophyll\",\"item\":\"\",\"pokeball\":\"pokeball\",\"ability\":\"chlorophyll\",\"commanding\":false,\"reviving\":false,\"teraType\":\"Poison\",\"terastallized\":\"\"},{\"ident\":\"p1: Koraidon\",\"details\":\"Koraidon, L64\",\"condition\":\"235/235\",\"active\":false,\"stats\":{\"atk\":211,\"def\":185,\"spa\":147,\"spd\":166,\"spe\":211},\"moves\":[\"outrage\",\"closecombat\",\"flareblitz\",\"uturn\"],\"baseAbility\":\"orichalcumpulse\",\"item\":\"choiceband\",\"pokeball\":\"pokeball\",\"ability\":\"orichalcumpulse\",\"commanding\":false,\"reviving\":false,\"teraType\":\"Fire\",\"terastallized\":\"\"},{\"ident\":\"p1: Swampert\",\"details\":\"Swampert, L83, M\",\"condition\":\"302/302\",\"active\":false,\"stats\":{\"atk\":230,\"def\":197,\"spa\":189,\"spd\":197,\"spe\":147},\"moves\":[\"roar\",\"earthquake\",\"stealthrock\",\"flipturn\"],\"baseAbility\":\"torrent\",\"item\":\"leftovers\",\"pokeball\":\"pokeball\",\"ability\":\"torrent\",\"commanding\":false,\"reviving\":false,\"teraType\":\"Steel\",\"terastallized\":\"\"},{\"ident\":\"p1: Glalie\",\"details\":\"Glalie, L96, M\",\"condition\":\"0 fnt\",\"active\":false,\"stats\":{\"atk\":208,\"def\":208,\"spa\":208,\"spd\":208,\"spe\":208},\"moves\":[\"earthquake\",\"freezedry\",\"spikes\",\"taunt\"],\"baseAbility\":\"innerfocus\",\"item\":\"heavydutyboots\",\"pokeball\":\"pokeball\",\"ability\":\"innerfocus\",\"commanding\":false,\"reviving\":false,\"teraType\":\"Water\",\"terastallized\":\"\"}]},\"rqid\":68}\n|inactive|Time left: 300 sec this turn | 300 sec total\n|\n|t:|1783391220\n|move|p1a: Deoxys|Superpower|p2a: Oinkologne\n|-supereffective|p2a: Oinkologne\n|-damage|p2a: Oinkologne|0 fnt\n|-unboost|p1a: Deoxys|atk|1\n|-unboost|p1a: Deoxys|def|1\n|faint|p2a: Oinkologne\n|-damage|p1a: Deoxys|172/191|[from] item: Life Orb\n|\n|win|p0x021a2ee", "uploadtime": 1783391220, "views": 0, "rating": 0, "private": 0, "password": null, "_winner": "p0x021a2ee", "_our_name": "p0x021a2ee"}