{"id": "battle-gen9randombattle-269", "formatid": "gen9randombattle", "format": "[Gen 9] Random Battle", "players": ["p0x067e4ad", "p0y0670e25"], "log": "|init|battle\n|title|p0x067e4ad vs. p0y0670e25\n|j|\u2606p0x067e4ad\n|j|\u2606p0y0670e25\n|t:|1783391977\n|gametype|singles\n|player|p1|p0x067e4ad|102|\n|player|p2|p0y0670e25|170|\n|gen|9\n|tier|[Gen 9] Random Battle\n|rule|Species Clause: Limit one of each Pok\u00e9mon\n|rule|HP Percentage Mod: HP is shown in percentages\n|rule|Sleep Clause Mod: Limit one foe put to sleep\n|rule|Illusion Level Mod: Illusion disguises the Pok\u00e9mon's true level\n|\n|t:|1783391977\n|teamsize|p1|6\n|teamsize|p2|6\n|start\n|switch|p1a: Landorus|Landorus-Therian, L76, M|100/100\n|switch|p2a: Mudsdale|Mudsdale, L83, F|302/302\n|-ability|p1a: Landorus|Intimidate|boost\n|-unboost|p2a: Mudsdale|atk|1\n|turn|1\n|request|{\"active\":[{\"moves\":[{\"move\":\"Earthquake\",\"id\":\"earthquake\",\"pp\":16,\"maxpp\":16,\"target\":\"allAdjacent\",\"disabled\":false},{\"move\":\"Heavy Slam\",\"id\":\"heavyslam\",\"pp\":16,\"maxpp\":16,\"target\":\"normal\",\"disabled\":false},{\"move\":\"Stealth Rock\",\"id\":\"stealthrock\",\"pp\":32,\"maxpp\":32,\"target\":\"foeSide\",\"disabled\":false},{\"move\":\"Stone Edge\",\"id\":\"stoneedge\",\"pp\":8,\"maxpp\":8,\"target\":\"normal\",\"disabled\":false}],\"canTerastallize\":\"Steel\"}],\"side\":{\"name\":\"p0y0670e25\",\"id\":\"p2\",\"pokemon\":[{\"ident\":\"p2: Mudsdale\",\"details\":\"Mudsdale, L83, F\",\"condition\":\"302/302\",\"active\":true,\"stats\":{\"atk\":255,\"def\":214,\"spa\":139,\"spd\":189,\"spe\":106},\"moves\":[\"earthquake\",\"heavyslam\",\"stealthrock\",\"stoneedge\"],\"baseAbility\":\"stamina\",\"item\":\"leftovers\",\"pokeball\":\"pokeball\",\"ability\":\"stamina\",\"commanding\":false,\"reviving\":false,\"teraType\":\"Steel\",\"terastallized\":\"\"},{\"ident\":\"p2: Cloyster\",\"details\":\"Cloyster, L80, F\",\"condition\":\"211/211\",\"active\":false,\"stats\":{\"atk\":198,\"def\":334,\"spa\":182,\"spd\":118,\"spe\":158},\"moves\":[\"shellsmash\",\"iciclespear\",\"rockblast\",\"hydropump\"],\"baseAbility\":\"skilllink\",\"item\":\"whiteherb\",\"pokeball\":\"pokeball\",\"ability\":\"skilllink\",\"commanding\":false,\"reviving\":false,\"teraType\":\"Rock\",\"terastallized\":\"\"},{\"ident\":\"p2: Regieleki\",\"details\":\"Regieleki, L79\",\"condition\":\"256/256\",\"active\":false,\"stats\":{\"atk\":204,\"def\":125,\"spa\":204,\"spd\":125,\"spe\":362},\"moves\":[\"explosion\",\"thunderbolt\",\"rapidspin\",\"voltswitch\"],\"baseAbility\":\"transistor\",\"item\":\"magnet\",\"pokeball\":\"pokeball\",\"ability\":\"transistor\",\"commanding\":false,\"reviving\":false,\"teraType\":\"Electric\",\"terastallized\":\"\"},{\"ident\":\"p2: Minun\",\"details\":\"Minun, L95, M\",\"condition\":\"268/268\",\"active\":false,\"stats\":{\"atk\":81,\"def\":149,\"spa\":196,\"spd\":215,\"spe\":234},\"moves\":[\"thunderbolt\",\"encore\",\"nastyplot\",\"alluringvoice\"],\"baseAbility\":\"voltabsorb\",\"item\":\"lifeorb\",\"pokeball\":\"pokeball\",\"ability\":\"voltabsorb\",\"commanding\":false,\"reviving\":false,\"teraType\":\"Fairy\",\"terastallized\":\"\"},{\"ident\":\"p2: Zarude\",\"details\":\"Zarude, L77\",\"condition\":\"288/288\",\"active\":false,\"stats\":{\"atk\":229,\"def\":206,\"spa\":152,\"spd\":191,\"spe\":206},\"moves\":[\"knockoff\",\"swordsdance\",\"synthesis\",\"powerwhip\"],\"baseAbility\":\"leafguard\",\"item\":\"leftovers\",\"pokeball\":\"pokeball\",\"ability\":\"leafguard\",\"commanding\":false,\"reviving\":false,\"teraType\":\"Grass\",\"terastallized\":\"\"},{\"ident\":\"p2: Revavroom\",\"details\":\"Revavroom, L79, M\",\"condition\":\"256/256\",\"active\":false,\"stats\":{\"atk\":234,\"def\":188,\"spa\":131,\"spd\":151,\"spe\":188},\"moves\":[\"shiftgear\",\"highhorsepower\",\"ironhead\",\"gunkshot\"],\"baseAbility\":\"filter\",\"item\":\"lifeorb\",\"pokeball\":\"pokeball\",\"ability\":\"filter\",\"commanding\":false,\"reviving\":false,\"teraType\":\"Ground\",\"terastallized\":\"\"}]},\"rqid\":3}\n|html|<div class=\"message-error\">You must be registered to chat in temporary rooms (like battles).</div>You may register in the <button name=\"openOptions\"><i class=\"fa fa-cog\"></i> Options</button> menu.\n|inactive|Battle timer is ON: inactive players will automatically lose when time's up. (requested by p0y0670e25)\n|inactive|p0x067e4ad also wants the timer to be on.\n|\n|t:|1783391977\n|move|p1a: Landorus|Stealth Rock|p2a: Mudsdale\n|-sidestart|p2: p0y0670e25|move: Stealth Rock\n|move|p2a: Mudsdale|Stealth Rock|p1a: Landorus\n|-sidestart|p1: p0x067e4ad|move: Stealth Rock\n|\n|upkeep\n|turn|2\n|request|{\"active\":[{\"moves\":[{\"move\":\"Earthquake\",\"id\":\"earthquake\",\"pp\":16,\"maxpp\":16,\"target\":\"allAdjacent\",\"disabled\":false},{\"move\":\"Heavy Slam\",\"id\":\"heavyslam\",\"pp\":16,\"maxpp\":16,\"target\":\"normal\",\"disabled\":false},{\"move\":\"Stealth Rock\",\"id\":\"stealthrock\",\"pp\":31,\"maxpp\":32,\"target\":\"foeSide\",\"disabled\":false},{\"move\":\"Stone Edge\",\"id\":\"stoneedge\",\"pp\":8,\"maxpp\":8,\"target\":\"normal\",\"disabled\":false}],\"canTerastallize\":\"Steel\"}],\"side\":{\"name\":\"p0y0670e25\",\"id\":\"p2\",\"pokemon\":[{\"ident\":\"p2: Mudsdale\",\"details\":\"Mudsdale, L83, F\",\"condition\":\"302/302\",\"active\":true,\"stats\":{\"atk\":255,\"def\":214,\"spa\":139,\"spd\":189,\"spe\":106},\"moves\":[\"earthquake\",\"heavyslam\",\"stealthrock\",\"stoneedge\"],\"baseAbility\":\"stamina\",\"item\":\"leftovers\",\"pokeball\":\"pokeball\",\"ability\":\"stamina\",\"commanding\":false,\"reviving\":false,\"teraType\":\"Steel\",\"terastallized\":\"\"},{\"ident\":\"p2: Cloyster\",\"details\":\"Cloyster, L80, F\",\"condition\":\"211/211\",\"active\":false,\"stats\":{\"atk\":198,\"def\":334,\"spa\":182,\"spd\":118,\"spe\":158},\"moves\":[\"shellsmash\",\"iciclespear\",\"rockblast\",\"hydropump\"],\"baseAbility\":\"skilllink\",\"item\":\"whiteherb\",\"pokeball\":\"pokeball\",\"ability\":\"skilllink\",\"commanding\":false,\"reviving\":false,\"teraType\":\"Rock\",\"terastallized\":\"\"},{\"ident\":\"p2: Regieleki\",\"details\":\"Regieleki, L79\",\"condition\":\"256/256\",\"active\":false,\"stats\":{\"atk\":204,\"def\":125,\"spa\":204,\"spd\":125,\"spe\":362},\"moves\":[\"explosion\",\"thunderbolt\",\"rapidspin\",\"voltswitch\"],\"baseAbility\":\"transistor\",\"item\":\"magnet\",\"pokeball\":\"pokeball\",\"ability\":\"transistor\",\"commanding\":false,\"reviving\":false,\"teraType\":\"Electric\",\"terastallized\":\"\"},{\"ident\":\"p2: Minun\",\"details\":\"Minun, L95, M\",\"condition\":\"268/268\",\"active\":false,\"stats\":{\"atk\":81,\"def\":149,\"spa\":196,\"spd\":215,\"spe\":234},\"moves\":[\"thunderbolt\",\"encore\",\"nastyplot\",\"alluringvoice\"],\"baseAbility\":\"voltabsorb\",\"item\":\"lifeorb\",\"pokeball\":\"pokeball\",\"ability\":\"voltabsorb\",\"commanding\":false,\"reviving\":false,\"teraType\":\"Fairy\",\"terastallized\":\"\"},{\"ident\":\"p2: Zarude\",\"details\":\"Zarude, L77\",\"condition\":\"288/288\",\"active\":false,\"stats\":{\"atk\":229,\"def\":206,\"spa\":152,\"spd\":191,\"spe\":206},\"moves\":[\"knockoff\",\"swordsdance\",\"synthesis\",\"powerwhip\"],\"baseAbility\":\"leafguard\",\"item\":\"leftovers\",\"pokeball\":\"pokeball\",\"ability\":\"leafguard\",\"commanding\":false,\"reviving\":false,\"teraType\":\"Grass\",\"terastallized\":\"\"},{\"ident\":\"p2: Revavroom\",\"details\":\"Revavroom, L79, M\",\"condition\":\"256/256\",\"active\":false,\"stats\":{\"atk\":234,\"def\":188,\"spa\":131,\"spd\":151,\"spe\":188},\"moves\":[\"shiftgear\",\"highhorsepower\",\"ironhead\",\"gunkshot\"],\"baseAbility\":\"filter\",\"item\":\"lifeorb\",\"pokeball\":\"pokeball\",\"ability\":\"filter\",\"commanding\":false,\"reviving\":false,\"teraType\":\"Ground\",\"terastallized\":\"\"}]},\"rqid\":5}\n|inactive|Time left: 300 sec this turn | 300 sec total\n|\n|t:|1783391978\n|move|p1a: Landorus|Earthquake|p2a: Mudsdale\n|-damage|p2a: Mudsdale|200/302\n|-ability|p2a: Mudsdale|Stamina|boost\n|-boost|p2a: Mudsdale|def|1\n|move|p2a: Mudsdale|Heavy Slam|p1a: Landorus\n|-damage|p1a: Landorus|74/100\n|\n|-heal|p1a: Landorus|80/100|[from] item: Leftovers\n|-heal|p2a: Mudsdale|218/302|[from] item: Leftovers\n|upkeep\n|turn|3\n|request|{\"active\":[{\"moves\":[{\"move\":\"Earthquake\",\"id\":\"earthquake\",\"pp\":16,\"maxpp\":16,\"target\":\"allAdjacent\",\"disabled\":false},{\"move\":\"Heavy Slam\",\"id\":\"heavyslam\",\"pp\":15,\"maxpp\":16,\"target\":\"normal\",\"disabled\":false},{\"move\":\"Stealth Rock\",\"id\":\"stealthrock\",\"pp\":31,\"maxpp\":32,\"target\":\"foeSide\",\"disabled\":false},{\"move\":\"Stone Edge\",\"id\":\"stoneedge\",\"pp\":8,\"maxpp\":8,\"target\":\"normal\",\"disabled\":false}],\"canTerastallize\":\"Steel\"}],\"side\":{\"name\":\"p0y0670e25\",\"id\":\"p2\",\"pokemon\":[{\"ident\":\"p2: Mudsdale\",\"details\":\"Mudsdale, L83, F\",\"condition\":\"218/302\",\"active\":true,\"stats\":{\"atk\":255,\"def\":214,\"spa\":139,\"spd\":189,\"spe\":106},\"moves\":[\"earthquake\",\"heavyslam\",\"stealthrock\",\"stoneedge\"],\"baseAbility\":\"stamina\",\"item\":\"leftovers\",\"pokeball\":\"pokeball\",\"ability\":\"stamina\",\"commanding\":false,\"reviving\":false,\"teraType\":\"Steel\",\"terastallized\":\"\"},{\"ident\":\"p2: Cloyster\",\"details\":\"Cloyster, L80, F\",\"condition\":\"211/211\",\"active\":false,\"stats\":{\"atk\":198,\"def\":334,\"spa\":182,\"spd\":118,\"spe\":158},\"moves\":[\"shellsmash\",\"iciclespear\",\"rockblast\",\"hydropump\"],\"baseAbility\":\"skilllink\",\"item\":\"whiteherb\",\"pokeball\":\"pokeball\",\"ability\":\"skilllink\",\"commanding\":false,\"reviving\":false,\"teraType\":\"Rock\",\"terastallized\":\"\"},{\"ident\":\"p2: Regieleki\",\"details\":\"Regieleki, L79\",\"condition\":\"256/256\",\"active\":false,\"stats\":{\"atk\":204,\"def\":125,\"spa\":204,\"spd\":125,\"spe\":362},\"moves\":[\"explosion\",\"thunderbolt\",\"rapidspin\",\"voltswitch\"],\"baseAbility\":\"transistor\",\"item\":\"magnet\",\"pokeball\":\"pokeball\",\"ability\":\"transistor\",\"commanding\":false,\"reviving\":false,\"teraType\":\"Electric\",\"terastallized\":\"\"},{\"ident\":\"p2: Minun\",\"details\":\"Minun, L95, M\",\"condition\":\"268/268\",\"active\":false,\"stats\":{\"atk\":81,\"def\":149,\"spa\":196,\"spd\":215,\"spe\":234},\"moves\":[\"thunderbolt\",\"encore\",\"nastyplot\",\"alluringvoice\"],\"baseAbility\":\"voltabsorb\",\"item\":\"lifeorb\",\"pokeball\":\"pokeball\",\"ability\":\"voltabsorb\",\"commanding\":false,\"reviving\":false,\"teraType\":\"Fairy\",\"terastallized\":\"\"},{\"ident\":\"p2: Zarude\",\"details\":\"Zarude, L77\",\"condition\":\"288/288\",\"active\":false,\"stats\":{\"atk\":229,\"def\":206,\"spa\":152,\"spd\":191,\"spe\":206},\"moves\":[\"knockoff\",\"swordsdance\",\"synthesis\",\"powerwhip\"],\"baseAbility\":\"leafguard\",\"item\":\"leftovers\",\"pokeball\":\"pokeball\",\"ability\":\"leafguard\",\"commanding\":false,\"reviving\":false,\"teraType\":\"Grass\",\"terastallized\":\"\"},{\"ident\":\"p2: Revavroom\",\"details\":\"Revavroom, L79, M\",\"condition\":\"256/256\",\"active\":false,\"stats\":{\"atk\":234,\"def\":188,\"spa\":131,\"spd\":151,\"spe\":188},\"moves\":[\"shiftgear\",\"highhorsepower\",\"ironhead\",\"gunkshot\"],\"baseAbility\":\"filter\",\"item\":\"lifeorb\",\"pokeball\":\"pokeball\",\"ability\":\"filter\",\"commanding\":false,\"reviving\":false,\"teraType\":\"Ground\",\"terastallized\":\"\"}]},\"rqid\":7}\n|inactive|Time left: 300 sec this turn | 300 sec total\n|\n|t:|1783391978\n|move|p1a: Landorus|Earthquake|p2a: Mudsdale\n|-crit|p2a: Mudsdale\n|-damage|p2a: Mudsdale|59/302\n|-ability|p2a: Mudsdale|Stamina|boost\n|-boost|p2a: Mudsdale|def|1\n|move|p2a: Mudsdale|Stone Edge|p1a: Landorus|[miss]\n|-miss|p2a: Mudsdale|p1a: Landorus\n|\n|-heal|p1a: Landorus|86/100|[from] item: Leftovers\n|-heal|p2a: Mudsdale|77/302|[from] item: Leftovers\n|upkeep\n|turn|4\n|request|{\"active\":[{\"moves\":[{\"move\":\"Earthquake\",\"id\":\"earthquake\",\"pp\":16,\"maxpp\":16,\"target\":\"allAdjacent\",\"disabled\":false},{\"move\":\"Heavy Slam\",\"id\":\"heavyslam\",\"pp\":15,\"maxpp\":16,\"target\":\"normal\",\"disabled\":false},{\"move\":\"Stealth Rock\",\"id\":\"stealthrock\",\"pp\":31,\"maxpp\":32,\"target\":\"foeSide\",\"disabled\":false},{\"move\":\"Stone Edge\",\"id\":\"stoneedge\",\"pp\":7,\"maxpp\":8,\"target\":\"normal\",\"disabled\":false}],\"canTerastallize\":\"Steel\"}],\"side\":{\"name\":\"p0y0670e25\",\"id\":\"p2\",\"pokemon\":[{\"ident\":\"p2: Mudsdale\",\"details\":\"Mudsdale, L83, F\",\"condition\":\"77/302\",\"active\":true,\"stats\":{\"atk\":255,\"def\":214,\"spa\":139,\"spd\":189,\"spe\":106},\"moves\":[\"earthquake\",\"heavyslam\",\"stealthrock\",\"stoneedge\"],\"baseAbility\":\"stamina\",\"item\":\"leftovers\",\"pokeball\":\"pokeball\",\"ability\":\"stamina\",\"commanding\":false,\"reviving\":false,\"teraType\":\"Steel\",\"terastallized\":\"\"},{\"ident\":\"p2: Cloyster\",\"details\":\"Cloyster, L80, F\",\"condition\":\"211/211\",\"active\":false,\"stats\":{\"atk\":198,\"def\":334,\"spa\":182,\"spd\":118,\"spe\":158},\"moves\":[\"shellsmash\",\"iciclespear\",\"rockblast\",\"hydropump\"],\"baseAbility\":\"skilllink\",\"item\":\"whiteherb\",\"pokeball\":\"pokeball\",\"ability\":\"skilllink\",\"commanding\":false,\"reviving\":false,\"teraType\":\"Rock\",\"terastallized\":\"\"},{\"ident\":\"p2: Regieleki\",\"details\":\"Regieleki, L79\",\"condition\":\"256/256\",\"active\":false,\"stats\":{\"atk\":204,\"def\":125,\"spa\":204,\"spd\":125,\"spe\":362},\"moves\":[\"explosion\",\"thunderbolt\",\"rapidspin\",\"voltswitch\"],\"baseAbility\":\"transistor\",\"item\":\"magnet\",\"pokeball\":\"pokeball\",\"ability\":\"transistor\",\"commanding\":false,\"reviving\":false,\"teraType\":\"Electric\",\"terastallized\":\"\"},{\"ident\":\"p2: Minun\",\"details\":\"Minun, L95, M\",\"condition\":\"268/268\",\"active\":false,\"stats\":{\"atk\":81,\"def\":149,\"spa\":196,\"spd\":215,\"spe\":234},\"moves\":[\"thunderbolt\",\"encore\",\"nastyplot\",\"alluringvoice\"],\"baseAbility\":\"voltabsorb\",\"item\":\"lifeorb\",\"pokeball\":\"pokeball\",\"ability\":\"voltabsorb\",\"commanding\":false,\"reviving\":false,\"teraType\":\"Fairy\",\"terastallized\":\"\"},{\"ident\":\"p2: Zarude\",\"details\":\"Zarude, L77\",\"condition\":\"288/288\",\"active\":false,\"stats\":{\"atk\":229,\"def\":206,\"spa\":152,\"spd\":191,\"spe\":206},\"moves\":[\"knockoff\",\"swordsdance\",\"synthesis\",\"powerwhip\"],\"baseAbility\":\"leafguard\",\"item\":\"leftovers\",\"pokeball\":\"pokeball\",\"ability\":\"leafguard\",\"commanding\":false,\"reviving\":false,\"teraType\":\"Grass\",\"terastallized\":\"\"},{\"ident\":\"p2: Revavroom\",\"details\":\"Revavroom, L79, M\",\"condition\":\"256/256\",\"active\":false,\"stats\":{\"atk\":234,\"def\":188,\"spa\":131,\"spd\":151,\"spe\":188},\"moves\":[\"shiftgear\",\"highhorsepower\",\"ironhead\",\"gunkshot\"],\"baseAbility\":\"filter\",\"item\":\"lifeorb\",\"pokeball\":\"pokeball\",\"ability\":\"filter\",\"commanding\":false,\"reviving\":false,\"teraType\":\"Ground\",\"terastallized\":\"\"}]},\"rqid\":9}\n|inactive|Time left: 300 sec this turn | 300 sec total\n|\n|t:|1783391978\n|move|p1a: Landorus|Earthquake|p2a: Mudsdale\n|-damage|p2a: Mudsdale|23/302\n|-ability|p2a: Mudsdale|Stamina|boost\n|-boost|p2a: Mudsdale|def|1\n|move|p2a: Mudsdale|Heavy Slam|p1a: Landorus\n|-damage|p1a: Landorus|60/100\n|\n|-heal|p1a: Landorus|66/100|[from] item: Leftovers\n|-heal|p2a: Mudsdale|41/302|[from] item: Leftovers\n|upkeep\n|turn|5\n|request|{\"active\":[{\"moves\":[{\"move\":\"Earthquake\",\"id\":\"earthquake\",\"pp\":16,\"maxpp\":16,\"target\":\"allAdjacent\",\"disabled\":false},{\"move\":\"Heavy Slam\",\"id\":\"heavyslam\",\"pp\":14,\"maxpp\":16,\"target\":\"normal\",\"disabled\":false},{\"move\":\"Stealth Rock\",\"id\":\"stealthrock\",\"pp\":31,\"maxpp\":32,\"target\":\"foeSide\",\"disabled\":false},{\"move\":\"Stone Edge\",\"id\":\"stoneedge\",\"pp\":7,\"maxpp\":8,\"target\":\"normal\",\"disabled\":false}],\"canTerastallize\":\"Steel\"}],\"side\":{\"name\":\"p0y0670e25\",\"id\":\"p2\",\"pokemon\":[{\"ident\":\"p2: Mudsdale\",\"details\":\"Mudsdale, L83, F\",\"condition\":\"41/302\",\"active\":true,\"stats\":{\"atk\":255,\"def\":214,\"spa\":139,\"spd\":189,\"spe\":106},\"moves\":[\"earthquake\",\"heavyslam\",\"stealthrock\",\"stoneedge\"],\"baseAbility\":\"stamina\",\"item\":\"leftovers\",\"pokeball\":\"pokeball\",\"ability\":\"stamina\",\"commanding\":false,\"reviving\":false,\"teraType\":\"Steel\",\"terastallized\":\"\"},{\"ident\":\"p2: Cloyster\",\"details\":\"Cloyster, L80, F\",\"condition\":\"211/211\",\"active\":false,\"stats\":{\"atk\":198,\"def\":334,\"spa\":182,\"spd\":118,\"spe\":158},\"moves\":[\"shellsmash\",\"iciclespear\",\"rockblast\",\"hydropump\"],\"baseAbility\":\"skilllink\",\"item\":\"whiteherb\",\"pokeball\":\"pokeball\",\"ability\":\"skilllink\",\"commanding\":false,\"reviving\":false,\"teraType\":\"Rock\",\"terastallized\":\"\"},{\"ident\":\"p2: Regieleki\",\"details\":\"Regieleki, L79\",\"condition\":\"256/256\",\"active\":false,\"stats\":{\"atk\":204,\"def\":125,\"spa\":204,\"spd\":125,\"spe\":362},\"moves\":[\"explosion\",\"thunderbolt\",\"rapidspin\",\"voltswitch\"],\"baseAbility\":\"transistor\",\"item\":\"magnet\",\"pokeball\":\"pokeball\",\"ability\":\"transistor\",\"commanding\":false,\"reviving\":false,\"teraType\":\"Electric\",\"terastallized\":\"\"},{\"ident\":\"p2: Minun\",\"details\":\"Minun, L95, M\",\"condition\":\"268/268\",\"active\":false,\"stats\":{\"atk\":81,\"def\":149,\"spa\":196,\"spd\":215,\"spe\":234},\"moves\":[\"thunderbolt\",\"encore\",\"nastyplot\",\"alluringvoice\"],\"baseAbility\":\"voltabsorb\",\"item\":\"lifeorb\",\"pokeball\":\"pokeball\",\"ability\":\"voltabsorb\",\"commanding\":false,\"reviving\":false,\"teraType\":\"Fairy\",\"terastallized\":\"\"},{\"ident\":\"p2: Zarude\",\"details\":\"Zarude, L77\",\"condition\":\"288/288\",\"active\":false,\"stats\":{\"atk\":229,\"def\":206,\"spa\":152,\"spd\":191,\"spe\":206},\"moves\":[\"knockoff\",\"swordsdance\",\"synthesis\",\"powerwhip\"],\"baseAbility\":\"leafguard\",\"item\":\"leftovers\",\"pokeball\":\"pokeball\",\"ability\":\"leafguard\",\"commanding\":false,\"reviving\":false,\"teraType\":\"Grass\",\"terastallized\":\"\"},{\"ident\":\"p2: Revavroom\",\"details\":\"Revavroom, L79, M\",\"condition\":\"256/256\",\"active\":false,\"stats\":{\"atk\":234,\"def\":188,\"spa\":131,\"spd\":151,\"spe\":188},\"moves\":[\"shiftgear\",\"highhorsepower\",\"ironhead\",\"gunkshot\"],\"baseAbility\":\"filter\",\"item\":\"lifeorb\",\"pokeball\":\"pokeball\",\"ability\":\"filter\",\"commanding\":false,\"reviving\":false,\"teraType\":\"Ground\",\"terastallized\":\"\"}]},\"rqid\":11}\n|inactive|Time left: 300 sec this turn | 300 sec total\n|\n|t:|1783391978\n|move|p1a: Landorus|Earthquake|p2a: Mudsdale\n|-damage|p2a: Mudsdale|0 fnt\n|faint|p2a: Mudsdale\n|\n|-heal|p1a: Landorus|72/100|[from] item: Leftovers\n|upkeep\n|request|{\"forceSwitch\":[true],\"side\":{\"name\":\"p0y0670e25\",\"id\":\"p2\",\"pokemon\":[{\"ident\":\"p2: Mudsdale\",\"details\":\"Mudsdale, L83, F\",\"condition\":\"0 fnt\",\"active\":true,\"stats\":{\"atk\":255,\"def\":214,\"spa\":139,\"spd\":189,\"spe\":106},\"moves\":[\"earthquake\",\"heavyslam\",\"stealthrock\",\"stoneedge\"],\"baseAbility\":\"stamina\",\"item\":\"leftovers\",\"pokeball\":\"pokeball\",\"ability\":\"stamina\",\"commanding\":false,\"reviving\":false,\"teraType\":\"Steel\",\"terastallized\":\"\"},{\"ident\":\"p2: Cloyster\",\"details\":\"Cloyster, L80, F\",\"condition\":\"211/211\",\"active\":false,\"stats\":{\"atk\":198,\"def\":334,\"spa\":182,\"spd\":118,\"spe\":158},\"moves\":[\"shellsmash\",\"iciclespear\",\"rockblast\",\"hydropump\"],\"baseAbility\":\"skilllink\",\"item\":\"whiteherb\",\"pokeball\":\"pokeball\",\"ability\":\"skilllink\",\"commanding\":false,\"reviving\":false,\"teraType\":\"Rock\",\"terastallized\":\"\"},{\"ident\":\"p2: Regieleki\",\"details\":\"Regieleki, L79\",\"condition\":\"256/256\",\"active\":false,\"stats\":{\"atk\":204,\"def\":125,\"spa\":204,\"spd\":125,\"spe\":362},\"moves\":[\"explosion\",\"thunderbolt\",\"rapidspin\",\"voltswitch\"],\"baseAbility\":\"transistor\",\"item\":\"magnet\",\"pokeball\":\"pokeball\",\"ability\":\"transistor\",\"commanding\":false,\"reviving\":false,\"teraType\":\"Electric\",\"terastallized\":\"\"},{\"ident\":\"p2: Minun\",\"details\":\"Minun, L95, M\",\"condition\":\"268/268\",\"active\":false,\"stats\":{\"atk\":81,\"def\":149,\"spa\":196,\"spd\":215,\"spe\":234},\"moves\":[\"thunderbolt\",\"encore\",\"nastyplot\",\"alluringvoice\"],\"baseAbility\":\"voltabsorb\",\"item\":\"lifeorb\",\"pokeball\":\"pokeball\",\"ability\":\"voltabsorb\",\"commanding\":false,\"reviving\":false,\"teraType\":\"Fairy\",\"terastallized\":\"\"},{\"ident\":\"p2: Zarude\",\"details\":\"Zarude, L77\",\"condition\":\"288/288\",\"active\":false,\"stats\":{\"atk\":229,\"def\":206,\"spa\":152,\"spd\":191,\"spe\":206},\"moves\":[\"knockoff\",\"swordsdance\",\"synthesis\",\"powerwhip\"],\"baseAbility\":\"leafguard\",\"item\":\"leftovers\",\"pokeball\":\"pokeball\",\"ability\":\"leafguard\",\"commanding\":false,\"reviving\":false,\"teraType\":\"Grass\",\"terastallized\":\"\"},{\"ident\":\"p2: Revavroom\",\"details\":\"Revavroom, L79, M\",\"condition\":\"256/256\",\"active\":false,\"stats\":{\"atk\":234,\"def\":188,\"spa\":131,\"spd\":151,\"spe\":188},\"moves\":[\"shiftgear\",\"highhorsepower\",\"ironhead\",\"gunkshot\"],\"baseAbility\":\"filter\",\"item\":\"lifeorb\",\"pokeball\":\"pokeball\",\"ability\":\"filter\",\"commanding\":false,\"reviving\":false,\"teraType\":\"Ground\",\"terastallized\":\"\"}]},\"noCancel\":true,\"rqid\":13}\n|inactive|Time left: 300 sec this turn | 300 sec total | 5 sec grace\n|\n|t:|1783391979\n|switch|p2a: Cloyster|Cloyster, L80, F|211/211\n|-damage|p2a: Cloyster|159/211|[from] Stealth Rock\n|turn|6\n|request|{\"active\":[{\"moves\":[{\"move\":\"Shell Smash\",\"id\":\"shellsmash\",\"pp\":24,\"maxpp\":24,\"target\":\"self\",\"disabled\":false},{\"move\":\"Icicle Spear\",\"id\":\"iciclespear\",\"pp\":48,\"maxpp\":48,\"target\":\"normal\",\"disabled\":false},{\"move\":\"Rock Blast\",\"id\":\"rockblast\",\"pp\":16,\"maxpp\":16,\"target\":\"normal\",\"disabled\":false},{\"move\":\"Hydro Pump\",\"id\":\"hydropump\",\"pp\":8,\"maxpp\":8,\"target\":\"normal\",\"disabled\":false}],\"canTerastallize\":\"Rock\"}],\"side\":{\"name\":\"p0y0670e25\",\"id\":\"p2\",\"pokemon\":[{\"ident\":\"p2: Cloyster\",\"details\":\"Cloyster, L80, F\",\"condition\":\"159/211\",\"active\":true,\"stats\":{\"atk\":198,\"def\":334,\"spa\":182,\"spd\":118,\"spe\":158},\"moves\":[\"shellsmash\",\"iciclespear\",\"rockblast\",\"hydropump\"],\"baseAbility\":\"skilllink\",\"item\":\"whiteherb\",\"pokeball\":\"pokeball\",\"ability\":\"skilllink\",\"commanding\":false,\"reviving\":false,\"teraType\":\"Rock\",\"terastallized\":\"\"},{\"ident\":\"p2: Mudsdale\",\"details\":\"Mudsdale, L83, F\",\"condition\":\"0 fnt\",\"active\":false,\"stats\":{\"atk\":255,\"def\":214,\"spa\":139,\"spd\":189,\"spe\":106},\"moves\":[\"earthquake\",\"heavyslam\",\"stealthrock\",\"stoneedge\"],\"baseAbility\":\"stamina\",\"item\":\"leftovers\",\"pokeball\":\"pokeball\",\"ability\":\"stamina\",\"commanding\":false,\"reviving\":false,\"teraType\":\"Steel\",\"terastallized\":\"\"},{\"ident\":\"p2: Regieleki\",\"details\":\"Regieleki, L79\",\"condition\":\"256/256\",\"active\":false,\"stats\":{\"atk\":204,\"def\":125,\"spa\":204,\"spd\":125,\"spe\":362},\"moves\":[\"explosion\",\"thunderbolt\",\"rapidspin\",\"voltswitch\"],\"baseAbility\":\"transistor\",\"item\":\"magnet\",\"pokeball\":\"pokeball\",\"ability\":\"transistor\",\"commanding\":false,\"reviving\":false,\"teraType\":\"Electric\",\"terastallized\":\"\"},{\"ident\":\"p2: Minun\",\"details\":\"Minun, L95, M\",\"condition\":\"268/268\",\"active\":false,\"stats\":{\"atk\":81,\"def\":149,\"spa\":196,\"spd\":215,\"spe\":234},\"moves\":[\"thunderbolt\",\"encore\",\"nastyplot\",\"alluringvoice\"],\"baseAbility\":\"voltabsorb\",\"item\":\"lifeorb\",\"pokeball\":\"pokeball\",\"ability\":\"voltabsorb\",\"commanding\":false,\"reviving\":false,\"teraType\":\"Fairy\",\"terastallized\":\"\"},{\"ident\":\"p2: Zarude\",\"details\":\"Zarude, L77\",\"condition\":\"288/288\",\"active\":false,\"stats\":{\"atk\":229,\"def\":206,\"spa\":152,\"spd\":191,\"spe\":206},\"moves\":[\"knockoff\",\"swordsdance\",\"synthesis\",\"powerwhip\"],\"baseAbility\":\"leafguard\",\"item\":\"leftovers\",\"pokeball\":\"pokeball\",\"ability\":\"leafguard\",\"commanding\":false,\"reviving\":false,\"teraType\":\"Grass\",\"terastallized\":\"\"},{\"ident\":\"p2: Revavroom\",\"details\":\"Revavroom, L79, M\",\"condition\":\"256/256\",\"active\":false,\"stats\":{\"atk\":234,\"def\":188,\"spa\":131,\"spd\":151,\"spe\":188},\"moves\":[\"shiftgear\",\"highhorsepower\",\"ironhead\",\"gunkshot\"],\"baseAbility\":\"filter\",\"item\":\"lifeorb\",\"pokeball\":\"pokeball\",\"ability\":\"filter\",\"commanding\":false,\"reviving\":false,\"teraType\":\"Ground\",\"terastallized\":\"\"}]},\"rqid\":15}\n|inactive|Time left: 300 sec this turn | 300 sec total\n|\n|t:|1783391979\n|move|p1a: Landorus|Taunt|p2a: Cloyster\n|-start|p2a: Cloyster|move: Taunt\n|cant|p2a: Cloyster|move: Taunt|Shell Smash\n|\n|-heal|p1a: Landorus|78/100|[from] item: Leftovers\n|upkeep\n|turn|7\n|request|{\"active\":[{\"moves\":[{\"move\":\"Shell Smash\",\"id\":\"shellsmash\",\"pp\":24,\"maxpp\":24,\"target\":\"self\",\"disabled\":true},{\"move\":\"Icicle Spear\",\"id\":\"iciclespear\",\"pp\":48,\"maxpp\":48,\"target\":\"normal\",\"disabled\":false},{\"move\":\"Rock Blast\",\"id\":\"rockblast\",\"pp\":16,\"maxpp\":16,\"target\":\"normal\",\"disabled\":false},{\"move\":\"Hydro Pump\",\"id\":\"hydropump\",\"pp\":8,\"maxpp\":8,\"target\":\"normal\",\"disabled\":false}],\"canTerastallize\":\"Rock\"}],\"side\":{\"name\":\"p0y0670e25\",\"id\":\"p2\",\"pokemon\":[{\"ident\":\"p2: Cloyster\",\"details\":\"Cloyster, L80, F\",\"condition\":\"159/211\",\"active\":true,\"stats\":{\"atk\":198,\"def\":334,\"spa\":182,\"spd\":118,\"spe\":158},\"moves\":[\"shellsmash\",\"iciclespear\",\"rockblast\",\"hydropump\"],\"baseAbility\":\"skilllink\",\"item\":\"whiteherb\",\"pokeball\":\"pokeball\",\"ability\":\"skilllink\",\"commanding\":false,\"reviving\":false,\"teraType\":\"Rock\",\"terastallized\":\"\"},{\"ident\":\"p2: Mudsdale\",\"details\":\"Mudsdale, L83, F\",\"condition\":\"0 fnt\",\"active\":false,\"stats\":{\"atk\":255,\"def\":214,\"spa\":139,\"spd\":189,\"spe\":106},\"moves\":[\"earthquake\",\"heavyslam\",\"stealthrock\",\"stoneedge\"],\"baseAbility\":\"stamina\",\"item\":\"leftovers\",\"pokeball\":\"pokeball\",\"ability\":\"stamina\",\"commanding\":false,\"reviving\":false,\"teraType\":\"Steel\",\"terastallized\":\"\"},{\"ident\":\"p2: Regieleki\",\"details\":\"Regieleki, L79\",\"condition\":\"256/256\",\"active\":false,\"stats\":{\"atk\":204,\"def\":125,\"spa\":204,\"spd\":125,\"spe\":362},\"moves\":[\"explosion\",\"thunderbolt\",\"rapidspin\",\"voltswitch\"],\"baseAbility\":\"transistor\",\"item\":\"magnet\",\"pokeball\":\"pokeball\",\"ability\":\"transistor\",\"commanding\":false,\"reviving\":false,\"teraType\":\"Electric\",\"terastallized\":\"\"},{\"ident\":\"p2: Minun\",\"details\":\"Minun, L95, M\",\"condition\":\"268/268\",\"active\":false,\"stats\":{\"atk\":81,\"def\":149,\"spa\":196,\"spd\":215,\"spe\":234},\"moves\":[\"thunderbolt\",\"encore\",\"nastyplot\",\"alluringvoice\"],\"baseAbility\":\"voltabsorb\",\"item\":\"lifeorb\",\"pokeball\":\"pokeball\",\"ability\":\"voltabsorb\",\"commanding\":false,\"reviving\":false,\"teraType\":\"Fairy\",\"terastallized\":\"\"},{\"ident\":\"p2: Zarude\",\"details\":\"Zarude, L77\",\"condition\":\"288/288\",\"active\":false,\"stats\":{\"atk\":229,\"def\":206,\"spa\":152,\"spd\":191,\"spe\":206},\"moves\":[\"knockoff\",\"swordsdance\",\"synthesis\",\"powerwhip\"],\"baseAbility\":\"leafguard\",\"item\":\"leftovers\",\"pokeball\":\"pokeball\",\"ability\":\"leafguard\",\"commanding\":false,\"reviving\":false,\"teraType\":\"Grass\",\"terastallized\":\"\"},{\"ident\":\"p2: Revavroom\",\"details\":\"Revavroom, L79, M\",\"condition\":\"256/256\",\"active\":false,\"stats\":{\"atk\":234,\"def\":188,\"spa\":131,\"spd\":151,\"spe\":188},\"moves\":[\"shiftgear\",\"highhorsepower\",\"ironhead\",\"gunkshot\"],\"baseAbility\":\"filter\",\"item\":\"lifeorb\",\"pokeball\":\"pokeball\",\"ability\":\"filter\",\"commanding\":false,\"reviving\":false,\"teraType\":\"Ground\",\"terastallized\":\"\"}]},\"rqid\":17}\n|inactive|Time left: 300 sec this turn | 300 sec total\n|\n|t:|1783391979\n|switch|p1a: Urshifu|Urshifu, L74, M|100/100\n|-damage|p1a: Urshifu|95/100|[from] Stealth Rock\n|move|p2a: Cloyster|Icicle Spear|p1a: Urshifu\n|-damage|p1a: Urshifu|86/100\n|-damage|p1a: Urshifu|76/100\n|-damage|p1a: Urshifu|67/100\n|-damage|p1a: Urshifu|58/100\n|-damage|p1a: Urshifu|49/100\n|-hitcount|p1a: Urshifu|5\n|\n|upkeep\n|turn|8\n|request|{\"active\":[{\"moves\":[{\"move\":\"Shell Smash\",\"id\":\"shellsmash\",\"pp\":24,\"maxpp\":24,\"target\":\"self\",\"disabled\":true},{\"move\":\"Icicle Spear\",\"id\":\"iciclespear\",\"pp\":47,\"maxpp\":48,\"target\":\"normal\",\"disabled\":false},{\"move\":\"Rock Blast\",\"id\":\"rockblast\",\"pp\":16,\"maxpp\":16,\"target\":\"normal\",\"disabled\":false},{\"move\":\"Hydro Pump\",\"id\":\"hydropump\",\"pp\":8,\"maxpp\":8,\"target\":\"normal\",\"disabled\":false}],\"canTerastallize\":\"Rock\"}],\"side\":{\"name\":\"p0y0670e25\",\"id\":\"p2\",\"pokemon\":[{\"ident\":\"p2: Cloyster\",\"details\":\"Cloyster, L80, F\",\"condition\":\"159/211\",\"active\":true,\"stats\":{\"atk\":198,\"def\":334,\"spa\":182,\"spd\":118,\"spe\":158},\"moves\":[\"shellsmash\",\"iciclespear\",\"rockblast\",\"hydropump\"],\"baseAbility\":\"skilllink\",\"item\":\"whiteherb\",\"pokeball\":\"pokeball\",\"ability\":\"skilllink\",\"commanding\":false,\"reviving\":false,\"teraType\":\"Rock\",\"terastallized\":\"\"},{\"ident\":\"p2: Mudsdale\",\"details\":\"Mudsdale, L83, F\",\"condition\":\"0 fnt\",\"active\":false,\"stats\":{\"atk\":255,\"def\":214,\"spa\":139,\"spd\":189,\"spe\":106},\"moves\":[\"earthquake\",\"heavyslam\",\"stealthrock\",\"stoneedge\"],\"baseAbility\":\"stamina\",\"item\":\"leftovers\",\"pokeball\":\"pokeball\",\"ability\":\"stamina\",\"commanding\":false,\"reviving\":false,\"teraType\":\"Steel\",\"terastallized\":\"\"},{\"ident\":\"p2: Regieleki\",\"details\":\"Regieleki, L79\",\"condition\":\"256/256\",\"active\":false,\"stats\":{\"atk\":204,\"def\":125,\"spa\":204,\"spd\":125,\"spe\":362},\"moves\":[\"explosion\",\"thunderbolt\",\"rapidspin\",\"voltswitch\"],\"baseAbility\":\"transistor\",\"item\":\"magnet\",\"pokeball\":\"pokeball\",\"ability\":\"transistor\",\"commanding\":false,\"reviving\":false,\"teraType\":\"Electric\",\"terastallized\":\"\"},{\"ident\":\"p2: Minun\",\"details\":\"Minun, L95, M\",\"condition\":\"268/268\",\"active\":false,\"stats\":{\"atk\":81,\"def\":149,\"spa\":196,\"spd\":215,\"spe\":234},\"moves\":[\"thunderbolt\",\"encore\",\"nastyplot\",\"alluringvoice\"],\"baseAbility\":\"voltabsorb\",\"item\":\"lifeorb\",\"pokeball\":\"pokeball\",\"ability\":\"voltabsorb\",\"commanding\":false,\"reviving\":false,\"teraType\":\"Fairy\",\"terastallized\":\"\"},{\"ident\":\"p2: Zarude\",\"details\":\"Zarude, L77\",\"condition\":\"288/288\",\"active\":false,\"stats\":{\"atk\":229,\"def\":206,\"spa\":152,\"spd\":191,\"spe\":206},\"moves\":[\"knockoff\",\"swordsdance\",\"synthesis\",\"powerwhip\"],\"baseAbility\":\"leafguard\",\"item\":\"leftovers\",\"pokeball\":\"pokeball\",\"ability\":\"leafguard\",\"commanding\":false,\"reviving\":false,\"teraType\":\"Grass\",\"terastallized\":\"\"},{\"ident\":\"p2: Revavroom\",\"details\":\"Revavroom, L79, M\",\"condition\":\"256/256\",\"active\":false,\"stats\":{\"atk\":234,\"def\":188,\"spa\":131,\"spd\":151,\"spe\":188},\"moves\":[\"shiftgear\",\"highhorsepower\",\"ironhead\",\"gunkshot\"],\"baseAbility\":\"filter\",\"item\":\"lifeorb\",\"pokeball\":\"pokeball\",\"ability\":\"filter\",\"commanding\":false,\"reviving\":false,\"teraType\":\"Ground\",\"terastallized\":\"\"}]},\"rqid\":19}\n|inactive|Time left: 300 sec this turn | 300 sec total\n|\n|t:|1783391979\n|switch|p2a: Revavroom|Revavroom, L79, M|256/256\n|-damage|p2a: Revavroom|240/256|[from] Stealth Rock\n|move|p1a: Urshifu|Close Combat|p2a: Revavroom\n|-damage|p2a: Revavroom|71/256\n|-unboost|p1a: Urshifu|def|1\n|-unboost|p1a: Urshifu|spd|1\n|-damage|p1a: Urshifu|39/100|[from] item: Life Orb\n|\n|upkeep\n|turn|9\n|request|{\"active\":[{\"moves\":[{\"move\":\"Shift Gear\",\"id\":\"shiftgear\",\"pp\":16,\"maxpp\":16,\"target\":\"self\",\"disabled\":false},{\"move\":\"High Horsepower\",\"id\":\"highhorsepower\",\"pp\":16,\"maxpp\":16,\"target\":\"normal\",\"disabled\":false},{\"move\":\"Iron Head\",\"id\":\"ironhead\",\"pp\":24,\"maxpp\":24,\"target\":\"normal\",\"disabled\":false},{\"move\":\"Gunk Shot\",\"id\":\"gunkshot\",\"pp\":8,\"maxpp\":8,\"target\":\"normal\",\"disabled\":false}],\"canTerastallize\":\"Ground\"}],\"side\":{\"name\":\"p0y0670e25\",\"id\":\"p2\",\"pokemon\":[{\"ident\":\"p2: Revavroom\",\"details\":\"Revavroom, L79, M\",\"condition\":\"71/256\",\"active\":true,\"stats\":{\"atk\":234,\"def\":188,\"spa\":131,\"spd\":151,\"spe\":188},\"moves\":[\"shiftgear\",\"highhorsepower\",\"ironhead\",\"gunkshot\"],\"baseAbility\":\"filter\",\"item\":\"lifeorb\",\"pokeball\":\"pokeball\",\"ability\":\"filter\",\"commanding\":false,\"reviving\":false,\"teraType\":\"Ground\",\"terastallized\":\"\"},{\"ident\":\"p2: Mudsdale\",\"details\":\"Mudsdale, L83, F\",\"condition\":\"0 fnt\",\"active\":false,\"stats\":{\"atk\":255,\"def\":214,\"spa\":139,\"spd\":189,\"spe\":106},\"moves\":[\"earthquake\",\"heavyslam\",\"stealthrock\",\"stoneedge\"],\"baseAbility\":\"stamina\",\"item\":\"leftovers\",\"pokeball\":\"pokeball\",\"ability\":\"stamina\",\"commanding\":false,\"reviving\":false,\"teraType\":\"Steel\",\"terastallized\":\"\"},{\"ident\":\"p2: Regieleki\",\"details\":\"Regieleki, L79\",\"condition\":\"256/256\",\"active\":false,\"stats\":{\"atk\":204,\"def\":125,\"spa\":204,\"spd\":125,\"spe\":362},\"moves\":[\"explosion\",\"thunderbolt\",\"rapidspin\",\"voltswitch\"],\"baseAbility\":\"transistor\",\"item\":\"magnet\",\"pokeball\":\"pokeball\",\"ability\":\"transistor\",\"commanding\":false,\"reviving\":false,\"teraType\":\"Electric\",\"terastallized\":\"\"},{\"ident\":\"p2: Minun\",\"details\":\"Minun, L95, M\",\"condition\":\"268/268\",\"active\":false,\"stats\":{\"atk\":81,\"def\":149,\"spa\":196,\"spd\":215,\"spe\":234},\"moves\":[\"thunderbolt\",\"encore\",\"nastyplot\",\"alluringvoice\"],\"baseAbility\":\"voltabsorb\",\"item\":\"lifeorb\",\"pokeball\":\"pokeball\",\"ability\":\"voltabsorb\",\"commanding\":false,\"reviving\":false,\"teraType\":\"Fairy\",\"terastallized\":\"\"},{\"ident\":\"p2: Zarude\",\"details\":\"Zarude, L77\",\"condition\":\"288/288\",\"active\":false,\"stats\":{\"atk\":229,\"def\":206,\"spa\":152,\"spd\":191,\"spe\":206},\"moves\":[\"knockoff\",\"swordsdance\",\"synthesis\",\"powerwhip\"],\"baseAbility\":\"leafguard\",\"item\":\"leftovers\",\"pokeball\":\"pokeball\",\"ability\":\"leafguard\",\"commanding\":false,\"reviving\":false,\"teraType\":\"Grass\",\"terastallized\":\"\"},{\"ident\":\"p2: Cloyster\",\"details\":\"Cloyster, L80, F\",\"condition\":\"159/211\",\"active\":false,\"stats\":{\"atk\":198,\"def\":334,\"spa\":182,\"spd\":118,\"spe\":158},\"moves\":[\"shellsmash\",\"iciclespear\",\"rockblast\",\"hydropump\"],\"baseAbility\":\"skilllink\",\"item\":\"whiteherb\",\"pokeball\":\"pokeball\",\"ability\":\"skilllink\",\"commanding\":false,\"reviving\":false,\"teraType\":\"Rock\",\"terastallized\":\"\"}]},\"rqid\":21}\n|inactive|Time left: 300 sec this turn | 300 sec total\n|\n|t:|1783391980\n|move|p1a: Urshifu|Sucker Punch|p2a: Revavroom\n|-damage|p2a: Revavroom|0 fnt\n|faint|p2a: Revavroom\n|-damage|p1a: Urshifu|29/100|[from] item: Life Orb\n|\n|upkeep\n|request|{\"forceSwitch\":[true],\"side\":{\"name\":\"p0y0670e25\",\"id\":\"p2\",\"pokemon\":[{\"ident\":\"p2: Revavroom\",\"details\":\"Revavroom, L79, M\",\"condition\":\"0 fnt\",\"active\":true,\"stats\":{\"atk\":234,\"def\":188,\"spa\":131,\"spd\":151,\"spe\":188},\"moves\":[\"shiftgear\",\"highhorsepower\",\"ironhead\",\"gunkshot\"],\"baseAbility\":\"filter\",\"item\":\"lifeorb\",\"pokeball\":\"pokeball\",\"ability\":\"filter\",\"commanding\":false,\"reviving\":false,\"teraType\":\"Ground\",\"terastallized\":\"\"},{\"ident\":\"p2: Mudsdale\",\"details\":\"Mudsdale, L83, F\",\"condition\":\"0 fnt\",\"active\":false,\"stats\":{\"atk\":255,\"def\":214,\"spa\":139,\"spd\":189,\"spe\":106},\"moves\":[\"earthquake\",\"heavyslam\",\"stealthrock\",\"stoneedge\"],\"baseAbility\":\"stamina\",\"item\":\"leftovers\",\"pokeball\":\"pokeball\",\"ability\":\"stamina\",\"commanding\":false,\"reviving\":false,\"teraType\":\"Steel\",\"terastallized\":\"\"},{\"ident\":\"p2: Regieleki\",\"details\":\"Regieleki, L79\",\"condition\":\"256/256\",\"active\":false,\"stats\":{\"atk\":204,\"def\":125,\"spa\":204,\"spd\":125,\"spe\":362},\"moves\":[\"explosion\",\"thunderbolt\",\"rapidspin\",\"voltswitch\"],\"baseAbility\":\"transistor\",\"item\":\"magnet\",\"pokeball\":\"pokeball\",\"ability\":\"transistor\",\"commanding\":false,\"reviving\":false,\"teraType\":\"Electric\",\"terastallized\":\"\"},{\"ident\":\"p2: Minun\",\"details\":\"Minun, L95, M\",\"condition\":\"268/268\",\"active\":false,\"stats\":{\"atk\":81,\"def\":149,\"spa\":196,\"spd\":215,\"spe\":234},\"moves\":[\"thunderbolt\",\"encore\",\"nastyplot\",\"alluringvoice\"],\"baseAbility\":\"voltabsorb\",\"item\":\"lifeorb\",\"pokeball\":\"pokeball\",\"ability\":\"voltabsorb\",\"commanding\":false,\"reviving\":false,\"teraType\":\"Fairy\",\"terastallized\":\"\"},{\"ident\":\"p2: Zarude\",\"details\":\"Zarude, L77\",\"condition\":\"288/288\",\"active\":false,\"stats\":{\"atk\":229,\"def\":206,\"spa\":152,\"spd\":191,\"spe\":206},\"moves\":[\"knockoff\",\"swordsdance\",\"synthesis\",\"powerwhip\"],\"baseAbility\":\"leafguard\",\"item\":\"leftovers\",\"pokeball\":\"pokeball\",\"ability\":\"leafguard\",\"commanding\":false,\"reviving\":false,\"teraType\":\"Grass\",\"terastallized\":\"\"},{\"ident\":\"p2: Cloyster\",\"details\":\"Cloyster, L80, F\",\"condition\":\"159/211\",\"active\":false,\"stats\":{\"atk\":198,\"def\":334,\"spa\":182,\"spd\":118,\"spe\":158},\"moves\":[\"shellsmash\",\"iciclespear\",\"rockblast\",\"hydropump\"],\"baseAbility\":\"skilllink\",\"item\":\"whiteherb\",\"pokeball\":\"pokeball\",\"ability\":\"skilllink\",\"commanding\":false,\"reviving\":false,\"teraType\":\"Rock\",\"terastallized\":\"\"}]},\"noCancel\":true,\"rqid\":23}\n|inactive|Time left: 300 sec this turn | 300 sec total | 5 sec grace\n|\n|t:|1783391980\n|switch|p2a: Zarude|Zarude, L77|288/288\n|-damage|p2a: Zarude|252/288|[from] Stealth Rock\n|turn|10\n|request|{\"active\":[{\"moves\":[{\"move\":\"Knock Off\",\"id\":\"knockoff\",\"pp\":32,\"maxpp\":32,\"target\":\"normal\",\"disabled\":false},{\"move\":\"Swords Dance\",\"id\":\"swordsdance\",\"pp\":32,\"maxpp\":32,\"target\":\"self\",\"disabled\":false},{\"move\":\"Synthesis\",\"id\":\"synthesis\",\"pp\":8,\"maxpp\":8,\"target\":\"self\",\"disabled\":false},{\"move\":\"Power Whip\",\"id\":\"powerwhip\",\"pp\":16,\"maxpp\":16,\"target\":\"normal\",\"disabled\":false}],\"canTerastallize\":\"Grass\"}],\"side\":{\"name\":\"p0y0670e25\",\"id\":\"p2\",\"pokemon\":[{\"ident\":\"p2: Zarude\",\"details\":\"Zarude, L77\",\"condition\":\"252/288\",\"active\":true,\"stats\":{\"atk\":229,\"def\":206,\"spa\":152,\"spd\":191,\"spe\":206},\"moves\":[\"knockoff\",\"swordsdance\",\"synthesis\",\"powerwhip\"],\"baseAbility\":\"leafguard\",\"item\":\"leftovers\",\"pokeball\":\"pokeball\",\"ability\":\"leafguard\",\"commanding\":false,\"reviving\":false,\"teraType\":\"Grass\",\"terastallized\":\"\"},{\"ident\":\"p2: Mudsdale\",\"details\":\"Mudsdale, L83, F\",\"condition\":\"0 fnt\",\"active\":false,\"stats\":{\"atk\":255,\"def\":214,\"spa\":139,\"spd\":189,\"spe\":106},\"moves\":[\"earthquake\",\"heavyslam\",\"stealthrock\",\"stoneedge\"],\"baseAbility\":\"stamina\",\"item\":\"leftovers\",\"pokeball\":\"pokeball\",\"ability\":\"stamina\",\"commanding\":false,\"reviving\":false,\"teraType\":\"Steel\",\"terastallized\":\"\"},{\"ident\":\"p2: Regieleki\",\"details\":\"Regieleki, L79\",\"condition\":\"256/256\",\"active\":false,\"stats\":{\"atk\":204,\"def\":125,\"spa\":204,\"spd\":125,\"spe\":362},\"moves\":[\"explosion\",\"thunderbolt\",\"rapidspin\",\"voltswitch\"],\"baseAbility\":\"transistor\",\"item\":\"magnet\",\"pokeball\":\"pokeball\",\"ability\":\"transistor\",\"commanding\":false,\"reviving\":false,\"teraType\":\"Electric\",\"terastallized\":\"\"},{\"ident\":\"p2: Minun\",\"details\":\"Minun, L95, M\",\"condition\":\"268/268\",\"active\":false,\"stats\":{\"atk\":81,\"def\":149,\"spa\":196,\"spd\":215,\"spe\":234},\"moves\":[\"thunderbolt\",\"encore\",\"nastyplot\",\"alluringvoice\"],\"baseAbility\":\"voltabsorb\",\"item\":\"lifeorb\",\"pokeball\":\"pokeball\",\"ability\":\"voltabsorb\",\"commanding\":false,\"reviving\":false,\"teraType\":\"Fairy\",\"terastallized\":\"\"},{\"ident\":\"p2: Revavroom\",\"details\":\"Revavroom, L79, M\",\"condition\":\"0 fnt\",\"active\":false,\"stats\":{\"atk\":234,\"def\":188,\"spa\":131,\"spd\":151,\"spe\":188},\"moves\":[\"shiftgear\",\"highhorsepower\",\"ironhead\",\"gunkshot\"],\"baseAbility\":\"filter\",\"item\":\"lifeorb\",\"pokeball\":\"pokeball\",\"ability\":\"filter\",\"commanding\":false,\"reviving\":false,\"teraType\":\"Ground\",\"terastallized\":\"\"},{\"ident\":\"p2: Cloyster\",\"details\":\"Cloyster, L80, F\",\"condition\":\"159/211\",\"active\":false,\"stats\":{\"atk\":198,\"def\":334,\"spa\":182,\"spd\":118,\"spe\":158},\"moves\":[\"shellsmash\",\"iciclespear\",\"rockblast\",\"hydropump\"],\"baseAbility\":\"skilllink\",\"item\":\"whiteherb\",\"pokeball\":\"pokeball\",\"ability\":\"skilllink\",\"commanding\":false,\"reviving\":false,\"teraType\":\"Rock\",\"terastallized\":\"\"}]},\"rqid\":25}\n|inactive|Time left: 300 sec this turn | 300 sec total\n|\n|t:|1783391980\n|move|p2a: Zarude|Power Whip|p1a: Urshifu\n|-damage|p1a: Urshifu|0 fnt\n|faint|p1a: Urshifu\n|\n|-heal|p2a: Zarude|270/288|[from] item: Leftovers\n|upkeep\n|request|{\"wait\":true,\"side\":{\"name\":\"p0y0670e25\",\"id\":\"p2\",\"pokemon\":[{\"ident\":\"p2: Zarude\",\"details\":\"Zarude, L77\",\"condition\":\"270/288\",\"active\":true,\"stats\":{\"atk\":229,\"def\":206,\"spa\":152,\"spd\":191,\"spe\":206},\"moves\":[\"knockoff\",\"swordsdance\",\"synthesis\",\"powerwhip\"],\"baseAbility\":\"leafguard\",\"item\":\"leftovers\",\"pokeball\":\"pokeball\",\"ability\":\"leafguard\",\"commanding\":false,\"reviving\":false,\"teraType\":\"Grass\",\"terastallized\":\"\"},{\"ident\":\"p2: Mudsdale\",\"details\":\"Mudsdale, L83, F\",\"condition\":\"0 fnt\",\"active\":false,\"stats\":{\"atk\":255,\"def\":214,\"spa\":139,\"spd\":189,\"spe\":106},\"moves\":[\"earthquake\",\"heavyslam\",\"stealthrock\",\"stoneedge\"],\"baseAbility\":\"stamina\",\"item\":\"leftovers\",\"pokeball\":\"pokeball\",\"ability\":\"stamina\",\"commanding\":false,\"reviving\":false,\"teraType\":\"Steel\",\"terastallized\":\"\"},{\"ident\":\"p2: Regieleki\",\"details\":\"Regieleki, L79\",\"condition\":\"256/256\",\"active\":false,\"stats\":{\"atk\":204,\"def\":125,\"spa\":204,\"spd\":125,\"spe\":362},\"moves\":[\"explosion\",\"thunderbolt\",\"rapidspin\",\"voltswitch\"],\"baseAbility\":\"transistor\",\"item\":\"magnet\",\"pokeball\":\"pokeball\",\"ability\":\"transistor\",\"commanding\":false,\"reviving\":false,\"teraType\":\"Electric\",\"terastallized\":\"\"},{\"ident\":\"p2: Minun\",\"details\":\"Minun, L95, M\",\"condition\":\"268/268\",\"active\":false,\"stats\":{\"atk\":81,\"def\":149,\"spa\":196,\"spd\":215,\"spe\":234},\"moves\":[\"thunderbolt\",\"encore\",\"nastyplot\",\"alluringvoice\"],\"baseAbility\":\"voltabsorb\",\"item\":\"lifeorb\",\"pokeball\":\"pokeball\",\"ability\":\"voltabsorb\",\"commanding\":false,\"reviving\":false,\"teraType\":\"Fairy\",\"terastallized\":\"\"},{\"ident\":\"p2: Revavroom\",\"details\":\"Revavroom, L79, M\",\"condition\":\"0 fnt\",\"active\":false,\"stats\":{\"atk\":234,\"def\":188,\"spa\":131,\"spd\":151,\"spe\":188},\"moves\":[\"shiftgear\",\"highhorsepower\",\"ironhead\",\"gunkshot\"],\"baseAbility\":\"filter\",\"item\":\"lifeorb\",\"pokeball\":\"pokeball\",\"ability\":\"filter\",\"commanding\":false,\"reviving\":false,\"teraType\":\"Ground\",\"terastallized\":\"\"},{\"ident\":\"p2: Cloyster\",\"details\":\"Cloyster, L80, F\",\"condition\":\"159/211\",\"active\":false,\"stats\":{\"atk\":198,\"def\":334,\"spa\":182,\"spd\":118,\"spe\":158},\"moves\":[\"shellsmash\",\"iciclespear\",\"rockblast\",\"hydropump\"],\"baseAbility\":\"skilllink\",\"item\":\"whiteherb\",\"pokeball\":\"pokeball\",\"ability\":\"skilllink\",\"commanding\":false,\"reviving\":false,\"teraType\":\"Rock\",\"terastallized\":\"\"}]},\"rqid\":27}\n|\n|t:|1783391980\n|switch|p1a: Talonflame|Talonflame, L83, M|100/100\n|turn|11\n|request|{\"active\":[{\"moves\":[{\"move\":\"Knock Off\",\"id\":\"knockoff\",\"pp\":32,\"maxpp\":32,\"target\":\"normal\",\"disabled\":false},{\"move\":\"Swords Dance\",\"id\":\"swordsdance\",\"pp\":32,\"maxpp\":32,\"target\":\"self\",\"disabled\":false},{\"move\":\"Synthesis\",\"id\":\"synthesis\",\"pp\":8,\"maxpp\":8,\"target\":\"self\",\"disabled\":false},{\"move\":\"Power Whip\",\"id\":\"powerwhip\",\"pp\":15,\"maxpp\":16,\"target\":\"normal\",\"disabled\":false}],\"canTerastallize\":\"Grass\"}],\"side\":{\"name\":\"p0y0670e25\",\"id\":\"p2\",\"pokemon\":[{\"ident\":\"p2: Zarude\",\"details\":\"Zarude, L77\",\"condition\":\"270/288\",\"active\":true,\"stats\":{\"atk\":229,\"def\":206,\"spa\":152,\"spd\":191,\"spe\":206},\"moves\":[\"knockoff\",\"swordsdance\",\"synthesis\",\"powerwhip\"],\"baseAbility\":\"leafguard\",\"item\":\"leftovers\",\"pokeball\":\"pokeball\",\"ability\":\"leafguard\",\"commanding\":false,\"reviving\":false,\"teraType\":\"Grass\",\"terastallized\":\"\"},{\"ident\":\"p2: Mudsdale\",\"details\":\"Mudsdale, L83, F\",\"condition\":\"0 fnt\",\"active\":false,\"stats\":{\"atk\":255,\"def\":214,\"spa\":139,\"spd\":189,\"spe\":106},\"moves\":[\"earthquake\",\"heavyslam\",\"stealthrock\",\"stoneedge\"],\"baseAbility\":\"stamina\",\"item\":\"leftovers\",\"pokeball\":\"pokeball\",\"ability\":\"stamina\",\"commanding\":false,\"reviving\":false,\"teraType\":\"Steel\",\"terastallized\":\"\"},{\"ident\":\"p2: Regieleki\",\"details\":\"Regieleki, L79\",\"condition\":\"256/256\",\"active\":false,\"stats\":{\"atk\":204,\"def\":125,\"spa\":204,\"spd\":125,\"spe\":362},\"moves\":[\"explosion\",\"thunderbolt\",\"rapidspin\",\"voltswitch\"],\"baseAbility\":\"transistor\",\"item\":\"magnet\",\"pokeball\":\"pokeball\",\"ability\":\"transistor\",\"commanding\":false,\"reviving\":false,\"teraType\":\"Electric\",\"terastallized\":\"\"},{\"ident\":\"p2: Minun\",\"details\":\"Minun, L95, M\",\"condition\":\"268/268\",\"active\":false,\"stats\":{\"atk\":81,\"def\":149,\"spa\":196,\"spd\":215,\"spe\":234},\"moves\":[\"thunderbolt\",\"encore\",\"nastyplot\",\"alluringvoice\"],\"baseAbility\":\"voltabsorb\",\"item\":\"lifeorb\",\"pokeball\":\"pokeball\",\"ability\":\"voltabsorb\",\"commanding\":false,\"reviving\":false,\"teraType\":\"Fairy\",\"terastallized\":\"\"},{\"ident\":\"p2: Revavroom\",\"details\":\"Revavroom, L79, M\",\"condition\":\"0 fnt\",\"active\":false,\"stats\":{\"atk\":234,\"def\":188,\"spa\":131,\"spd\":151,\"spe\":188},\"moves\":[\"shiftgear\",\"highhorsepower\",\"ironhead\",\"gunkshot\"],\"baseAbility\":\"filter\",\"item\":\"lifeorb\",\"pokeball\":\"pokeball\",\"ability\":\"filter\",\"commanding\":false,\"reviving\":false,\"teraType\":\"Ground\",\"terastallized\":\"\"},{\"ident\":\"p2: Cloyster\",\"details\":\"Cloyster, L80, F\",\"condition\":\"159/211\",\"active\":false,\"stats\":{\"atk\":198,\"def\":334,\"spa\":182,\"spd\":118,\"spe\":158},\"moves\":[\"shellsmash\",\"iciclespear\",\"rockblast\",\"hydropump\"],\"baseAbility\":\"skilllink\",\"item\":\"whiteherb\",\"pokeball\":\"pokeball\",\"ability\":\"skilllink\",\"commanding\":false,\"reviving\":false,\"teraType\":\"Rock\",\"terastallized\":\"\"}]},\"rqid\":29}\n|inactive|Time left: 300 sec this turn | 300 sec total\n|\n|t:|1783391981\n|move|p1a: Talonflame|Swords Dance|p1a: Talonflame\n|-boost|p1a: Talonflame|atk|2\n|move|p2a: Zarude|Knock Off|p1a: Talonflame\n|-damage|p1a: Talonflame|58/100\n|-enditem|p1a: Talonflame|Heavy-Duty Boots|[from] move: Knock Off|[of] p2a: Zarude\n|\n|-heal|p2a: Zarude|288/288|[from] item: Leftovers\n|upkeep\n|turn|12\n|request|{\"active\":[{\"moves\":[{\"move\":\"Knock Off\",\"id\":\"knockoff\",\"pp\":31,\"maxpp\":32,\"target\":\"normal\",\"disabled\":false},{\"move\":\"Swords Dance\",\"id\":\"swordsdance\",\"pp\":32,\"maxpp\":32,\"target\":\"self\",\"disabled\":false},{\"move\":\"Synthesis\",\"id\":\"synthesis\",\"pp\":8,\"maxpp\":8,\"target\":\"self\",\"disabled\":false},{\"move\":\"Power Whip\",\"id\":\"powerwhip\",\"pp\":15,\"maxpp\":16,\"target\":\"normal\",\"disabled\":false}],\"canTerastallize\":\"Grass\"}],\"side\":{\"name\":\"p0y0670e25\",\"id\":\"p2\",\"pokemon\":[{\"ident\":\"p2: Zarude\",\"details\":\"Zarude, L77\",\"condition\":\"288/288\",\"active\":true,\"stats\":{\"atk\":229,\"def\":206,\"spa\":152,\"spd\":191,\"spe\":206},\"moves\":[\"knockoff\",\"swordsdance\",\"synthesis\",\"powerwhip\"],\"baseAbility\":\"leafguard\",\"item\":\"leftovers\",\"pokeball\":\"pokeball\",\"ability\":\"leafguard\",\"commanding\":false,\"reviving\":false,\"teraType\":\"Grass\",\"terastallized\":\"\"},{\"ident\":\"p2: Mudsdale\",\"details\":\"Mudsdale, L83, F\",\"condition\":\"0 fnt\",\"active\":false,\"stats\":{\"atk\":255,\"def\":214,\"spa\":139,\"spd\":189,\"spe\":106},\"moves\":[\"earthquake\",\"heavyslam\",\"stealthrock\",\"stoneedge\"],\"baseAbility\":\"stamina\",\"item\":\"leftovers\",\"pokeball\":\"pokeball\",\"ability\":\"stamina\",\"commanding\":false,\"reviving\":false,\"teraType\":\"Steel\",\"terastallized\":\"\"},{\"ident\":\"p2: Regieleki\",\"details\":\"Regieleki, L79\",\"condition\":\"256/256\",\"active\":false,\"stats\":{\"atk\":204,\"def\":125,\"spa\":204,\"spd\":125,\"spe\":362},\"moves\":[\"explosion\",\"thunderbolt\",\"rapidspin\",\"voltswitch\"],\"baseAbility\":\"transistor\",\"item\":\"magnet\",\"pokeball\":\"pokeball\",\"ability\":\"transistor\",\"commanding\":false,\"reviving\":false,\"teraType\":\"Electric\",\"terastallized\":\"\"},{\"ident\":\"p2: Minun\",\"details\":\"Minun, L95, M\",\"condition\":\"268/268\",\"active\":false,\"stats\":{\"atk\":81,\"def\":149,\"spa\":196,\"spd\":215,\"spe\":234},\"moves\":[\"thunderbolt\",\"encore\",\"nastyplot\",\"alluringvoice\"],\"baseAbility\":\"voltabsorb\",\"item\":\"lifeorb\",\"pokeball\":\"pokeball\",\"ability\":\"voltabsorb\",\"commanding\":false,\"reviving\":false,\"teraType\":\"Fairy\",\"terastallized\":\"\"},{\"ident\":\"p2: Revavroom\",\"details\":\"Revavroom, L79, M\",\"condition\":\"0 fnt\",\"active\":false,\"stats\":{\"atk\":234,\"def\":188,\"spa\":131,\"spd\":151,\"spe\":188},\"moves\":[\"shiftgear\",\"highhorsepower\",\"ironhead\",\"gunkshot\"],\"baseAbility\":\"filter\",\"item\":\"lifeorb\",\"pokeball\":\"pokeball\",\"ability\":\"filter\",\"commanding\":false,\"reviving\":false,\"teraType\":\"Ground\",\"terastallized\":\"\"},{\"ident\":\"p2: Cloyster\",\"details\":\"Cloyster, L80, F\",\"condition\":\"159/211\",\"active\":false,\"stats\":{\"atk\":198,\"def\":334,\"spa\":182,\"spd\":118,\"spe\":158},\"moves\":[\"shellsmash\",\"iciclespear\",\"rockblast\",\"hydropump\"],\"baseAbility\":\"skilllink\",\"item\":\"whiteherb\",\"pokeball\":\"pokeball\",\"ability\":\"skilllink\",\"commanding\":false,\"reviving\":false,\"teraType\":\"Rock\",\"terastallized\":\"\"}]},\"rqid\":31}\n|inactive|Time left: 300 sec this turn | 300 sec total\n|\n|t:|1783391981\n|switch|p2a: Regieleki|Regieleki, L79|256/256\n|-damage|p2a: Regieleki|224/256|[from] Stealth Rock\n|move|p1a: Talonflame|Brave Bird|p2a: Regieleki\n|-resisted|p2a: Regieleki\n|-damage|p2a: Regieleki|50/256\n|-damage|p1a: Talonflame|37/100|[from] Recoil\n|\n|upkeep\n|turn|13\n|request|{\"active\":[{\"moves\":[{\"move\":\"Explosion\",\"id\":\"explosion\",\"pp\":8,\"maxpp\":8,\"target\":\"allAdjacent\",\"disabled\":false},{\"move\":\"Thunderbolt\",\"id\":\"thunderbolt\",\"pp\":24,\"maxpp\":24,\"target\":\"normal\",\"disabled\":false},{\"move\":\"Rapid Spin\",\"id\":\"rapidspin\",\"pp\":64,\"maxpp\":64,\"target\":\"normal\",\"disabled\":false},{\"move\":\"Volt Switch\",\"id\":\"voltswitch\",\"pp\":32,\"maxpp\":32,\"target\":\"normal\",\"disabled\":false}],\"canTerastallize\":\"Electric\"}],\"side\":{\"name\":\"p0y0670e25\",\"id\":\"p2\",\"pokemon\":[{\"ident\":\"p2: Regieleki\",\"details\":\"Regieleki, L79\",\"condition\":\"50/256\",\"active\":true,\"stats\":{\"atk\":204,\"def\":125,\"spa\":204,\"spd\":125,\"spe\":362},\"moves\":[\"explosion\",\"thunderbolt\",\"rapidspin\",\"voltswitch\"],\"baseAbility\":\"transistor\",\"item\":\"magnet\",\"pokeball\":\"pokeball\",\"ability\":\"transistor\",\"commanding\":false,\"reviving\":false,\"teraType\":\"Electric\",\"terastallized\":\"\"},{\"ident\":\"p2: Mudsdale\",\"details\":\"Mudsdale, L83, F\",\"condition\":\"0 fnt\",\"active\":false,\"stats\":{\"atk\":255,\"def\":214,\"spa\":139,\"spd\":189,\"spe\":106},\"moves\":[\"earthquake\",\"heavyslam\",\"stealthrock\",\"stoneedge\"],\"baseAbility\":\"stamina\",\"item\":\"leftovers\",\"pokeball\":\"pokeball\",\"ability\":\"stamina\",\"commanding\":false,\"reviving\":false,\"teraType\":\"Steel\",\"terastallized\":\"\"},{\"ident\":\"p2: Zarude\",\"details\":\"Zarude, L77\",\"condition\":\"288/288\",\"active\":false,\"stats\":{\"atk\":229,\"def\":206,\"spa\":152,\"spd\":191,\"spe\":206},\"moves\":[\"knockoff\",\"swordsdance\",\"synthesis\",\"powerwhip\"],\"baseAbility\":\"leafguard\",\"item\":\"leftovers\",\"pokeball\":\"pokeball\",\"ability\":\"leafguard\",\"commanding\":false,\"reviving\":false,\"teraType\":\"Grass\",\"terastallized\":\"\"},{\"ident\":\"p2: Minun\",\"details\":\"Minun, L95, M\",\"condition\":\"268/268\",\"active\":false,\"stats\":{\"atk\":81,\"def\":149,\"spa\":196,\"spd\":215,\"spe\":234},\"moves\":[\"thunderbolt\",\"encore\",\"nastyplot\",\"alluringvoice\"],\"baseAbility\":\"voltabsorb\",\"item\":\"lifeorb\",\"pokeball\":\"pokeball\",\"ability\":\"voltabsorb\",\"commanding\":false,\"reviving\":false,\"teraType\":\"Fairy\",\"terastallized\":\"\"},{\"ident\":\"p2: Revavroom\",\"details\":\"Revavroom, L79, M\",\"condition\":\"0 fnt\",\"active\":false,\"stats\":{\"atk\":234,\"def\":188,\"spa\":131,\"spd\":151,\"spe\":188},\"moves\":[\"shiftgear\",\"highhorsepower\",\"ironhead\",\"gunkshot\"],\"baseAbility\":\"filter\",\"item\":\"lifeorb\",\"pokeball\":\"pokeball\",\"ability\":\"filter\",\"commanding\":false,\"reviving\":false,\"teraType\":\"Ground\",\"terastallized\":\"\"},{\"ident\":\"p2: Cloyster\",\"details\":\"Cloyster, L80, F\",\"condition\":\"159/211\",\"active\":false,\"stats\":{\"atk\":198,\"def\":334,\"spa\":182,\"spd\":118,\"spe\":158},\"moves\":[\"shellsmash\",\"iciclespear\",\"rockblast\",\"hydropump\"],\"baseAbility\":\"skilllink\",\"item\":\"whiteherb\",\"pokeball\":\"pokeball\",\"ability\":\"skilllink\",\"commanding\":false,\"reviving\":false,\"teraType\":\"Rock\",\"terastallized\":\"\"}]},\"rqid\":33}\n|inactive|Time left: 300 sec this turn | 300 sec total\n|\n|t:|1783391981\n|move|p2a: Regieleki|Explosion|p1a: Talonflame\n|-damage|p1a: Talonflame|0 fnt\n|faint|p2a: Regieleki\n|faint|p1a: Talonflame\n|\n|upkeep\n|request|{\"forceSwitch\":[true],\"side\":{\"name\":\"p0y0670e25\",\"id\":\"p2\",\"pokemon\":[{\"ident\":\"p2: Regieleki\",\"details\":\"Regieleki, L79\",\"condition\":\"0 fnt\",\"active\":true,\"stats\":{\"atk\":204,\"def\":125,\"spa\":204,\"spd\":125,\"spe\":362},\"moves\":[\"explosion\",\"thunderbolt\",\"rapidspin\",\"voltswitch\"],\"baseAbility\":\"transistor\",\"item\":\"magnet\",\"pokeball\":\"pokeball\",\"ability\":\"transistor\",\"commanding\":false,\"reviving\":false,\"teraType\":\"Electric\",\"terastallized\":\"\"},{\"ident\":\"p2: Mudsdale\",\"details\":\"Mudsdale, L83, F\",\"condition\":\"0 fnt\",\"active\":false,\"stats\":{\"atk\":255,\"def\":214,\"spa\":139,\"spd\":189,\"spe\":106},\"moves\":[\"earthquake\",\"heavyslam\",\"stealthrock\",\"stoneedge\"],\"baseAbility\":\"stamina\",\"item\":\"leftovers\",\"pokeball\":\"pokeball\",\"ability\":\"stamina\",\"commanding\":false,\"reviving\":false,\"teraType\":\"Steel\",\"terastallized\":\"\"},{\"ident\":\"p2: Zarude\",\"details\":\"Zarude, L77\",\"condition\":\"288/288\",\"active\":false,\"stats\":{\"atk\":229,\"def\":206,\"spa\":152,\"spd\":191,\"spe\":206},\"moves\":[\"knockoff\",\"swordsdance\",\"synthesis\",\"powerwhip\"],\"baseAbility\":\"leafguard\",\"item\":\"leftovers\",\"pokeball\":\"pokeball\",\"ability\":\"leafguard\",\"commanding\":false,\"reviving\":false,\"teraType\":\"Grass\",\"terastallized\":\"\"},{\"ident\":\"p2: Minun\",\"details\":\"Minun, L95, M\",\"condition\":\"268/268\",\"active\":false,\"stats\":{\"atk\":81,\"def\":149,\"spa\":196,\"spd\":215,\"spe\":234},\"moves\":[\"thunderbolt\",\"encore\",\"nastyplot\",\"alluringvoice\"],\"baseAbility\":\"voltabsorb\",\"item\":\"lifeorb\",\"pokeball\":\"pokeball\",\"ability\":\"voltabsorb\",\"commanding\":false,\"reviving\":false,\"teraType\":\"Fairy\",\"terastallized\":\"\"},{\"ident\":\"p2: Revavroom\",\"details\":\"Revavroom, L79, M\",\"condition\":\"0 fnt\",\"active\":false,\"stats\":{\"atk\":234,\"def\":188,\"spa\":131,\"spd\":151,\"spe\":188},\"moves\":[\"shiftgear\",\"highhorsepower\",\"ironhead\",\"gunkshot\"],\"baseAbility\":\"filter\",\"item\":\"lifeorb\",\"pokeball\":\"pokeball\",\"ability\":\"filter\",\"commanding\":false,\"reviving\":false,\"teraType\":\"Ground\",\"terastallized\":\"\"},{\"ident\":\"p2: Cloyster\",\"details\":\"Cloyster, L80, F\",\"condition\":\"159/211\",\"active\":false,\"stats\":{\"atk\":198,\"def\":334,\"spa\":182,\"spd\":118,\"spe\":158},\"moves\":[\"shellsmash\",\"iciclespear\",\"rockblast\",\"hydropump\"],\"baseAbility\":\"skilllink\",\"item\":\"whiteherb\",\"pokeball\":\"pokeball\",\"ability\":\"skilllink\",\"commanding\":false,\"reviving\":false,\"teraType\":\"Rock\",\"terastallized\":\"\"}]},\"rqid\":35}\n|inactive|Time left: 300 sec this turn | 300 sec total | 5 sec grace\n|\n|t:|1783391981\n|switch|p2a: Zarude|Zarude, L77|288/288\n|switch|p1a: Munkidori|Munkidori, L79, M|100/100\n|-damage|p1a: Munkidori|88/100|[from] Stealth Rock\n|-damage|p2a: Zarude|252/288|[from] Stealth Rock\n|turn|14\n|request|{\"active\":[{\"moves\":[{\"move\":\"Knock Off\",\"id\":\"knockoff\",\"pp\":31,\"maxpp\":32,\"target\":\"normal\",\"disabled\":false},{\"move\":\"Swords Dance\",\"id\":\"swordsdance\",\"pp\":32,\"maxpp\":32,\"target\":\"self\",\"disabled\":false},{\"move\":\"Synthesis\",\"id\":\"synthesis\",\"pp\":8,\"maxpp\":8,\"target\":\"self\",\"disabled\":false},{\"move\":\"Power Whip\",\"id\":\"powerwhip\",\"pp\":15,\"maxpp\":16,\"target\":\"normal\",\"disabled\":false}],\"canTerastallize\":\"Grass\"}],\"side\":{\"name\":\"p0y0670e25\",\"id\":\"p2\",\"pokemon\":[{\"ident\":\"p2: Zarude\",\"details\":\"Zarude, L77\",\"condition\":\"252/288\",\"active\":true,\"stats\":{\"atk\":229,\"def\":206,\"spa\":152,\"spd\":191,\"spe\":206},\"moves\":[\"knockoff\",\"swordsdance\",\"synthesis\",\"powerwhip\"],\"baseAbility\":\"leafguard\",\"item\":\"leftovers\",\"pokeball\":\"pokeball\",\"ability\":\"leafguard\",\"commanding\":false,\"reviving\":false,\"teraType\":\"Grass\",\"terastallized\":\"\"},{\"ident\":\"p2: Mudsdale\",\"details\":\"Mudsdale, L83, F\",\"condition\":\"0 fnt\",\"active\":false,\"stats\":{\"atk\":255,\"def\":214,\"spa\":139,\"spd\":189,\"spe\":106},\"moves\":[\"earthquake\",\"heavyslam\",\"stealthrock\",\"stoneedge\"],\"baseAbility\":\"stamina\",\"item\":\"leftovers\",\"pokeball\":\"pokeball\",\"ability\":\"stamina\",\"commanding\":false,\"reviving\":false,\"teraType\":\"Steel\",\"terastallized\":\"\"},{\"ident\":\"p2: Regieleki\",\"details\":\"Regieleki, L79\",\"condition\":\"0 fnt\",\"active\":false,\"stats\":{\"atk\":204,\"def\":125,\"spa\":204,\"spd\":125,\"spe\":362},\"moves\":[\"explosion\",\"thunderbolt\",\"rapidspin\",\"voltswitch\"],\"baseAbility\":\"transistor\",\"item\":\"magnet\",\"pokeball\":\"pokeball\",\"ability\":\"transistor\",\"commanding\":false,\"reviving\":false,\"teraType\":\"Electric\",\"terastallized\":\"\"},{\"ident\":\"p2: Minun\",\"details\":\"Minun, L95, M\",\"condition\":\"268/268\",\"active\":false,\"stats\":{\"atk\":81,\"def\":149,\"spa\":196,\"spd\":215,\"spe\":234},\"moves\":[\"thunderbolt\",\"encore\",\"nastyplot\",\"alluringvoice\"],\"baseAbility\":\"voltabsorb\",\"item\":\"lifeorb\",\"pokeball\":\"pokeball\",\"ability\":\"voltabsorb\",\"commanding\":false,\"reviving\":false,\"teraType\":\"Fairy\",\"terastallized\":\"\"},{\"ident\":\"p2: Revavroom\",\"details\":\"Revavroom, L79, M\",\"condition\":\"0 fnt\",\"active\":false,\"stats\":{\"atk\":234,\"def\":188,\"spa\":131,\"spd\":151,\"spe\":188},\"moves\":[\"shiftgear\",\"highhorsepower\",\"ironhead\",\"gunkshot\"],\"baseAbility\":\"filter\",\"item\":\"lifeorb\",\"pokeball\":\"pokeball\",\"ability\":\"filter\",\"commanding\":false,\"reviving\":false,\"teraType\":\"Ground\",\"terastallized\":\"\"},{\"ident\":\"p2: Cloyster\",\"details\":\"Cloyster, L80, F\",\"condition\":\"159/211\",\"active\":false,\"stats\":{\"atk\":198,\"def\":334,\"spa\":182,\"spd\":118,\"spe\":158},\"moves\":[\"shellsmash\",\"iciclespear\",\"rockblast\",\"hydropump\"],\"baseAbility\":\"skilllink\",\"item\":\"whiteherb\",\"pokeball\":\"pokeball\",\"ability\":\"skilllink\",\"commanding\":false,\"reviving\":false,\"teraType\":\"Rock\",\"terastallized\":\"\"}]},\"rqid\":37}\n|inactive|Time left: 300 sec this turn | 300 sec total\n|\n|t:|1783391982\n|-terastallize|p1a: Munkidori|Dark\n|move|p1a: Munkidori|Sludge Wave|p2a: Zarude\n|-supereffective|p2a: Zarude\n|-damage|p2a: Zarude|34/288\n|move|p2a: Zarude|Knock Off|p1a: Munkidori\n|-resisted|p1a: Munkidori\n|-damage|p1a: Munkidori|61/100\n|-enditem|p1a: Munkidori|Assault Vest|[from] move: Knock Off|[of] p2a: Zarude\n|\n|-heal|p2a: Zarude|52/288|[from] item: Leftovers\n|upkeep\n|turn|15\n|request|{\"active\":[{\"moves\":[{\"move\":\"Knock Off\",\"id\":\"knockoff\",\"pp\":30,\"maxpp\":32,\"target\":\"normal\",\"disabled\":false},{\"move\":\"Swords Dance\",\"id\":\"swordsdance\",\"pp\":32,\"maxpp\":32,\"target\":\"self\",\"disabled\":false},{\"move\":\"Synthesis\",\"id\":\"synthesis\",\"pp\":8,\"maxpp\":8,\"target\":\"self\",\"disabled\":false},{\"move\":\"Power Whip\",\"id\":\"powerwhip\",\"pp\":15,\"maxpp\":16,\"target\":\"normal\",\"disabled\":false}],\"canTerastallize\":\"Grass\"}],\"side\":{\"name\":\"p0y0670e25\",\"id\":\"p2\",\"pokemon\":[{\"ident\":\"p2: Zarude\",\"details\":\"Zarude, L77\",\"condition\":\"52/288\",\"active\":true,\"stats\":{\"atk\":229,\"def\":206,\"spa\":152,\"spd\":191,\"spe\":206},\"moves\":[\"knockoff\",\"swordsdance\",\"synthesis\",\"powerwhip\"],\"baseAbility\":\"leafguard\",\"item\":\"leftovers\",\"pokeball\":\"pokeball\",\"ability\":\"leafguard\",\"commanding\":false,\"reviving\":false,\"teraType\":\"Grass\",\"terastallized\":\"\"},{\"ident\":\"p2: Mudsdale\",\"details\":\"Mudsdale, L83, F\",\"condition\":\"0 fnt\",\"active\":false,\"stats\":{\"atk\":255,\"def\":214,\"spa\":139,\"spd\":189,\"spe\":106},\"moves\":[\"earthquake\",\"heavyslam\",\"stealthrock\",\"stoneedge\"],\"baseAbility\":\"stamina\",\"item\":\"leftovers\",\"pokeball\":\"pokeball\",\"ability\":\"stamina\",\"commanding\":false,\"reviving\":false,\"teraType\":\"Steel\",\"terastallized\":\"\"},{\"ident\":\"p2: Regieleki\",\"details\":\"Regieleki, L79\",\"condition\":\"0 fnt\",\"active\":false,\"stats\":{\"atk\":204,\"def\":125,\"spa\":204,\"spd\":125,\"spe\":362},\"moves\":[\"explosion\",\"thunderbolt\",\"rapidspin\",\"voltswitch\"],\"baseAbility\":\"transistor\",\"item\":\"magnet\",\"pokeball\":\"pokeball\",\"ability\":\"transistor\",\"commanding\":false,\"reviving\":false,\"teraType\":\"Electric\",\"terastallized\":\"\"},{\"ident\":\"p2: Minun\",\"details\":\"Minun, L95, M\",\"condition\":\"268/268\",\"active\":false,\"stats\":{\"atk\":81,\"def\":149,\"spa\":196,\"spd\":215,\"spe\":234},\"moves\":[\"thunderbolt\",\"encore\",\"nastyplot\",\"alluringvoice\"],\"baseAbility\":\"voltabsorb\",\"item\":\"lifeorb\",\"pokeball\":\"pokeball\",\"ability\":\"voltabsorb\",\"commanding\":false,\"reviving\":false,\"teraType\":\"Fairy\",\"terastallized\":\"\"},{\"ident\":\"p2: Revavroom\",\"details\":\"Revavroom, L79, M\",\"condition\":\"0 fnt\",\"active\":false,\"stats\":{\"atk\":234,\"def\":188,\"spa\":131,\"spd\":151,\"spe\":188},\"moves\":[\"shiftgear\",\"highhorsepower\",\"ironhead\",\"gunkshot\"],\"baseAbility\":\"filter\",\"item\":\"lifeorb\",\"pokeball\":\"pokeball\",\"ability\":\"filter\",\"commanding\":false,\"reviving\":false,\"teraType\":\"Ground\",\"terastallized\":\"\"},{\"ident\":\"p2: Cloyster\",\"details\":\"Cloyster, L80, F\",\"condition\":\"159/211\",\"active\":false,\"stats\":{\"atk\":198,\"def\":334,\"spa\":182,\"spd\":118,\"spe\":158},\"moves\":[\"shellsmash\",\"iciclespear\",\"rockblast\",\"hydropump\"],\"baseAbility\":\"skilllink\",\"item\":\"whiteherb\",\"pokeball\":\"pokeball\",\"ability\":\"skilllink\",\"commanding\":false,\"reviving\":false,\"teraType\":\"Rock\",\"terastallized\":\"\"}]},\"rqid\":39}\n|inactive|Time left: 300 sec this turn | 300 sec total\n|\n|t:|1783391982\n|move|p1a: Munkidori|Sludge Wave|p2a: Zarude\n|-supereffective|p2a: Zarude\n|-damage|p2a: Zarude|0 fnt\n|faint|p2a: Zarude\n|\n|upkeep\n|request|{\"forceSwitch\":[true],\"side\":{\"name\":\"p0y0670e25\",\"id\":\"p2\",\"pokemon\":[{\"ident\":\"p2: Zarude\",\"details\":\"Zarude, L77\",\"condition\":\"0 fnt\",\"active\":true,\"stats\":{\"atk\":229,\"def\":206,\"spa\":152,\"spd\":191,\"spe\":206},\"moves\":[\"knockoff\",\"swordsdance\",\"synthesis\",\"powerwhip\"],\"baseAbility\":\"leafguard\",\"item\":\"leftovers\",\"pokeball\":\"pokeball\",\"ability\":\"leafguard\",\"commanding\":false,\"reviving\":false,\"teraType\":\"Grass\",\"terastallized\":\"\"},{\"ident\":\"p2: Mudsdale\",\"details\":\"Mudsdale, L83, F\",\"condition\":\"0 fnt\",\"active\":false,\"stats\":{\"atk\":255,\"def\":214,\"spa\":139,\"spd\":189,\"spe\":106},\"moves\":[\"earthquake\",\"heavyslam\",\"stealthrock\",\"stoneedge\"],\"baseAbility\":\"stamina\",\"item\":\"leftovers\",\"pokeball\":\"pokeball\",\"ability\":\"stamina\",\"commanding\":false,\"reviving\":false,\"teraType\":\"Steel\",\"terastallized\":\"\"},{\"ident\":\"p2: Regieleki\",\"details\":\"Regieleki, L79\",\"condition\":\"0 fnt\",\"active\":false,\"stats\":{\"atk\":204,\"def\":125,\"spa\":204,\"spd\":125,\"spe\":362},\"moves\":[\"explosion\",\"thunderbolt\",\"rapidspin\",\"voltswitch\"],\"baseAbility\":\"transistor\",\"item\":\"magnet\",\"pokeball\":\"pokeball\",\"ability\":\"transistor\",\"commanding\":false,\"reviving\":false,\"teraType\":\"Electric\",\"terastallized\":\"\"},{\"ident\":\"p2: Minun\",\"details\":\"Minun, L95, M\",\"condition\":\"268/268\",\"active\":false,\"stats\":{\"atk\":81,\"def\":149,\"spa\":196,\"spd\":215,\"spe\":234},\"moves\":[\"thunderbolt\",\"encore\",\"nastyplot\",\"alluringvoice\"],\"baseAbility\":\"voltabsorb\",\"item\":\"lifeorb\",\"pokeball\":\"pokeball\",\"ability\":\"voltabsorb\",\"commanding\":false,\"reviving\":false,\"teraType\":\"Fairy\",\"terastallized\":\"\"},{\"ident\":\"p2: Revavroom\",\"details\":\"Revavroom, L79, M\",\"condition\":\"0 fnt\",\"active\":false,\"stats\":{\"atk\":234,\"def\":188,\"spa\":131,\"spd\":151,\"spe\":188},\"moves\":[\"shiftgear\",\"highhorsepower\",\"ironhead\",\"gunkshot\"],\"baseAbility\":\"filter\",\"item\":\"lifeorb\",\"pokeball\":\"pokeball\",\"ability\":\"filter\",\"commanding\":false,\"reviving\":false,\"teraType\":\"Ground\",\"terastallized\":\"\"},{\"ident\":\"p2: Cloyster\",\"details\":\"Cloyster, L80, F\",\"condition\":\"159/211\",\"active\":false,\"stats\":{\"atk\":198,\"def\":334,\"spa\":182,\"spd\":118,\"spe\":158},\"moves\":[\"shellsmash\",\"iciclespear\",\"rockblast\",\"hydropump\"],\"baseAbility\":\"skilllink\",\"item\":\"whiteherb\",\"pokeball\":\"pokeball\",\"ability\":\"skilllink\",\"commanding\":false,\"reviving\":false,\"teraType\":\"Rock\",\"terastallized\":\"\"}]},\"noCancel\":true,\"rqid\":41}\n|inactive|Time left: 300 sec this turn | 300 sec total | 5 sec grace\n|\n|t:|1783391982\n|switch|p2a: Minun|Minun, L95, M|268/268\n|-damage|p2a: Minun|235/268|[from] Stealth Rock\n|turn|16\n|request|{\"active\":[{\"moves\":[{\"move\":\"Thunderbolt\",\"id\":\"thunderbolt\",\"pp\":24,\"maxpp\":24,\"target\":\"normal\",\"disabled\":false},{\"move\":\"Encore\",\"id\":\"encore\",\"pp\":8,\"maxpp\":8,\"target\":\"normal\",\"disabled\":false},{\"move\":\"Nasty Plot\",\"id\":\"nastyplot\",\"pp\":32,\"maxpp\":32,\"target\":\"self\",\"disabled\":false},{\"move\":\"Alluring Voice\",\"id\":\"alluringvoice\",\"pp\":16,\"maxpp\":16,\"target\":\"normal\",\"disabled\":false}],\"canTerastallize\":\"Fairy\"}],\"side\":{\"name\":\"p0y0670e25\",\"id\":\"p2\",\"pokemon\":[{\"ident\":\"p2: Minun\",\"details\":\"Minun, L95, M\",\"condition\":\"235/268\",\"active\":true,\"stats\":{\"atk\":81,\"def\":149,\"spa\":196,\"spd\":215,\"spe\":234},\"moves\":[\"thunderbolt\",\"encore\",\"nastyplot\",\"alluringvoice\"],\"baseAbility\":\"voltabsorb\",\"item\":\"lifeorb\",\"pokeball\":\"pokeball\",\"ability\":\"voltabsorb\",\"commanding\":false,\"reviving\":false,\"teraType\":\"Fairy\",\"terastallized\":\"\"},{\"ident\":\"p2: Mudsdale\",\"details\":\"Mudsdale, L83, F\",\"condition\":\"0 fnt\",\"active\":false,\"stats\":{\"atk\":255,\"def\":214,\"spa\":139,\"spd\":189,\"spe\":106},\"moves\":[\"earthquake\",\"heavyslam\",\"stealthrock\",\"stoneedge\"],\"baseAbility\":\"stamina\",\"item\":\"leftovers\",\"pokeball\":\"pokeball\",\"ability\":\"stamina\",\"commanding\":false,\"reviving\":false,\"teraType\":\"Steel\",\"terastallized\":\"\"},{\"ident\":\"p2: Regieleki\",\"details\":\"Regieleki, L79\",\"condition\":\"0 fnt\",\"active\":false,\"stats\":{\"atk\":204,\"def\":125,\"spa\":204,\"spd\":125,\"spe\":362},\"moves\":[\"explosion\",\"thunderbolt\",\"rapidspin\",\"voltswitch\"],\"baseAbility\":\"transistor\",\"item\":\"magnet\",\"pokeball\":\"pokeball\",\"ability\":\"transistor\",\"commanding\":false,\"reviving\":false,\"teraType\":\"Electric\",\"terastallized\":\"\"},{\"ident\":\"p2: Zarude\",\"details\":\"Zarude, L77\",\"condition\":\"0 fnt\",\"active\":false,\"stats\":{\"atk\":229,\"def\":206,\"spa\":152,\"spd\":191,\"spe\":206},\"moves\":[\"knockoff\",\"swordsdance\",\"synthesis\",\"powerwhip\"],\"baseAbility\":\"leafguard\",\"item\":\"leftovers\",\"pokeball\":\"pokeball\",\"ability\":\"leafguard\",\"commanding\":false,\"reviving\":false,\"teraType\":\"Grass\",\"terastallized\":\"\"},{\"ident\":\"p2: Revavroom\",\"details\":\"Revavroom, L79, M\",\"condition\":\"0 fnt\",\"active\":false,\"stats\":{\"atk\":234,\"def\":188,\"spa\":131,\"spd\":151,\"spe\":188},\"moves\":[\"shiftgear\",\"highhorsepower\",\"ironhead\",\"gunkshot\"],\"baseAbility\":\"filter\",\"item\":\"lifeorb\",\"pokeball\":\"pokeball\",\"ability\":\"filter\",\"commanding\":false,\"reviving\":false,\"teraType\":\"Ground\",\"terastallized\":\"\"},{\"ident\":\"p2: Cloyster\",\"details\":\"Cloyster, L80, F\",\"condition\":\"159/211\",\"active\":false,\"stats\":{\"atk\":198,\"def\":334,\"spa\":182,\"spd\":118,\"spe\":158},\"moves\":[\"shellsmash\",\"iciclespear\",\"rockblast\",\"hydropump\"],\"baseAbility\":\"skilllink\",\"item\":\"whiteherb\",\"pokeball\":\"pokeball\",\"ability\":\"skilllink\",\"commanding\":false,\"reviving\":false,\"teraType\":\"Rock\",\"terastallized\":\"\"}]},\"rqid\":43}\n|inactive|Time left: 300 sec this turn | 300 sec total\n|\n|t:|1783391982\n|move|p2a: Minun|Nasty Plot|p2a: Minun\n|-boost|p2a: Minun|spa|2\n|move|p1a: Munkidori|U-turn|p2a: Minun\n|-damage|p2a: Minun|188/268\n|request|{\"wait\":true,\"side\":{\"name\":\"p0y0670e25\",\"id\":\"p2\",\"pokemon\":[{\"ident\":\"p2: Minun\",\"details\":\"Minun, L95, M\",\"condition\":\"188/268\",\"active\":true,\"stats\":{\"atk\":81,\"def\":149,\"spa\":196,\"spd\":215,\"spe\":234},\"moves\":[\"thunderbolt\",\"encore\",\"nastyplot\",\"alluringvoice\"],\"baseAbility\":\"voltabsorb\",\"item\":\"lifeorb\",\"pokeball\":\"pokeball\",\"ability\":\"voltabsorb\",\"commanding\":false,\"reviving\":false,\"teraType\":\"Fairy\",\"terastallized\":\"\"},{\"ident\":\"p2: Mudsdale\",\"details\":\"Mudsdale, L83, F\",\"condition\":\"0 fnt\",\"active\":false,\"stats\":{\"atk\":255,\"def\":214,\"spa\":139,\"spd\":189,\"spe\":106},\"moves\":[\"earthquake\",\"heavyslam\",\"stealthrock\",\"stoneedge\"],\"baseAbility\":\"stamina\",\"item\":\"leftovers\",\"pokeball\":\"pokeball\",\"ability\":\"stamina\",\"commanding\":false,\"reviving\":false,\"teraType\":\"Steel\",\"terastallized\":\"\"},{\"ident\":\"p2: Regieleki\",\"details\":\"Regieleki, L79\",\"condition\":\"0 fnt\",\"active\":false,\"stats\":{\"atk\":204,\"def\":125,\"spa\":204,\"spd\":125,\"spe\":362},\"moves\":[\"explosion\",\"thunderbolt\",\"rapidspin\",\"voltswitch\"],\"baseAbility\":\"transistor\",\"item\":\"magnet\",\"pokeball\":\"pokeball\",\"ability\":\"transistor\",\"commanding\":false,\"reviving\":false,\"teraType\":\"Electric\",\"terastallized\":\"\"},{\"ident\":\"p2: Zarude\",\"details\":\"Zarude, L77\",\"condition\":\"0 fnt\",\"active\":false,\"stats\":{\"atk\":229,\"def\":206,\"spa\":152,\"spd\":191,\"spe\":206},\"moves\":[\"knockoff\",\"swordsdance\",\"synthesis\",\"powerwhip\"],\"baseAbility\":\"leafguard\",\"item\":\"leftovers\",\"pokeball\":\"pokeball\",\"ability\":\"leafguard\",\"commanding\":false,\"reviving\":false,\"teraType\":\"Grass\",\"terastallized\":\"\"},{\"ident\":\"p2: Revavroom\",\"details\":\"Revavroom, L79, M\",\"condition\":\"0 fnt\",\"active\":false,\"stats\":{\"atk\":234,\"def\":188,\"spa\":131,\"spd\":151,\"spe\":188},\"moves\":[\"shiftgear\",\"highhorsepower\",\"ironhead\",\"gunkshot\"],\"baseAbility\":\"filter\",\"item\":\"lifeorb\",\"pokeball\":\"pokeball\",\"ability\":\"filter\",\"commanding\":false,\"reviving\":false,\"teraType\":\"Ground\",\"terastallized\":\"\"},{\"ident\":\"p2: Cloyster\",\"details\":\"Cloyster, L80, F\",\"condition\":\"159/211\",\"active\":false,\"stats\":{\"atk\":198,\"def\":334,\"spa\":182,\"spd\":118,\"spe\":158},\"moves\":[\"shellsmash\",\"iciclespear\",\"rockblast\",\"hydropump\"],\"baseAbility\":\"skilllink\",\"item\":\"whiteherb\",\"pokeball\":\"pokeball\",\"ability\":\"skilllink\",\"commanding\":false,\"reviving\":false,\"teraType\":\"Rock\",\"terastallized\":\"\"}]},\"rqid\":45}\n|\n|t:|1783391982\n|switch|p1a: Komala|Komala, L87, F|100/100|[from] U-turn\n|-damage|p1a: Komala|88/100|[from] Stealth Rock\n|-ability|p1a: Komala|Comatose\n|\n|upkeep\n|turn|17\n|request|{\"active\":[{\"moves\":[{\"move\":\"Thunderbolt\",\"id\":\"thunderbolt\",\"pp\":24,\"maxpp\":24,\"target\":\"normal\",\"disabled\":false},{\"move\":\"Encore\",\"id\":\"encore\",\"pp\":8,\"maxpp\":8,\"target\":\"normal\",\"disabled\":false},{\"move\":\"Nasty Plot\",\"id\":\"nastyplot\",\"pp\":31,\"maxpp\":32,\"target\":\"self\",\"disabled\":false},{\"move\":\"Alluring Voice\",\"id\":\"alluringvoice\",\"pp\":16,\"maxpp\":16,\"target\":\"normal\",\"disabled\":false}],\"canTerastallize\":\"Fairy\"}],\"side\":{\"name\":\"p0y0670e25\",\"id\":\"p2\",\"pokemon\":[{\"ident\":\"p2: Minun\",\"details\":\"Minun, L95, M\",\"condition\":\"188/268\",\"active\":true,\"stats\":{\"atk\":81,\"def\":149,\"spa\":196,\"spd\":215,\"spe\":234},\"moves\":[\"thunderbolt\",\"encore\",\"nastyplot\",\"alluringvoice\"],\"baseAbility\":\"voltabsorb\",\"item\":\"lifeorb\",\"pokeball\":\"pokeball\",\"ability\":\"voltabsorb\",\"commanding\":false,\"reviving\":false,\"teraType\":\"Fairy\",\"terastallized\":\"\"},{\"ident\":\"p2: Mudsdale\",\"details\":\"Mudsdale, L83, F\",\"condition\":\"0 fnt\",\"active\":false,\"stats\":{\"atk\":255,\"def\":214,\"spa\":139,\"spd\":189,\"spe\":106},\"moves\":[\"earthquake\",\"heavyslam\",\"stealthrock\",\"stoneedge\"],\"baseAbility\":\"stamina\",\"item\":\"leftovers\",\"pokeball\":\"pokeball\",\"ability\":\"stamina\",\"commanding\":false,\"reviving\":false,\"teraType\":\"Steel\",\"terastallized\":\"\"},{\"ident\":\"p2: Regieleki\",\"details\":\"Regieleki, L79\",\"condition\":\"0 fnt\",\"active\":false,\"stats\":{\"atk\":204,\"def\":125,\"spa\":204,\"spd\":125,\"spe\":362},\"moves\":[\"explosion\",\"thunderbolt\",\"rapidspin\",\"voltswitch\"],\"baseAbility\":\"transistor\",\"item\":\"magnet\",\"pokeball\":\"pokeball\",\"ability\":\"transistor\",\"commanding\":false,\"reviving\":false,\"teraType\":\"Electric\",\"terastallized\":\"\"},{\"ident\":\"p2: Zarude\",\"details\":\"Zarude, L77\",\"condition\":\"0 fnt\",\"active\":false,\"stats\":{\"atk\":229,\"def\":206,\"spa\":152,\"spd\":191,\"spe\":206},\"moves\":[\"knockoff\",\"swordsdance\",\"synthesis\",\"powerwhip\"],\"baseAbility\":\"leafguard\",\"item\":\"leftovers\",\"pokeball\":\"pokeball\",\"ability\":\"leafguard\",\"commanding\":false,\"reviving\":false,\"teraType\":\"Grass\",\"terastallized\":\"\"},{\"ident\":\"p2: Revavroom\",\"details\":\"Revavroom, L79, M\",\"condition\":\"0 fnt\",\"active\":false,\"stats\":{\"atk\":234,\"def\":188,\"spa\":131,\"spd\":151,\"spe\":188},\"moves\":[\"shiftgear\",\"highhorsepower\",\"ironhead\",\"gunkshot\"],\"baseAbility\":\"filter\",\"item\":\"lifeorb\",\"pokeball\":\"pokeball\",\"ability\":\"filter\",\"commanding\":false,\"reviving\":false,\"teraType\":\"Ground\",\"terastallized\":\"\"},{\"ident\":\"p2: Cloyster\",\"details\":\"Cloyster, L80, F\",\"condition\":\"159/211\",\"active\":false,\"stats\":{\"atk\":198,\"def\":334,\"spa\":182,\"spd\":118,\"spe\":158},\"moves\":[\"shellsmash\",\"iciclespear\",\"rockblast\",\"hydropump\"],\"baseAbility\":\"skilllink\",\"item\":\"whiteherb\",\"pokeball\":\"pokeball\",\"ability\":\"skilllink\",\"commanding\":false,\"reviving\":false,\"teraType\":\"Rock\",\"terastallized\":\"\"}]},\"rqid\":47}\n|inactive|Time left: 300 sec this turn | 300 sec total\n|\n|t:|1783391983\n|move|p2a: Minun|Thunderbolt|p1a: Komala\n|-damage|p1a: Komala|30/100\n|-damage|p2a: Minun|162/268|[from] item: Life Orb\n|move|p1a: Komala|Rapid Spin|p2a: Minun\n|-damage|p2a: Minun|69/268\n|-boost|p1a: Komala|spe|1\n|-sideend|p1: p0x067e4ad|Stealth Rock|[from] move: Rapid Spin|[of] p1a: Komala\n|\n|upkeep\n|turn|18\n|request|{\"active\":[{\"moves\":[{\"move\":\"Thunderbolt\",\"id\":\"thunderbolt\",\"pp\":23,\"maxpp\":24,\"target\":\"normal\",\"disabled\":false},{\"move\":\"Encore\",\"id\":\"encore\",\"pp\":8,\"maxpp\":8,\"target\":\"normal\",\"disabled\":false},{\"move\":\"Nasty Plot\",\"id\":\"nastyplot\",\"pp\":31,\"maxpp\":32,\"target\":\"self\",\"disabled\":false},{\"move\":\"Alluring Voice\",\"id\":\"alluringvoice\",\"pp\":16,\"maxpp\":16,\"target\":\"normal\",\"disabled\":false}],\"canTerastallize\":\"Fairy\"}],\"side\":{\"name\":\"p0y0670e25\",\"id\":\"p2\",\"pokemon\":[{\"ident\":\"p2: Minun\",\"details\":\"Minun, L95, M\",\"condition\":\"69/268\",\"active\":true,\"stats\":{\"atk\":81,\"def\":149,\"spa\":196,\"spd\":215,\"spe\":234},\"moves\":[\"thunderbolt\",\"encore\",\"nastyplot\",\"alluringvoice\"],\"baseAbility\":\"voltabsorb\",\"item\":\"lifeorb\",\"pokeball\":\"pokeball\",\"ability\":\"voltabsorb\",\"commanding\":false,\"reviving\":false,\"teraType\":\"Fairy\",\"terastallized\":\"\"},{\"ident\":\"p2: Mudsdale\",\"details\":\"Mudsdale, L83, F\",\"condition\":\"0 fnt\",\"active\":false,\"stats\":{\"atk\":255,\"def\":214,\"spa\":139,\"spd\":189,\"spe\":106},\"moves\":[\"earthquake\",\"heavyslam\",\"stealthrock\",\"stoneedge\"],\"baseAbility\":\"stamina\",\"item\":\"leftovers\",\"pokeball\":\"pokeball\",\"ability\":\"stamina\",\"commanding\":false,\"reviving\":false,\"teraType\":\"Steel\",\"terastallized\":\"\"},{\"ident\":\"p2: Regieleki\",\"details\":\"Regieleki, L79\",\"condition\":\"0 fnt\",\"active\":false,\"stats\":{\"atk\":204,\"def\":125,\"spa\":204,\"spd\":125,\"spe\":362},\"moves\":[\"explosion\",\"thunderbolt\",\"rapidspin\",\"voltswitch\"],\"baseAbility\":\"transistor\",\"item\":\"magnet\",\"pokeball\":\"pokeball\",\"ability\":\"transistor\",\"commanding\":false,\"reviving\":false,\"teraType\":\"Electric\",\"terastallized\":\"\"},{\"ident\":\"p2: Zarude\",\"details\":\"Zarude, L77\",\"condition\":\"0 fnt\",\"active\":false,\"stats\":{\"atk\":229,\"def\":206,\"spa\":152,\"spd\":191,\"spe\":206},\"moves\":[\"knockoff\",\"swordsdance\",\"synthesis\",\"powerwhip\"],\"baseAbility\":\"leafguard\",\"item\":\"leftovers\",\"pokeball\":\"pokeball\",\"ability\":\"leafguard\",\"commanding\":false,\"reviving\":false,\"teraType\":\"Grass\",\"terastallized\":\"\"},{\"ident\":\"p2: Revavroom\",\"details\":\"Revavroom, L79, M\",\"condition\":\"0 fnt\",\"active\":false,\"stats\":{\"atk\":234,\"def\":188,\"spa\":131,\"spd\":151,\"spe\":188},\"moves\":[\"shiftgear\",\"highhorsepower\",\"ironhead\",\"gunkshot\"],\"baseAbility\":\"filter\",\"item\":\"lifeorb\",\"pokeball\":\"pokeball\",\"ability\":\"filter\",\"commanding\":false,\"reviving\":false,\"teraType\":\"Ground\",\"terastallized\":\"\"},{\"ident\":\"p2: Cloyster\",\"details\":\"Cloyster, L80, F\",\"condition\":\"159/211\",\"active\":false,\"stats\":{\"atk\":198,\"def\":334,\"spa\":182,\"spd\":118,\"spe\":158},\"moves\":[\"shellsmash\",\"iciclespear\",\"rockblast\",\"hydropump\"],\"baseAbility\":\"skilllink\",\"item\":\"whiteherb\",\"pokeball\":\"pokeball\",\"ability\":\"skilllink\",\"commanding\":false,\"reviving\":false,\"teraType\":\"Rock\",\"terastallized\":\"\"}]},\"rqid\":49}\n|inactive|Time left: 300 sec this turn | 300 sec total\n|\n|t:|1783391983\n|-terastallize|p2a: Minun|Fairy\n|move|p1a: Komala|Rapid Spin|p2a: Minun\n|-damage|p2a: Minun|0 fnt\n|-boost|p1a: Komala|spe|1\n|faint|p2a: Minun\n|\n|upkeep\n|request|{\"forceSwitch\":[true],\"side\":{\"name\":\"p0y0670e25\",\"id\":\"p2\",\"pokemon\":[{\"ident\":\"p2: Minun\",\"details\":\"Minun, L95, M\",\"condition\":\"0 fnt\",\"active\":true,\"stats\":{\"atk\":81,\"def\":149,\"spa\":196,\"spd\":215,\"spe\":234},\"moves\":[\"thunderbolt\",\"encore\",\"nastyplot\",\"alluringvoice\"],\"baseAbility\":\"voltabsorb\",\"item\":\"lifeorb\",\"pokeball\":\"pokeball\",\"ability\":\"voltabsorb\",\"commanding\":false,\"reviving\":false,\"teraType\":\"Fairy\",\"terastallized\":\"\"},{\"ident\":\"p2: Mudsdale\",\"details\":\"Mudsdale, L83, F\",\"condition\":\"0 fnt\",\"active\":false,\"stats\":{\"atk\":255,\"def\":214,\"spa\":139,\"spd\":189,\"spe\":106},\"moves\":[\"earthquake\",\"heavyslam\",\"stealthrock\",\"stoneedge\"],\"baseAbility\":\"stamina\",\"item\":\"leftovers\",\"pokeball\":\"pokeball\",\"ability\":\"stamina\",\"commanding\":false,\"reviving\":false,\"teraType\":\"Steel\",\"terastallized\":\"\"},{\"ident\":\"p2: Regieleki\",\"details\":\"Regieleki, L79\",\"condition\":\"0 fnt\",\"active\":false,\"stats\":{\"atk\":204,\"def\":125,\"spa\":204,\"spd\":125,\"spe\":362},\"moves\":[\"explosion\",\"thunderbolt\",\"rapidspin\",\"voltswitch\"],\"baseAbility\":\"transistor\",\"item\":\"magnet\",\"pokeball\":\"pokeball\",\"ability\":\"transistor\",\"commanding\":false,\"reviving\":false,\"teraType\":\"Electric\",\"terastallized\":\"\"},{\"ident\":\"p2: Zarude\",\"details\":\"Zarude, L77\",\"condition\":\"0 fnt\",\"active\":false,\"stats\":{\"atk\":229,\"def\":206,\"spa\":152,\"spd\":191,\"spe\":206},\"moves\":[\"knockoff\",\"swordsdance\",\"synthesis\",\"powerwhip\"],\"baseAbility\":\"leafguard\",\"item\":\"leftovers\",\"pokeball\":\"pokeball\",\"ability\":\"leafguard\",\"commanding\":false,\"reviving\":false,\"teraType\":\"Grass\",\"terastallized\":\"\"},{\"ident\":\"p2: Revavroom\",\"details\":\"Revavroom, L79, M\",\"condition\":\"0 fnt\",\"active\":false,\"stats\":{\"atk\":234,\"def\":188,\"spa\":131,\"spd\":151,\"spe\":188},\"moves\":[\"shiftgear\",\"highhorsepower\",\"ironhead\",\"gunkshot\"],\"baseAbility\":\"filter\",\"item\":\"lifeorb\",\"pokeball\":\"pokeball\",\"ability\":\"filter\",\"commanding\":false,\"reviving\":false,\"teraType\":\"Ground\",\"terastallized\":\"\"},{\"ident\":\"p2: Cloyster\",\"details\":\"Cloyster, L80, F\",\"condition\":\"159/211\",\"active\":false,\"stats\":{\"atk\":198,\"def\":334,\"spa\":182,\"spd\":118,\"spe\":158},\"moves\":[\"shellsmash\",\"iciclespear\",\"rockblast\",\"hydropump\"],\"baseAbility\":\"skilllink\",\"item\":\"whiteherb\",\"pokeball\":\"pokeball\",\"ability\":\"skilllink\",\"commanding\":false,\"reviving\":false,\"teraType\":\"Rock\",\"terastallized\":\"\"}]},\"noCancel\":true,\"rqid\":51}\n|inactive|Time left: 300 sec this turn | 300 sec total | 5 sec grace\n|\n|t:|1783391983\n|switch|p2a: Cloyster|Cloyster, L80, F|159/211\n|-damage|p2a: Cloyster|107/211|[from] Stealth Rock\n|turn|19\n|request|{\"active\":[{\"moves\":[{\"move\":\"Shell Smash\",\"id\":\"shellsmash\",\"pp\":24,\"maxpp\":24,\"target\":\"self\",\"disabled\":false},{\"move\":\"Icicle Spear\",\"id\":\"iciclespear\",\"pp\":47,\"maxpp\":48,\"target\":\"normal\",\"disabled\":false},{\"move\":\"Rock Blast\",\"id\":\"rockblast\",\"pp\":16,\"maxpp\":16,\"target\":\"normal\",\"disabled\":false},{\"move\":\"Hydro Pump\",\"id\":\"hydropump\",\"pp\":8,\"maxpp\":8,\"target\":\"normal\",\"disabled\":false}]}],\"side\":{\"name\":\"p0y0670e25\",\"id\":\"p2\",\"pokemon\":[{\"ident\":\"p2: Cloyster\",\"details\":\"Cloyster, L80, F\",\"condition\":\"107/211\",\"active\":true,\"stats\":{\"atk\":198,\"def\":334,\"spa\":182,\"spd\":118,\"spe\":158},\"moves\":[\"shellsmash\",\"iciclespear\",\"rockblast\",\"hydropump\"],\"baseAbility\":\"skilllink\",\"item\":\"whiteherb\",\"pokeball\":\"pokeball\",\"ability\":\"skilllink\",\"commanding\":false,\"reviving\":false,\"teraType\":\"Rock\",\"terastallized\":\"\"},{\"ident\":\"p2: Mudsdale\",\"details\":\"Mudsdale, L83, F\",\"condition\":\"0 fnt\",\"active\":false,\"stats\":{\"atk\":255,\"def\":214,\"spa\":139,\"spd\":189,\"spe\":106},\"moves\":[\"earthquake\",\"heavyslam\",\"stealthrock\",\"stoneedge\"],\"baseAbility\":\"stamina\",\"item\":\"leftovers\",\"pokeball\":\"pokeball\",\"ability\":\"stamina\",\"commanding\":false,\"reviving\":false,\"teraType\":\"Steel\",\"terastallized\":\"\"},{\"ident\":\"p2: Regieleki\",\"details\":\"Regieleki, L79\",\"condition\":\"0 fnt\",\"active\":false,\"stats\":{\"atk\":204,\"def\":125,\"spa\":204,\"spd\":125,\"spe\":362},\"moves\":[\"explosion\",\"thunderbolt\",\"rapidspin\",\"voltswitch\"],\"baseAbility\":\"transistor\",\"item\":\"magnet\",\"pokeball\":\"pokeball\",\"ability\":\"transistor\",\"commanding\":false,\"reviving\":false,\"teraType\":\"Electric\",\"terastallized\":\"\"},{\"ident\":\"p2: Zarude\",\"details\":\"Zarude, L77\",\"condition\":\"0 fnt\",\"active\":false,\"stats\":{\"atk\":229,\"def\":206,\"spa\":152,\"spd\":191,\"spe\":206},\"moves\":[\"knockoff\",\"swordsdance\",\"synthesis\",\"powerwhip\"],\"baseAbility\":\"leafguard\",\"item\":\"leftovers\",\"pokeball\":\"pokeball\",\"ability\":\"leafguard\",\"commanding\":false,\"reviving\":false,\"teraType\":\"Grass\",\"terastallized\":\"\"},{\"ident\":\"p2: Revavroom\",\"details\":\"Revavroom, L79, M\",\"condition\":\"0 fnt\",\"active\":false,\"stats\":{\"atk\":234,\"def\":188,\"spa\":131,\"spd\":151,\"spe\":188},\"moves\":[\"shiftgear\",\"highhorsepower\",\"ironhead\",\"gunkshot\"],\"baseAbility\":\"filter\",\"item\":\"lifeorb\",\"pokeball\":\"pokeball\",\"ability\":\"filter\",\"commanding\":false,\"reviving\":false,\"teraType\":\"Ground\",\"terastallized\":\"\"},{\"ident\":\"p2: Minun\",\"details\":\"Minun, L95, M\",\"condition\":\"0 fnt\",\"active\":false,\"stats\":{\"atk\":81,\"def\":149,\"spa\":196,\"spd\":215,\"spe\":234},\"moves\":[\"thunderbolt\",\"encore\",\"nastyplot\",\"alluringvoice\"],\"baseAbility\":\"voltabsorb\",\"item\":\"lifeorb\",\"pokeball\":\"pokeball\",\"ability\":\"voltabsorb\",\"commanding\":false,\"reviving\":false,\"teraType\":\"Fairy\",\"terastallized\":\"\"}]},\"rqid\":53}\n|inactive|Time left: 300 sec this turn | 300 sec total\n|\n|t:|1783391983\n|move|p1a: Komala|Knock Off|p2a: Cloyster\n|-damage|p2a: Cloyster|57/211\n|-enditem|p2a: Cloyster|White Herb|[from] move: Knock Off|[of] p1a: Komala\n|move|p2a: Cloyster|Rock Blast|p1a: Komala\n|-damage|p1a: Komala|22/100\n|-crit|p1a: Komala\n|-damage|p1a: Komala|9/100\n|-crit|p1a: Komala\n|-damage|p1a: Komala|0 fnt\n|faint|p1a: Komala\n|-hitcount|p1: Komala|3\n|\n|upkeep\n|request|{\"wait\":true,\"side\":{\"name\":\"p0y0670e25\",\"id\":\"p2\",\"pokemon\":[{\"ident\":\"p2: Cloyster\",\"details\":\"Cloyster, L80, F\",\"condition\":\"57/211\",\"active\":true,\"stats\":{\"atk\":198,\"def\":334,\"spa\":182,\"spd\":118,\"spe\":158},\"moves\":[\"shellsmash\",\"iciclespear\",\"rockblast\",\"hydropump\"],\"baseAbility\":\"skilllink\",\"item\":\"\",\"pokeball\":\"pokeball\",\"ability\":\"skilllink\",\"commanding\":false,\"reviving\":false,\"teraType\":\"Rock\",\"terastallized\":\"\"},{\"ident\":\"p2: Mudsdale\",\"details\":\"Mudsdale, L83, F\",\"condition\":\"0 fnt\",\"active\":false,\"stats\":{\"atk\":255,\"def\":214,\"spa\":139,\"spd\":189,\"spe\":106},\"moves\":[\"earthquake\",\"heavyslam\",\"stealthrock\",\"stoneedge\"],\"baseAbility\":\"stamina\",\"item\":\"leftovers\",\"pokeball\":\"pokeball\",\"ability\":\"stamina\",\"commanding\":false,\"reviving\":false,\"teraType\":\"Steel\",\"terastallized\":\"\"},{\"ident\":\"p2: Regieleki\",\"details\":\"Regieleki, L79\",\"condition\":\"0 fnt\",\"active\":false,\"stats\":{\"atk\":204,\"def\":125,\"spa\":204,\"spd\":125,\"spe\":362},\"moves\":[\"explosion\",\"thunderbolt\",\"rapidspin\",\"voltswitch\"],\"baseAbility\":\"transistor\",\"item\":\"magnet\",\"pokeball\":\"pokeball\",\"ability\":\"transistor\",\"commanding\":false,\"reviving\":false,\"teraType\":\"Electric\",\"terastallized\":\"\"},{\"ident\":\"p2: Zarude\",\"details\":\"Zarude, L77\",\"condition\":\"0 fnt\",\"active\":false,\"stats\":{\"atk\":229,\"def\":206,\"spa\":152,\"spd\":191,\"spe\":206},\"moves\":[\"knockoff\",\"swordsdance\",\"synthesis\",\"powerwhip\"],\"baseAbility\":\"leafguard\",\"item\":\"leftovers\",\"pokeball\":\"pokeball\",\"ability\":\"leafguard\",\"commanding\":false,\"reviving\":false,\"teraType\":\"Grass\",\"terastallized\":\"\"},{\"ident\":\"p2: Revavroom\",\"details\":\"Revavroom, L79, M\",\"condition\":\"0 fnt\",\"active\":false,\"stats\":{\"atk\":234,\"def\":188,\"spa\":131,\"spd\":151,\"spe\":188},\"moves\":[\"shiftgear\",\"highhorsepower\",\"ironhead\",\"gunkshot\"],\"baseAbility\":\"filter\",\"item\":\"lifeorb\",\"pokeball\":\"pokeball\",\"ability\":\"filter\",\"commanding\":false,\"reviving\":false,\"teraType\":\"Ground\",\"terastallized\":\"\"},{\"ident\":\"p2: Minun\",\"details\":\"Minun, L95, M\",\"condition\":\"0 fnt\",\"active\":false,\"stats\":{\"atk\":81,\"def\":149,\"spa\":196,\"spd\":215,\"spe\":234},\"moves\":[\"thunderbolt\",\"encore\",\"nastyplot\",\"alluringvoice\"],\"baseAbility\":\"voltabsorb\",\"item\":\"lifeorb\",\"pokeball\":\"pokeball\",\"ability\":\"voltabsorb\",\"commanding\":false,\"reviving\":false,\"teraType\":\"Fairy\",\"terastallized\":\"\"}]},\"rqid\":55}\n|\n|t:|1783391984\n|switch|p1a: Munkidori|Munkidori, L79, M, tera:Dark|61/100\n|turn|20\n|request|{\"active\":[{\"moves\":[{\"move\":\"Shell Smash\",\"id\":\"shellsmash\",\"pp\":24,\"maxpp\":24,\"target\":\"self\",\"disabled\":false},{\"move\":\"Icicle Spear\",\"id\":\"iciclespear\",\"pp\":47,\"maxpp\":48,\"target\":\"normal\",\"disabled\":false},{\"move\":\"Rock Blast\",\"id\":\"rockblast\",\"pp\":15,\"maxpp\":16,\"target\":\"normal\",\"disabled\":false},{\"move\":\"Hydro Pump\",\"id\":\"hydropump\",\"pp\":8,\"maxpp\":8,\"target\":\"normal\",\"disabled\":false}]}],\"side\":{\"name\":\"p0y0670e25\",\"id\":\"p2\",\"pokemon\":[{\"ident\":\"p2: Cloyster\",\"details\":\"Cloyster, L80, F\",\"condition\":\"57/211\",\"active\":true,\"stats\":{\"atk\":198,\"def\":334,\"spa\":182,\"spd\":118,\"spe\":158},\"moves\":[\"shellsmash\",\"iciclespear\",\"rockblast\",\"hydropump\"],\"baseAbility\":\"skilllink\",\"item\":\"\",\"pokeball\":\"pokeball\",\"ability\":\"skilllink\",\"commanding\":false,\"reviving\":false,\"teraType\":\"Rock\",\"terastallized\":\"\"},{\"ident\":\"p2: Mudsdale\",\"details\":\"Mudsdale, L83, F\",\"condition\":\"0 fnt\",\"active\":false,\"stats\":{\"atk\":255,\"def\":214,\"spa\":139,\"spd\":189,\"spe\":106},\"moves\":[\"earthquake\",\"heavyslam\",\"stealthrock\",\"stoneedge\"],\"baseAbility\":\"stamina\",\"item\":\"leftovers\",\"pokeball\":\"pokeball\",\"ability\":\"stamina\",\"commanding\":false,\"reviving\":false,\"teraType\":\"Steel\",\"terastallized\":\"\"},{\"ident\":\"p2: Regieleki\",\"details\":\"Regieleki, L79\",\"condition\":\"0 fnt\",\"active\":false,\"stats\":{\"atk\":204,\"def\":125,\"spa\":204,\"spd\":125,\"spe\":362},\"moves\":[\"explosion\",\"thunderbolt\",\"rapidspin\",\"voltswitch\"],\"baseAbility\":\"transistor\",\"item\":\"magnet\",\"pokeball\":\"pokeball\",\"ability\":\"transistor\",\"commanding\":false,\"reviving\":false,\"teraType\":\"Electric\",\"terastallized\":\"\"},{\"ident\":\"p2: Zarude\",\"details\":\"Zarude, L77\",\"condition\":\"0 fnt\",\"active\":false,\"stats\":{\"atk\":229,\"def\":206,\"spa\":152,\"spd\":191,\"spe\":206},\"moves\":[\"knockoff\",\"swordsdance\",\"synthesis\",\"powerwhip\"],\"baseAbility\":\"leafguard\",\"item\":\"leftovers\",\"pokeball\":\"pokeball\",\"ability\":\"leafguard\",\"commanding\":false,\"reviving\":false,\"teraType\":\"Grass\",\"terastallized\":\"\"},{\"ident\":\"p2: Revavroom\",\"details\":\"Revavroom, L79, M\",\"condition\":\"0 fnt\",\"active\":false,\"stats\":{\"atk\":234,\"def\":188,\"spa\":131,\"spd\":151,\"spe\":188},\"moves\":[\"shiftgear\",\"highhorsepower\",\"ironhead\",\"gunkshot\"],\"baseAbility\":\"filter\",\"item\":\"lifeorb\",\"pokeball\":\"pokeball\",\"ability\":\"filter\",\"commanding\":false,\"reviving\":false,\"teraType\":\"Ground\",\"terastallized\":\"\"},{\"ident\":\"p2: Minun\",\"details\":\"Minun, L95, M\",\"condition\":\"0 fnt\",\"active\":false,\"stats\":{\"atk\":81,\"def\":149,\"spa\":196,\"spd\":215,\"spe\":234},\"moves\":[\"thunderbolt\",\"encore\",\"nastyplot\",\"alluringvoice\"],\"baseAbility\":\"voltabsorb\",\"item\":\"lifeorb\",\"pokeball\":\"pokeball\",\"ability\":\"voltabsorb\",\"commanding\":false,\"reviving\":false,\"teraType\":\"Fairy\",\"terastallized\":\"\"}]},\"rqid\":57}\n|inactive|Time left: 300 sec this turn | 300 sec total\n|\n|t:|1783391984\n|move|p1a: Munkidori|Psychic Noise|p2a: Cloyster\n|-damage|p2a: Cloyster|0 fnt\n|faint|p2a: Cloyster\n|\n|win|p0x067e4ad", "uploadtime": 1783391984, "views": 0, "rating": 0, "private": 0, "password": null, "_winner": "p0x067e4ad", "_our_name": "p0y0670e25"}aseAbility\":\"comatose\",\"item\":\"assaultvest\",\"pokeball\":\"pokeball\",\"ability\":\"comatose\",\"commanding\":false,\"reviving\":false,\"teraType\":\"Ghost\",\"terastallized\":\"\"}]},\"rqid\":56}\n|inactive|Time left: 300 sec this turn | 300 sec total\n|\n|t:|1783391984\n|move|p1a: Munkidori|Psychic Noise|p2a: Cloyster\n|-damage|p2a: Cloyster|0 fnt\n|faint|p2a: Cloyster\n|\n|win|p0x067e4ad", "uploadtime": 1783391984, "views": 0, "rating": 0, "private": 0, "password": null, "_winner": "p0x067e4ad", "_our_name": "p0x067e4ad"}